3840 6098
108 182 167 247 stt
847 188 1066 252 PHAEHATlO.
1745 194 1811 258 stt·

106 335 165 396 pro
190 320 318 380 triam
341 320 576 382 rescribendum
614 321 786 394 contendit,
811 320 1055 382 reclamantibus
1080 340 1142 381 una
1179 321 1325 384 omuibus
1346 340 1422 385 mss.
1451 323 1606 403 editisque
1634 304 1737 402 libris,
1773 330 1806 389 st

106 414 192 495 quod
221 415 321 493 pluris
345 423 403 490 est,
433 424 519 479 recta
541 419 610 497 ipsa
634 423 811 497 temporum
834 419 966 479 ratione.
994 418 1076 479 Satis
1099 419 1224 479 abunde
1247 417 1330 481 hanc
1344 421 1576 482 confutavimus
1589 422 1805 500 conjecturam

104 512 309 574 eruditissimi
336 517 528 593 caeteroquin
557 516 628 588 viri,
654 521 685 576 et
712 516 761 576 cui
794 533 919 576 summa
955 515 1061 575 omnia
1098 516 1275 591 tribuimus,
1309 518 1348 578 ad
1384 518 1587 598 epistolarum
1628 519 1660 579 in
1697 524 1806 583 nostra

104 610 285 670 recensione
320 613 359 671 57
395 618 426 672 et
456 613 496 672 60
526 612 772 690 Cbronologioas
807 614 915 673 Notas.
945 613 1143 691 Quamquam
1173 613 1258 674 aliud
1287 615 1526 694 pretermittere
1557 634 1620 676 non
1659 633 1801 694 possum,
1901 594 1914 607 ’

102 707 188 785 quod
216 706 305 767 illum
335 726 373 768 ex
397 715 615 788 praeconcepta
648 709 795 786 opinione
826 709 857 768 in
883 727 1020 770 errorem
1048 709 1208 771 induxisse
1231 710 1334 784 video,
1366 731 1438 773 cum
1462 712 1686 792 adSophoniae
1707 718 1805 793 eaput

102 804 231 864 tertium
262 803 383 865 laudari
420 806 477 866 abs
505 807 696 885 Hieronymo
721 807 969 867 Commentarios
997 806 1029 867 in
1057 808 1169 868 Jonam
1200 809 1372 870 contendit.
1402 811 1543 889 Cumque
1576 828 1638 871 non
1665 811 1801 886 dubitet,

100 899 198 961 hosce
218 900 280 961 illis
303 903 491 981 posteriores
512 921 591 976 esse,
613 902 710 963 immo
732 903 802 981 plus
834 922 925 983 aequo
960 903 1053 964 etiam
1079 904 1233 966 disserat:
1262 910 1296 966 ut
1317 906 1357 967 ab
1381 907 1440 968 hac
1465 927 1498 968 se
1530 906 1677 987 expediat
1717 907 1802 969 diiii·

91 997 229 1072 cultate,
256 997 409 1061 Brem'ores
439 1001 512 1061 otios
536 998 788 1074 Commemtom'os,
820 1020 900 1079 quos
924 1020 1021 1081 supra
1043 1003 1237 1063 ostendimus
1259 1023 1416 1084 nusquam
1440 1005 1604 1077 exstitisse,
1640 1004 1683 1065 ibi
1708 1005 1801 1084 quasi

92 1094 200 1173 digito
229 1097 333 1157 notari
356 1097 411 1170 ait,
437 1098 560 1177 hocque
583 1097 642 1158 sibi
667 1103 757 1177 putat
779 1098 969 1175 palmarium
994 1099 1149 1160 invenisse
1174 1101 1333 1179 quomodo
1360 1121 1439 1181 opus
1463 1107 1630 1177 astrueret,
1657 1107 1800 1179 auctore,

90 1199 134 1252 ut
159 1191 221 1252 sibi
242 1192 376 1265 videtur,
399 1192 601 1273 fidejubeute.
627 1197 668 1255 At
689 1213 762 1254 vero
786 1194 863 1254 nihil
885 1213 1004 1270 eorum,
1036 1214 1107 1274 quae
1137 1196 1196 1255 sibi
1216 1196 1317 1275 fingit,
1347 1216 1384 1258 eo
1411 1198 1493 1275 loco,
1521 1204 1577 1259 aut
1599 1198 1690 1259 ullibi
1716 1199 1801 1261 inve·

91 1289 178 1349 nias.
196 1290 277 1362 Quin
293 1291 469 1352 econtrario
485 1311 556 1352 cum
572 1291 688 1370 passim
703 1292 748 1352 ibi
761 1293 850 1353 Jonae
867 1292 1046 1353 testimonia
1061 1310 1118 1371 pro
1134 1310 1167 1352 re
1179 1298 1254 1354 nata
1268 1294 1376 1355 laudet
1403 1298 1436 1358 S.
1460 1297 1566 1364 Pater,
1591 1295 1712 1358 nullam
1741 1313 1801 1359 usu

84 1388 194 1449 verbo
209 1393 303 1448 tenus
317 1387 373 1449 abs
386 1406 419 1449 se
444 1389 590 1450 adornati
613 1389 645 1448 in
669 1407 741 1449 eum
765 1389 953 1468 prophetam
978 1390 1202 1451 Commentarii
1231 1392 1421 1453 mentionem
1445 1392 1580 1470 ingerit:
1605 1398 1715 1472 estque
1739 1393 1800 1456 hoa

85 1486 201 1564 ipsum
218 1484 375 1546 silentium
392 1485 596 1547 exsulilundae
612 1485 658 1546 illi
672 1485 814 1564 opinioni
828 1486 1039 1547 utilissimum.
1056 1488 1210 1548 Caeterum
1230 1493 1265 1549 ut
1279 1489 1319 1548 ad
1335 1489 1515 1566 genuinam,
1542 1507 1606 1568 qua
1630 1490 1669 1551 de
1696 1508 1800 1552 sermo

85 1587 167 1644 erat
181 1581 439 1661 explanationem
454 1583 543 1643 Jonae
558 1582 695 1656 redeam,
720 1582 807 1643 illam
832 1601 935 1661 neque
958 1583 1057 1644 serius
1080 1602 1117 1644 eo
1141 1602 1233 1662 quem
1258 1584 1405 1659 diximus,
1434 1587 1639 1665 nonagesimo
1662 1586 1798 1665 septimo

80 1699 197 1759 supra
209 1680 460 1742 trecentesimum
476 1697 560 1740 anuo
575 1679 699 1740 differre
711 1680 831 1759 patitur
846 1680 979 1741 alterum
994 1680 1128 1758 ejusmet
1148 1681 1180 1741 S.
1209 1683 1311 1742 Patris
1340 1682 1553 1744 testimonium
1579 1683 1611 1744 in
1636 1684 1800 1746 Commen-

80 1776 187 1837 tariis
200 1777 233 1837 in
246 1776 386 1837 Hatthaei
401 1782 496 1854 caput
511 1776 743 1837 duodecimum.
760 1776 804 1838 De
819 1781 882 1848 boc,
897 1776 1001 1855 inquit
1011 1777 1112 1856 (signo
1128 1777 1246 1839 scilicet
1259 1778 1358 1859 Jonae)
1372 1778 1489 1860 plenius
1513 1781 1545 1840 iu
1575 1779 1800 1842 Commentariis

77 1875 180 1936 Jonae
191 1872 342 1955 propbeta
357 1873 579 1953 disputavimus.
599 1872 724 1934 Scilicet
739 1872 818 1933 nibil
832 1878 880 1933 est
894 1873 1035 1951 dubium,
1048 1882 1078 1935 et
1093 1892 1150 1935 suo
1165 1893 1223 1935 nos
1237 1876 1305 1937 loco
1320 1876 1501 1938 certissimis
1514 1877 1711 1956 argumentis
1721 1895 1796 1956 pro·

80 1972 253 2034 bebimus.
271 1973 303 2032 S.
321 1973 486 2033 Doctorem
501 1971 541 2032 ad
556 1970 692 2032 medium
709 1970 902 2049 insequentis
917 1971 992 2032 anni
1007 1972 1066 2034 398
1082 1972 1266 2034 Matthaeum
1281 1991 1447 2052 perquam
1462 1981 1652 2054 properante
1673 1974 1796 2037 calamo

82 2069 288 2148 exposuisse.

134 2165 398 2247 Explanatiouem
414 2165 522 2228 sbdiae
537 2164 677 2228 huiomet
691 2184 786 2240 auno,
810 2166 861 2227 cui
875 2166 1124 2228 Commentarios
1147 2167 1179 2227 in
1202 2169 1326 2243 Jonam,
1356 2169 1426 2248 pari
1454 2187 1608 2231 consensu
1636 2169 1798 2231 ascribunt

91 2265 229 2338 cruditi,
259 2263 335 2344 quin
363 2264 458 2326 etiam
487 2264 537 2324 his
560 2263 647 2324 illam
677 2263 787 2324 ordine
825 2282 862 2324 ec
895 2265 1045 2344 temporis
1078 2265 1290 2344 praerogativa
1321 2267 1514 2345 praecessisse
1542 2272 1719 2329 autumant.
1751 2272 1797 2328 Ac

75 2364 252 2424 rationem
278 2361 418 2441 quidem,
443 2381 515 2440 quse
539 2361 641 2440 prima
663 2362 765 2421 fronte
789 2361 962 2422 certissima
986 2362 1140 2435 videatur,
1165 2381 1203 2424 ex
1227 2363 1296 2443 ipso
1319 2370 1476 2443 repetunt.
1501 2364 1684 2444 Hieronymi
1709 2363 1797 2425 testi·

72 2460 216 2533 monio,
232 2458 317 2539 quod
348 2459 441 2520 modo
471 2458 670 2520 laudavimus
703 2477 719 2517 e
748 2458 932 2537 prefatione
954 2459 1256 2521 Commentariorum
1285 2460 1317 2519 in
1347 2464 1460 2521 Amos:
1494 2460 1591 2521 lertio
1616 2470 1684 2543 post
1716 2460 1801 2540 teupi

102 2558 238 2637 emporii
273 2555 420 2617 sitentium
449 2552 577 2617 Atidium
607 2564 634 2615 et
659 2554 765 2616 tonum
795 2554 852 2616 titt
875 2557 1036 2636 imperanti
1061 2554 1211 2616 edisserui.
1237 2556 1443 2618 Nihilosecius
1472 2557 1570 2619 multo
1599 2557 1677 2618 mihi
1706 2556 1799 2618 aliter

61 2672 280 2732 persuasum
297 2659 355 2727 est,
376 2670 414 2714 ac
440 2670 518 2732 pace
547 2652 679 2714 dixerim
708 2659 842 2732 receptae
869 2653 965 2732 vulgo
993 2654 1167 2728 sententia,
1190 2659 1313 2715 tantum
1346 2653 1446 2726 abest,
1463 2656 1499 2714 ut
1522 2658 1674 2736 σνγχρόνυς
1702 2654 1797 2716 hasco
1849 2642 1852 2647 ¹

57 2757 202 2830 putem
232 2750 479 2823 lucubrationes,
516 2750 592 2829 quin
625 2752 729 2830 potius
772 2750 915 2824 alteram,
944 2751 1008 2811 sive
1050 2770 1120 2828 quae
1147 2750 1280 2811 Abdiam
1309 2751 1467 2829 explanat,
1494 2751 1618 2829 integro
1644 2751 1796 2813 recoctio

61 2867 162 2909 rem
198 2866 265 2909 esse
287 2848 379 2908 velim
409 2847 635 2927 quinquennio.
671 2849 709 2908 Et
741 2866 815 2908 vero
849 2846 964 2922 dicam,
994 2864 1050 2907 cur
1077 2865 1140 2907 non
1169 2847 1209 2907 sit
1231 2847 1277 2906 illi
1304 2847 1483 2909 testimonio
1513 2848 1792 2927 acquiescendum,

62 2952 249 3007 autcerte
276 2963 338 3024 qua
365 2945 406 3006 sit
431 2944 612 3025 acceptione
627 2945 861 3025 explicandum.
889 2946 968 3005 Nam
984 2945 1193 3024 Hieronymus
1214 2963 1272 3024 par
1286 2945 1369 3005 istud
1398 2945 1624 3024 prophetarum
1648 2945 1706 3006 sub
1731 2964 1796 3006 uua

54 3041 230 3122 jungens
258 3043 450 3118 recensione,
481 3062 544 3104 non
583 3062 646 3121 quo
674 3047 845 3120 utrumque
873 3060 956 3103 anno
983 3042 1174 3120 exposuerit,
1204 3043 1257 3103 sed
1291 3060 1386 3120 quem
1414 3042 1484 3122 ipsi,
1516 3041 1625 3104 habito
1653 3042 1691 3102 ad
1719 3041 1794 3103 reli·

67 3156 232 3218 quorum
248 3139 502 3219 explanationem
529 3145 682 3217 respectu,
708 3139 862 3211 ordinem,
879 3138 942 3200 sive
957 3139 1061 3199 locum
1087 3138 1277 3211 obtinerent,
1301 3139 1444 3201 docuisse
1473 3139 1582 3200 voluit.
1613 3138 1679 3200 Sub
1706 3138 1800 3200 tertia

66 3233 194 3315 igitur
207 3237 288 3298 serie
315 3255 352 3298 ac
379 3236 476 3297 veluti
505 3237 604 3297 classe
632 3234 725 3306 locat,
753 3235 848 3314 idque
876 3240 912 3296 ut
936 3235 1144 3310 verissimum,
1174 3236 1220 3296 ita
1247 3237 1454 3316 etproposito
1484 3256 1541 3299 suo
1567 3236 1644 3298 satis
1670 3236 1797 3298 abunde

73 3332 177 3394 fnit:
195 3352 298 3413 neque
323 3334 405 3394 enim
431 3339 509 3412 quot
531 3351 685 3394 annorum
709 3333 838 3412 periodo
861 3332 969 3394 classis
991 3333 1060 3412 ipsa
1083 3333 1276 3406 definiretur,
1305 3335 1409 3396 dicere
1438 3334 1637 3406 instituerat;
1674 3339 1706 3394 et
1729 3350 1801 3394 oum

77 3432 156 3504 ait,
181 3440 251 3513 post
279 3430 361 3511 lonyi
382 3440 521 3510 temporis
550 3430 697 3492 sitentium
727 3429 850 3491 duobus
876 3429 963 3490 hisce
990 3428 1154 3509 prophetis
1182 3430 1425 3508 interpretandis
1449 3429 1626 3490 admovisse
1656 3445 1800 3501 manum,

77 3521 259 3607 integrum
284 3527 395 3588 lectori
423 3526 561 3606 reliquit,
591 3526 701 3600 immo,
731 3527 757 3586 si
786 3526 862 3605 quid
892 3525 994 3599 video,
1025 3544 1088 3586 nou
1116 3526 1248 3589 obscure
1270 3527 1385 3600 innuit,
1414 3527 1544 3605 longum
1573 3527 1651 3586 illud
1679 3524 1808 3585 tametsi

82 3619 214 3687 incerti
242 3624 393 3704 temporis
422 3624 571 3703 spatium,
602 3622 734 3685 necdum
761 3622 802 3683 ab
831 3623 870 3683 iis
896 3640 976 3702 quos
1005 3622 1143 3682 secunda
1165 3622 1263 3683 classe
1287 3623 1452 3695 recensuit,
1477 3623 1531 3684 sed
1555 3621 1637 3683 iuter
1663 3621 1810 3701 ipsorum,

80 3714 235 3784 invicem
263 3722 492 3802 prophetarum
519 3721 608 3782 Jonae
647 3719 821 3799 Abdiaeque
857 3719 1084 3800 expositionem
1107 3724 1231 3798 putare.
1271 3719 1415 3780 Proiecto
1448 3737 1506 3779 nec
1542 3719 1584 3780 ad
1621 3702 1812 3803 Hieronymi

83 3821 292 3898 quidemest
321 3824 471 3892 mentem,
502 3818 586 3897 quod
618 3817 754 3878 triennio
783 3815 992 3889 concluditur,
1009 3816 1140 3895 longum
1169 3822 1311 3895 tempus;
1342 3817 1422 3877 bene
1450 3834 1535 3889 vero,
1551 3817 1577 3876 si
1600 3815 1686 3894 quod
1700 3813 1807 3894 posul-

83 3928 187 3994 tnus,
211 3917 300 3995 illud,
329 3922 362 3978 et
388 3916 596 3996 quinquenni,
623 3914 710 3995 quod
742 3913 870 3993 insuper
905 3912 1081 3975 intercessit
1116 3913 1155 3974 ab
1191 3913 1283 3984 Joua,
1319 3912 1456 3991 spatium
1499 3930 1562 3973 una
1594 3909 1806 3990 computavit.

90 4008 242 4076 Proinde
268 4032 327 4076 uec
358 4012 467 4076 debuit
495 4016 527 4075 S.
551 4013 698 4074 Peterin
726 4013 805 4073 duas
833 4017 1002 4088 utramque
1039 4009 1290 4072 lucubrationem
1319 4009 1434 4071 classes
1461 4009 1630 4090 dispertiri,
1655 4010 1689 4069 in
1718 4024 1809 4070 suam

85 4124 263 4191 quamque
285 4129 344 4189 pro
369 4110 521 4189 temporis
547 4109 671 4171 ratione
700 4108 860 4180 tribuens;
891 4124 964 4169 nam
994 4107 1052 4167 etsi
1081 4107 1215 4168 multum
1243 4107 1325 4167 inter
1351 4124 1385 4167 se
1409 4106 1642 4179 aetatedistent,
1672 4105 1750 4184 quin
1780 4108 1813 4168 ot
1905 4113 1908 4118 '

88 4207 206 4288 major
229 4206 271 4268 ab
298 4208 380 4269 Jona
406 4206 447 4267 ad
469 4204 616 4280 Abdiam,
642 4222 738 4284 quam
763 4222 782 4264 a
806 4203 960 4283 superiori
981 4204 1078 4264 classe
1106 4204 1149 4264 ad
1176 4204 1280 4282 ipsum
1301 4205 1415 4265 Jouam
1439 4203 1641 4265 interstitium
1662 4201 1721 4263 sit:
1739 4192 1813 4262 oon·

92 4305 388 4367 nuttotamenuna
416 4303 644 4383 comprehendi
658 4303 747 4376 serie,
779 4320 851 4363 cum
868 4320 930 4363 non
966 4300 1045 4362 alios
1073 4301 1244 4381 propbetas
1276 4306 1341 4363 tota
1363 4301 1419 4362 illa
1446 4300 1579 4380 periodo
1602 4299 1697 4362 luerit
1719 4298 1816 4359 inter·

95 4409 258 4478 prelatus,
289 4403 409 4482 bosque
437 4401 523 4480 ipsos
556 4400 612 4462 uui
649 4399 815 4478 eidemque
844 4397 1054 4460 Pammachio
1095 4397 1298 4477 inscripserit.
1324 4400 1390 4459 Hoc
1417 4402 1606 4477 praenotato.
1644 4395 1699 4474 qui
1729 4410 1811 4454 unus

96 4499 210 4560 luerat
224 4497 377 4560 institutae
392 4496 761 4577 disputationisscopus,
791 4514 854 4556 non
879 4493 941 4556 alia
964 4492 1004 4555 de
1026 4513 1121 4556 causa
1145 4495 1280 4556 abdiam
1296 4495 1487 4556 recensendo
1504 4490 1688 4574 preposuit,
1718 4506 1815 4568 quam

98 4597 191 4674 qnod
208 4595 269 4656 sibi
283 4596 484 4657 succedentes
512 4594 684 4674 prophetas
712 4593 752 4654 ad
779 4593 949 4672 Scripturas
976 4590 1103 4653 obvium
1133 4591 1233 4668 magis
1267 4591 1410 4652 ordinem
1439 4588 1636 4651 memoravit.
1664 4582 1815 4663 Alioquin

98 4684 179 4754 huic
207 4692 347 4773 primum
370 4692 549 4753 existimare
565 4689 755 4770 impendisse
773 4708 914 4769 operam,
945 4710 1047 4772 neque
1076 4708 1133 4769 per
1163 4689 1359 4749 adversarias
1385 4688 1522 4748 rationes
1543 4686 1626 4747 licet.
1656 4681 1738 4756 Quid
1766 4679 1816 4743 bis

100 4803 219 4870 nempe
236 4789 412 4850 clariusest
426 4789 529 4849 verbis
564 4788 697 4866 prologo
729 4787 760 4845 in
789 4786 892 4866 ipsum
927 4789 1042 4852 ionem
1059 4805 1067 4847 t
1087 4787 1181 4848 Tanto
1201 4793 1267 4866 post
1299 4795 1426 4863 tempore
1454 4803 1472 4845 o
1498 4783 1577 4844 tona
1593 4775 1818 4860 interpretandi
1891 4824 1897 4836 .

101 4885 417 4967 sumoprinctpsism?
451 4883 532 4962 Nigil
549 4890 595 4945 est
609 4885 704 4963 igitur
728 4901 791 4961 quo
822 4885 960 4964 vulgaris
988 4884 1181 4946 innitebatur
1208 4881 1414 4942 fundamento
1448 4879 1622 4953 sententia;
1649 4877 1718 4955 jam
1750 4890 1817 4953 qus

103 4976 147 5042 de
172 4999 269 5043 musa
294 5000 352 5044 nos
378 4981 607 5060 quinquennio,
636 4981 700 5042 sive
728 4980 768 5040 ad
797 4999 915 5041 aunum
945 5001 1043 5063 usque
1069 4978 1414 5059 quadringentesimum
1437 4977 1564 5039 tertium
1588 4975 1685 5036 hosce
1710 4974 1805 5034 Com·

111 5078 282 5141 menterios
315 5077 518 5159 protelemus,
555 5077 763 5157 aperiendum
797 5084 854 5138 est.
884 5079 1029 5142 Palmare
1062 5082 1284 5157 argumentum
1311 5074 1475 5154 ipsiusmet
1503 5071 1639 5134 auctoris
1666 5065 1812 5151 praelatio

109 5175 142 5234 in
168 5176 253 5236 hunc
277 5175 390 5236 librum
419 5174 601 5256 suppeditat
628 5193 665 5235 ex
681 5192 784 5235 rerum
814 5193 892 5253 quas
921 5182 1029 5238 narrat
1043 5175 1132 5238 serie.
1150 5173 1212 5235 Sed
1226 5173 1269 5233 ait
1283 5171 1323 5232 ab
1345 5189 1383 5233 eo
1398 5177 1540 5251 tempore
1564 5186 1627 5249 quo
1651 5165 1814 5247 specimen

113 5271 205 5353 hujus
253 5272 478 5335 Commentarii
507 5274 537 5334 iu
574 5271 768 5333 odolescentia
797 5278 983 5349 tentaverat,
1012 5274 1136 5354 triyiutu
1176 5271 1246 5350 jum
1271 5287 1364 5330 onum
1397 5269 1430 5328 io
1455 5267 1514 5329 Dei
1537 5284 1624 5347 opere
1651 5283 1686 5327 uc
1713 5260 1820 5324 tubere

114 5370 252 5433 Messe:
288 5370 429 5451 illudque
462 5373 566 5452 ipsum
598 5376 720 5450 tempus
755 5370 848 5451 quale
876 5371 982 5447 fuerit,
1016 5370 1148 5433 inferius
1175 5366 1327 5438 declarat,
1363 5364 1482 5448 quoodo
1516 5362 1636 5443 egressi,
1657 5358 1822 5449 iuquiens,

116 5469 155 5530 mi
175 5467 363 5546 Pummocm',
384 5467 512 5533 sabotam
543 5467 706 5547 rimorum,
735 5464 850 5533 diuerso
870 5467 967 5535 studio
1000 5468 1189 5557 tuebamur:
1212 5460 1331 5549 quoodo
1360 5480 1414 5549 eye
1442 5470 1472 5526 et
1491 5457 1670 5528 Heliodorus
1704 5452 1824 5551 clarite)
