3818 6104
117 269 180 337 osa
747 276 781 341 s.
804 278 960 343 nnsoan
980 275 1203 353 atnaonrttt
1761 277 1823 356 tot

119 411 223 482 Recipit
236 409 312 470 matu
331 426 381 466 cna
396 410 426 466 in
440 398 498 466 viia
512 425 565 467 sna
590 409 665 484 (luc.
692 415 751 482 xm)
774 413 855 471 Unde
882 414 939 472 scis
955 416 1056 479 Aaou
1071 413 1149 485 quod
1165 411 1243 470 Deus
1257 428 1324 471 vere
1336 410 1477 479 electrum
1491 411 1540 473 sit.
1555 412 1590 483 lli
1601 413 1753 488 quomado
1766 431 1821 479 asa

119 499 334 570 auroceperint
357 499 406 570 qui
434 500 463 556 in
492 500 602 556 diluvio
629 509 700 559 sunt
728 504 833 575 necati,
865 503 942 560 mala
997 500 1269 559 esttaleeleetram
1286 503 1695 576 Deus,qualevedebatur:sis
1709 511 1823 564 nouem

119 604 173 644 sua
192 587 221 641 in
245 586 304 643 vita
329 589 435 648 tunde
458 590 533 645 nosti
558 594 697 648 utrumne
726 592 860 649 restituta
884 593 943 649 sint
996 590 1064 647 talis
1080 591 1267 664 ignis‚qualis
1283 609 1300 648 a
1314 592 1435 649 renibus
1450 593 1591 664 usquead
1606 593 1717 666 pedum
1735 593 1818 657 duom

117 677 249 734 Sodomae
266 681 295 732 et
309 677 477 735 Gomorrha
494 679 570 736 mala
581 681 675 736 suain
690 682 751 737 vita
771 699 827 738 sua
840 682 854 737 ‘l
868 683 941 738 nudi
997 678 1141 752 apparuit.
1159 679 1238 752 lgnis
1253 680 1308 738 isto
1319 680 1508 750 consumit‚st
1519 697 1576 739 uon
1591 686 1636 739 est
1650 683 1817 755 appositam

117 766 320 823 testimonium
336 767 564 840 Scripturarum.
575 769 626 826 Vis
641 771 820 827 Testamenti
837 773 942 829 veteris
996 769 1066 841 quid
1082 774 1245 836 consumat,
1262 773 1296 825 ut
1308 774 1342 825 tu
1357 786 1490 842 quarens
1504 769 1724 844 mpsriasauid
1739 772 1817 849 sitii·

116 855 321 913 testimonium
337 857 448 914 discere
463 858 477 913 t
492 858 535 915 vis
550 860 615 916 novi
632 861 766 917 edoceret
778 863 943 918 destituetur
995 856 1058 923 lud,
1070 859 1148 931 quod
1164 875 1181 916 a
1195 858 1243 914 Dei
1260 858 1327 932 igne
1342 858 1709 921 consummaremur
1723 866 1816 921 uesnr

118 944 225 1001 Sedena
235 949 265 1001 in
279 949 425 1015 antiquum
440 966 449 1002 :
464 952 493 1003 et
507 948 603 1005 adhuc
614 949 732 1006 dubitas
744 967 781 1005 an
798 951 892 1007 bonus
902 950 942 1008 sit
995 946 1072 1019 ignis
1083 962 1261 1004 consumens
1276 951 1320 1004 eat
1330 947 1548 1015 (Damastouid
1564 949 1715 1009 consumit
1732 950 1817 1025 (alig-

117 1034 940 1106 DominuspuniensSodomitas‘i'l'olerahiliuseritterra
995 1036 1561 1109 nisisleiNonliguaquaecernimus‚
1591 1054 1651 1094 uon
1678 1038 1816 1106 mmihils

119 1125 314 1181 Sodomorum
330 1129 359 1180 et
374 1125 626 1183 Gomorrbaeorum
642 1127 673 1182 in
688 1128 734 1183 dic
745 1128 941 1198 judicii‚dicit
995 1125 1106 1193 senum,
1121 1142 1179 1181 non
1195 1125 1346 1197 stipulam,
1362 1141 1426 1198 qua
1440 1126 1556 1182 videtur
1571 1144 1579 1182 r
1595 1127 1648 1188 sed
1672 1125 1699 1185 si
1715 1144 1816 1201 saum·

118 1213 262 1270 Dominus
278 1214 421 1271 miserans
436 1215 599 1272 sodomitas
613 1217 692 1285 (llar.
719 1216 769 1288 vr).
792 1217 940 1291 Benignus
994 1215 1181 1272 aedificaveris
1195 1215 1388 1271 fundamento
1402 1218 1473 1271 iesu
1489 1214 1594 1272 Christi
1608 1231 1702 1288 opera
1712 1217 1817 1290 perusti

118 1320 187 1376 ergo
202 1309 246 1360 est
261 1289 338 1360 Deus
353 1302 482 1360 clemens
495 1309 540 1360 est
554 1306 641 1361 Deus.
655 1305 752 1361 Solem
773 1323 861 1362 suum
874 1321 939 1362 vere
994 1302 1084 1377 ligna,
1100 1319 1189 1376 opera
1202 1303 1312 1376 peccati
1327 1303 1438 1368 ionum,
1454 1319 1543 1376 opera
1557 1306 1667 1376 peccati
1680 1305 1818 1372 inferiora

118 1392 188 1448 oriri
204 1392 274 1447 iacit
288 1394 479 1465 superbonus
493 1395 522 1450 et
537 1392 673 1449 maloszct
688 1393 763 1466 pluit
776 1410 841 1450 vere
851 1411 941 1467 super
992 1392 1145 1465 stipulam,
1160 1392 1240 1448 veuit
1253 1391 1341 1465 ignis,
1365 1396 1395 1448 et
1422 1391 1559 1449 universa
1584 1392 1643 1451 istu
1671 1393 1818 1463 uxamiam

113 1481 212 1551 iustos
228 1486 257 1537 et
272 1483 398 1553 injustos
415 1500 421 1538 :
439 1499 497 1538 nou
513 1482 610 1539 solum
625 1483 716 1551 hunc,
730 1500 819 1557 quem
845 1484 938 1541 oculis
992 1480 1015 1554 (l
1032 1481 1091 1539 Cor.
1109 1485 1163 1551 ιιι).
1177 1480 1247 1546 Quis
1262 1485 1309 1539 eat
1322 1479 1378 1538 iste
1392 1479 1480 1554 ignis,
1496 1497 1583 1553 quem
1594 1480 1651 1539 tex
1667 1483 1815 1554 predicat,

87 1559 94 1567 ’
116 1571 265 1630 cernimus
280 1570 382 1640 solem,
398 1572 449 1627 sed
475 1575 504 1627 et
525 1570 609 1627 illum
633 1571 736 1638 solam,
767 1572 818 1645 qui
843 1572 938 1630 oculis
992 1568 1631 1642 stavungetiumnonnocttttniusrujusque
1645 1571 1817 1645 opusquule

116 1658 224 1714 mentis
240 1659 391 1732 aspicitur,
407 1661 466 1733 Ego
483 1661 579 1716 mulus
607 1675 697 1728 eram,
727 1664 755 1716 et
782 1665 866 1717 ortus
894 1665 939 1717 est
991 1656 1042 1727 sit,
1059 1657 1136 1730 ignis
1151 1657 1295 1730 probabit.
1307 1656 1378 1723 ouis
1393 1655 1816 1733 est‚np0stots‚ignis,nu,qut

116 1747 190 1816 081
209 1747 282 1803 mihi
297 1748 340 1803 sol
353 1747 485 1817 jusiitias.
499 1748 559 1820 Ego
589 1746 685 1805 malus
713 1765 792 1805 eram
818 1754 847 1805 et
859 1749 976 1849 venitB
992 1746 1096 1820 probat
1110 1762 1197 1819 opera
1205 1745 1526 1819 nostraiouisestignis
1536 1745 1642 1814 istosin
1651 1747 1818 1821 sapisnaut

115 1852 203 1909 super
218 1853 264 1892 me
279 1836 377 1908 pluvia
387 1837 666 1909 justitiafflattinv).
679 1837 798 1895 Bonitas
822 1838 872 1894 Dei
891 1841 938 1895 est
990 1836 1247 1893 custodiataurum
1255 1852 1353 1896 meum
1360 1839 1554 1908 utargentum
1569 1851 1671 1899 meum
1684 1835 1817 1910 splendi-

116 1926 204 1981 etiam
220 1925 250 1981 in
265 1926 323 1992 his,
339 1942 403 1997 qua
416 1942 517 1981 amara
527 1925 742 1983 existimantur.
755 1927 885 1999 igiturin
896 1928 936 1983 oi·
991 1923 1375 1991 diasostentntptitlusum
1383 1924 1815 2002 mlinquateum,quiiumsast

115 2014 205 2070 vitata
219 2017 449 2071 constitutusest
463 2014 663 2087 Prophetes‚et
673 2032 757 2072 cerne
768 2032 831 2087 quas
842 2015 938 2072 rideat
991 2013 1118 2085 lapidem
1127 2011 1538 2086 pretiosum‚utmulatantum
1544 2017 1816 2088 consummantia

116 2119 154 2159 ne
170 2102 285 2160 dolores
299 2105 406 2160 sentiat
419 2104 595 2176 captivitatis
618 2105 726 2176 (tinch,
746 2104 777 2176 ι).
793 2105 936 2161 Deorsum
990 2103 1027 2171 ci,
1053 2101 1708 2175 qnasuperadilieaviligna‚senum,stipulam
1721 2103 1816 2173 iouis

115 2191 193 2248 ridet
209 2192 333 2258 labores,
351 2194 400 2249 sed
416 2211 537 2249 sursum
554 2193 671 2250 elevans
695 2192 806 2258 oculos,
821 2200 937 2267 sperma
992 2196 1037 2251 est
1051 2192 1106 2249 iste
1120 2190 1305 2264 iguistlpnem
1318 2192 1383 2248 ueni
1396 2191 1503 2251 mittere
1516 2196 1761 2265 superterramnt
1774 2194 1814 2266 (i)

115 2281 241 2352 suspicit
254 2281 352 2349 coelos,
366 2282 458 2341 cernit
473 2282 529 2338 sibi
553 2287 682 2338 resecata
705 2280 843 2350 uoelestia,
858 2285 939 2340 videt
991 2279 1604 2354 quamuuloutaccendaiur‚(lnu.x11).iesus
1620 2279 1758 2340 Christus
1772 2282 1812 2339 di·

115 2369 342 2426 similitudinem
358 2369 456 2442 gloria
466 2371 528 2441 Dei,
543 2371 621 2427 videt
635 2377 760 2442 quatuor
787 2372 935 2442 animalia,
991 2370 1187 2442 aitquamuata
1204 2373 1236 2429 ui
1246 2371 1308 2442 jam
1319 2368 1494 2427 accendatur.
1510 2368 1610 2427 Bonus
1623 2370 1705 2431 euim
1720 2374 1815 2439 estat

115 2458 151 2514 de
165 2459 274 2530 quibus
287 2459 399 2516 multus
414 2477 520 2528 sermo,
537 2465 566 2516 et
580 2459 707 2517 difficilis
735 2460 936 2534 interpretatio
991 2459 1072 2516 novit
1087 2458 1157 2532 quia
1173 2459 1197 2515 ai
1213 2459 1290 2530 ignis
1304 2459 1359 2515 isto
1373 2457 1737 2529 iucritaccensus‚malitia
1750 2475 1814 2525 ooa-

114 2551 168 2605 est.
184 2547 846 2622 Cernitaurigamquatuoranimolium.cernit
856 2557 936 2609 rotas
990 2551 1134 2606 sumetur.
1150 2547 1356 2620 scriptumest
1384 2546 1413 2602 iu
1438 2545 1592 2620 Prophetis
1607 2563 1615 2602 :
1630 2546 1816 2618 aedificant

113 2636 274 2692 seinvicem
283 2637 719 2710 continentes.Aurigaquatuor
729 2637 868 2696 animalia
877 2656 935 2696 non
990 2652 1053 2695 sum
1067 2639 1097 2692 in
1113 2638 1180 2710 ipae
1193 2636 1314 2692 ardenti.
1330 2639 1356 2691 at
1370 2636 1477 2692 uacauit
1491 2643 1622 2705 manuam
1648 2636 1749 2707 staura
1765 2637 1813 2697 sii·

112 2730 193 2782 totus
207 2731 252 2784 ast
268 2724 382 2798 igneus,
407 2727 457 2781 sed
479 2727 642 2798 pubetenus
662 2727 830 2798 apedibus,
845 2733 873 2784 ct
887 2746 935 2785 ex·
989 2742 1051 2783 uam
1066 2725 1160 2798 (Zact.
1173 2725 1246 2796 xm).
1263 2724 1430 2781 introrsum
1447 2740 1454 2780 :
1477 2724 1586 2781 Emittit
1613 2724 1749 2795 Dominus
1762 2726 1813 2789 Sa-

112 2812 181 2869 inde
196 2831 290 2887 usque
305 2814 340 2870 ad
357 2830 507 2870 summum
523 2813 620 2870 electri
636 2814 748 2886 fulgore
757 2814 935 2883 rutilat‚Non
990 2815 1070 2873 taath
1084 2816 1115 2870 in
1128 2822 1206 2871 tuum
1221 2814 1350 2870 bonorem
1364 2814 1599 2882 remeantium
1612 2813 1645 2868 in
1653 2820 1735 2871 uam
1745 2814 1807 2884 aia-

112 2902 192 2957 enim
207 2901 560 2958 solumtormentababct
573 2902 830 2971 accusantium
845 2903 934 2960 etiam
989 2905 1063 2960 riam
1083 2904 1156 2975 ipnic
1170 2902 1270 2961 ardetis
1283 2902 1454 2968 accenditur,
1470 2900 1499 2963 id
1515 2904 1610 2969 estut
1623 2905 1655 2957 iu
1670 2901 1815 2977 glorifiea-

113 2989 272 3060 reirigeria.
289 2989 378 3045 Puuit
393 2994 559 3062 peccatores
575 3008 582 3057 ;
599 2991 650 3046 sed
665 3007 716 3063 per
730 3006 764 3047 ea
785 2992 933 3064 mysteria,
988 2992 1030 3049 ris
1044 2992 1188 3048 emittitur
1200 2991 1278 3064 ignis
1294 2991 1324 3046 iu
1335 3007 1423 3062 opera
1433 2993 1619 3064 peccatorum
1627 2991 1814 3051 tuorumve

111 3093 176 3148 qua
191 3078 330 3132 deorsum
345 3077 614 3149 suntNequeenim
627 3079 771 3151 Propheta
783 3079 881 3152 ignem
894 3082 934 3136 vi·
989 3081 1086 3137 adhuc
1100 3099 1118 3137 a
1131 3081 1276 3154 Propheta
1290 3081 1412 3148 discere,
1429 3079 1500 3152 quia
1514 3083 1662 3137 tormenta
1677 3079 1749 3139 honi
1766 3082 1814 3139 boi

111 3165 156 3220 dit
169 3165 199 3220 in
214 3165 307 3237 capite
323 3165 415 3221 autin
428 3165 475 3221 his
491 3168 641 3239 membris,
658 3185 751 3239 quaa
765 3168 933 3227 lumborum
949 3149 970 3218 G
989 3170 1050 3226 sint
1064 3171 1100 3226 ad
1116 3169 1272 3228 utilitatem
1287 3186 1400 3235 sorum,
1416 3168 1467 3241 qui
1481 3185 1517 3226 ea
1530 3167 1691 3237 sustinent,
1707 3170 1813 3231 cund-

112 3254 238 3310 conllnio
250 3254 286 3309 ad
297 3258 725 3329 summoconsurguntlgneus
737 3262 782 3313 est
792 3258 935 3316 Dominus
990 3259 1083 3316 tutat
1102 3259 1244 3316 Ausculta
1271 3259 1408 3315 eumdem
1437 3256 1611 3331 propnetam
1639 3257 1812 3321 dicentem:

113 3343 164 3398 sed
180 3361 196 3398 a
211 3343 332 3399 renibus
349 3361 441 3415 usque
456 3345 492 3400 ad
509 3346 606 3417 pedes,
632 3349 664 3401 ut
679 3346 860 3404 demonstret
872 3365 933 3416 eos,
988 3349 1075 3406 dates
1090 3347 1219 3404 carbones
1234 3348 1429 3420 manseritis}
1443 3362 1527 3416 super
1546 3361 1590 3402 eas
1606 3360 1614 3403 ι
1628 3346 1751 3417 timent
1765 3349 1815 3415 iiii

111 3432 162 3506 qui
180 3432 209 3487 in
225 3432 411 3504 generatione
424 3439 588 3501 vorsantur,
604 3435 671 3508 igne
686 3433 826 3508 indigere.
844 3437 933 3494 lienis
986 3437 1121 3509 arijutoria
1134 3437 1219 3509 (litai.
1242 3437 1319 3508 nvn).
1348 3435 1413 3492 Hac
1441 3435 1593 3508 oportebat
1620 3434 1812 3509 abscondere,

109 3521 320 3595 quippeeoitus
334 3521 830 3594 significatioost.Adhucinlumbis
841 3526 930 3583 Abra·
986 3531 1016 3584 at
1027 3526 1057 3582 in
1073 3525 1203 3582 medium
1218 3542 1277 3583 non
1294 3525 1487 3598 proterre,sed
1502 3524 1538 3597 (c)
1553 3523 1680 3583 herenei
1690 3525 1813 3587 nasim·

107 3611 176 3667 bam
194 3611 360 3685 patriserat
379 3611 455 3678 tevi,
472 3614 589 3685 quando
617 3613 643 3669 ei
672 3613 784 3669 occurit
813 3612 930 3671 Melchi-
985 3614 1109 3688 pellunt,
1125 3613 1531 3674 utcredeudaelieramusia
1547 3611 1710 3686 pubiicum,
1738 3616 1812 3687 quia

106 3701 192 3757 sedec
207 3700 304 3772 (Hetr.
320 3704 383 3769 vu.)
407 3701 442 3757 ut
455 3700 485 3757 in
506 3702 619 3774 psalmo
647 3702 754 3759 dicitur
781 3703 819 3757 De
838 3705 931 3774 fructa
984 3707 1061 3761 tecta
1075 3708 1146 3760 sunt
1156 3703 1266 3760 utiliter
1280 3703 1358 3775 apud
1368 3701 1482 3774 eos‚qui
1497 3701 1595 3759 adhue
1603 3698 1808 3774 pswuiiJ'uxta

105 3790 194 3846 lumbi
209 3790 252 3844 tui
264 3807 365 3863 ponam
380 3791 566 3862 supersectam
580 3808 669 3848 ineam
685 3792 741 3864 (Pr.
757 3795 871 3862 carru).
884 3793 929 3866 lg·
984 3792 1088 3850 anima
1095 3795 1209 3848 etatem
1219 3791 1352 3863 suut‚qui
1363 3794 1442 3847 metu
1454 3787 1809 3862 indigenimagistrorum

105 3894 178 3934 neus
193 3882 238 3934 est
252 3894 269 3933 a
284 3880 404 3938 renibus
415 3896 507 3951 usque
519 3881 554 3936 ad
566 3880 703 3938 deorsum
721 3882 927 3939 Dominusdie·
983 3880 1073 3940 minis
1087 3885 1117 3939 et
1131 3880 1292 3937 terroribus
1307 3877 1467 3951 coripiendi
1482 3883 1553 3935 sunt
1566 3881 1597 3934 et
1612 3876 1729 3949 possint
1742 3894 1810 3937 con·

102 3965 225 4021 rationis
240 3966 318 4021 cuim
331 3975 357 4022 st
373 3967 506 4024 libidinis
518 3985 605 4041 opera
620 3969 759 4041 gehenna
775 3969 928 4042 suppliciis
982 3970 1065 4042 sequi
1080 3970 1252 4038 honitatem,
1267 3975 1301 4025 ut
1314 3984 1365 4040 per
1379 3983 1481 4023 amara
1501 3965 1631 4025 remedia
1644 3982 1662 4037 a
1677 3966 1808 4027 vulneri·

102 4052 310 4123 corripiuntur.
327 4055 433 4127 lgneus
448 4061 491 4111 est
506 4057 583 4112 Deus
600 4075 606 4125 ;
624 4057 674 4114 sed
690 4074 747 4113 noa
776 4061 855 4114 totus
883 4063 927 4114 est
980 4058 1037 4115 bus
1053 4061 1236 4130 peccatorum
1252 4056 1409 4127 aliquando
1425 4053 1661 4115 desistantssss
1687 4055 1809 4129 Semper

101 4140 373 4211 igneuszsuporiora
387 4142 451 4212 ejus
466 4143 606 4200 electrum
623 4144 851 4201 suntltlcctrnm
866 4162 925 4203 nou
979 4147 1055 4205 esim
1070 4150 1254 4207 sacramenta
1265 4144 1314 4202 Dei
1325 4148 1443 4218 propter
1452 4142 1808 4216 parvulosaaditumsaa»

101 4226 197 4285 solum
213 4239 334 4299 argento
348 4247 449 4286 verum
465 4237 492 4287 et
508 4248 578 4288 auro
598 4232 757 4304 pretiosius
773 4237 827 4290 est.
845 4234 924 4292 Elec·
978 4231 1806 4307 luminibusquisbusdamoperittntur.0aammortuui

100 4322 180 4373 trum
195 4321 293 4372 autem
309 4335 361 4390 pro
376 4320 507 4392 exemplo
523 4319 645 4392 fulgoris
661 4320 813 4392 Scriptura
826 4324 925 4396 posuit
979 4323 1066 4381 titudo
1093 4322 1250 4382 dulcedinis
1273 4326 1337 4392 iun,
1366 4321 1492 4390 manno,
1531 4336 1614 4392 auam
1638 4320 1806 4391 abscondisti

147 4465 174 4530 a)
190 4459 274 4517 Paria
288 4461 376 4517 habat
391 4460 441 4516 lib.
460 4463 481 4527 l,
496 4461 529 4518 ric
542 4462 690 4534 principiis
704 4478 857 4536 capuanae
871 4468 923 4524 linc
976 4473 1002 4522 et
1016 4464 1199 4521 nihilominus
1217 4466 1267 4520 iau
1278 4466 1308 4519 ia
1323 4479 1374 4536 quc
1386 4464 1503 4519 tenebra
1516 4476 1572 4525 non
1586 4464 1663 4531 sunt,
1685 4463 1804 4535 tunnas

100 4550 131 4590 re
145 4550 214 4591 erra
232 4550 317 4605 opere
332 4532 458 4659 prptiunp
474 4539 518 4589 ost
534 4549 541 4590 :
558 4534 629 4658 ernd
643 4535 729 4619 enim,
737 4535 919 4662 popularen-
936 4521 1159 4662 Diutiop'ustia
1176 4537 1289 4608 ationis
1314 4535 1434 4660 ctlficitur
1454 4533 1655 4618 peccatoribus,
1684 4541 1716 4590 ut
1740 4548 1802 4618 osa·

98 4606 503 4748 {appletppteaupstsppucrpnppmppp
518 4620 675 4760 iiiitehqiiii
684 4609 926 4749 eiirparmrinirt
977 4625 1065 4737 iiiiii
1078 4621 1510 4760 iinteiiahii'ihtiuinui'titiiiim
1523 4620 1619 4661 mm
1632 4605 1801 4759 fflw‘

97 4753 136 4806 est
152 4750 258 4818 tipnum
277 4749 319 4804 uei
332 4752 428 4831 tenum
443 4750 484 4805 uei
497 4751 611 4820 stipula:
625 4753 651 4804 ct
666 4749 732 4821 quid
743 4752 782 4831 'in
795 4753 844 4809 trac
857 4753 923 4826 dip-
1013 4752 1051 4826 (t)
1065 4752 1169 4832 Confer
1204 4767 1247 4809 ua
1261 4750 1384 4807 inlectus
1398 4749 1434 4804 ad
1451 4747 1528 4809 huuc
1544 4745 1692 4821 evangelo
1703 4745 1799 4828 locum

96 4837 167 4876 nunt
178 4819 211 4875 dc
225 4820 274 4876 Dci
289 4820 418 4875 laudibus
429 4820 543 4887 dicitur,
558 4821 585 4876 si
600 4821 669 4878 Deus
688 4823 761 4892 ionis
774 4826 813 4879 est
828 4825 923 4896 nujus·
977 4822 1007 4878 in
1025 4821 1145 4878 homilia
1160 4767 1343 4905 biaudaium
1360 4819 1559 4904 observamus·
1575 4889 1581 4901 ·
1646 4889 1653 4902 ·

95 4891 171 4947 mali
184 4892 315 4948 materias
325 4907 483 4947 «consumens
497 4891 571 4948 istd
584 4894 611 4946 ri
639 4891 838 4950 consideremus
857 4897 923 4966 quia
1013 4893 1048 4966 (c)
1062 4894 1135 4949 Puta
1150 4889 1600 4961 Simonis,Valentlnt,Ccrdonrs
1615 4887 1801 4974 aliorumque

2 4991 24 5017 a
97 4967 170 5019 Deru
183 4966 322 5018 consumit
336 4964 408 5035 quud
429 4965 596 5018 exterminat
611 4982 620 5019 :
635 4965 661 5019 si
675 4967 809 5021 consumit
833 4967 921 5022 maiar
976 4963 1005 5019 id
1021 4981 1114 5037 genus
1129 4964 1331 5020 hereticorum
1346 4962 1482 5030 asseclas,
1500 4962 1550 5034 qui
1565 4961 1623 5018 duo
1643 4963 1799 5034 punctura,

94 5035 436 5103 mentiumcopitaliones,
452 5037 588 5090 consumit
611 5044 687 5104 perta
715 5039 919 5109 turpiaconsu·
975 5036 1210 5094 siveduosdeos
1225 5035 1395 5093 statuebant
1411 5051 1418 5098 ;
1434 5032 1559 5097 altorum
1574 5032 1699 5101 malum,

94 5106 146 5160 mit
160 5104 294 5162 desitleria
306 5108 419 5177 pcccati,
436 5122 499 5162 cum
513 5123 541 5161 sc
550 5107 720 5163 medentium
734 5109 869 5165 mentitus
878 5110 920 5165 in·
974 5106 1000 5165 si
1012 5108 1025 5180 j
1030 5113 1140 5173 ustum,
1157 5107 1465 5178 mundicordium,
1480 5104 1563 5178 Iagis
1578 5036 1801 5232 opitius&

94 5176 393 5245 centumcentumn,
411 5193 474 5247 qma
488 5178 563 5234 uerbi
576 5179 635 5250 ejus
648 5195 683 5234 ac
709 5181 858 5253 supientiae
875 5181 918 5251 es·
974 5195 1046 5234 uum
1062 5178 1197 5246 alterum,
1214 5177 1320 5235 Christi
1332 5180 1457 5251 patrem,
1473 5180 1502 5233 et
1523 5174 1589 5231 novi
1617 5174 1776 5249 Testameo

95 5247 227 5318 ficiuntur
241 5264 363 5318 cuprnccs,
379 5265 437 5303 unu
450 5266 513 5305 cum
529 5251 598 5305 Fiiio
626 5267 674 5305 suo
689 5251 848 5307 inhabitans
871 5267 916 5307 sc·
974 5255 1134 5307 auctorem.
1151 5251 1300 5306 Adversus
1316 5248 1420 5304 horum
1445 5247 1594 5304 vesaniam
1610 5262 1680 5303 cum
1696 5244 1750 5304 alil
1760 5246 1802 5305 aa

95 5318 215 5373 cuntium
230 5320 302 5389 quod
313 5319 415 5374 dictum
427 5329 467 5375 eat
483 5337 489 5374 :
507 5323 566 5389 Euo
582 5326 610 5376 ct
627 5325 705 5392 pater
728 5325 876 5388 ueniamus,
893 5331 919 5379 ct
972 5325 1043 5392 tres,
1060 5326 1092 5377 ut
1107 5326 1175 5378 sunt
1188 5320 1388 5377 Tertullianus
1402 5322 1432 5375 et
1458 5318 1596 5387 Irensns,
1612 5323 1679 5375 tum
1694 5317 1800 5392 prauis

94 5391 265 5444 mansionem
281 5390 352 5460 apud
366 5406 427 5444 eum
441 5393 583 5458 suciamus,
600 5395 726 5449 munitus
739 5395 917 5451 eommvitiir
971 5409 1029 5466 pue
1043 5393 1183 5465 Origenes
1218 5393 1307 5450 assim
1323 5390 1502 5457 velitaturut
1512 5390 1555 5449 illi
1567 5389 1800 5472 dammandum

94 5459 317 5529 passionibusque
331 5464 498 5531 consumptis
512 5463 565 5518 sthi
579 5479 623 5518 cas
640 5479 720 5535 seara»
747 5465 861 5538 dianam
875 5467 915 5536 cs·
971 5465 1154 5521 contutanda
1169 5409 1380 5520 soiertissimus
1391 5461 1493 5519 audiat
1509 5462 1545 5519 ab
1555 5464 1675 5518 auctore
1688 5458 1799 5534 dialogi

96 5530 153 5599 ficit
165 5531 305 5599 temptum.
321 5532 363 5584 lta
378 5534 406 5585 et
421 5530 523 5586 homil.
538 5535 556 5586 2
572 5535 601 5588 iu
615 5535 725 5592 cantic.
741 5537 917 5594 cautiorve·
969 5535 1084 5594 derecta
1096 5539 1125 5593 in
1137 5538 1223 5596 Deum
1236 5534 1312 5606 Fide,

95 5599 178 5671 nique
191 5599 223 5654 at
238 5600 287 5655 tac
300 5600 370 5656 Deru
384 5605 476 5658 nuder
490 5604 734 5672 inandiciturcssc
744 5623 913 5681 morantate,
