3840 6098
68 302 148 373 ltu
428 303 799 370 oouuuursmonuu
823 303 863 364 in
885 299 1080 365 nionnsu
1104 297 1171 361 cro.
1194 298 1219 362 1.
1243 296 1329 362 aar.
1350 296 1405 363 111.
1688 270 1771 363 nra

66 436 388 507 cubicumexsilient
397 455 432 495 ex
442 408 750 510 hominibus‚etquasi
761 436 890 492 ferentur
903 435 932 502 Α
944 435 1115 491 salvabitur:
1133 433 1314 506 iupredictur,
1325 434 1528 509 degrediatur,
1544 443 1570 493 ct
1580 436 1767 508 pannium

67 530 123 602 [tt.
140 529 285 600 seruntur]
302 528 339 584 ad
354 528 467 584 coelum.
944 526 1003 580 niel
1018 527 1111 592 (Jocn.
1125 541 1154 594 x,
1169 525 1206 595 9).
1224 525 1264 580 De
1274 542 1332 597 qua
1343 531 1426 598 portu
1437 532 1464 583 et
1474 526 1542 584 alibi
1558 527 1764 600 prophetatur:

104 618 188 674 LXX:
204 616 322 673 Ascende
331 617 701 689 perdivisioncrn.Praeseus
713 614 794 671 locus
806 612 890 686 quasi
944 614 1009 670 liaec
1022 621 1061 669 est
1073 622 1153 684 porto
1169 614 1286 681 Domini,
1308 616 1379 686 justi
1392 617 1536 673 intrabunt
1556 635 1605 690 per
1625 635 1689 675 eum
1709 621 1765 693 (Pr.

66 707 221 780 proprium
237 705 326 763 habet
340 705 491 762 exordium
513 710 541 761 et
564 704 759 776 apostrophen
781 702 890 775 eloquii
945 717 1049 770 exutor,
1064 701 1120 772 20).
1135 701 1317 774 Quicumque
1327 708 1425 759 autem
1437 706 1590 777 ingressus
1600 707 1696 776 luerit,
1707 726 1767 766 non

66 795 258 869 prophetalis,
269 795 306 851 ad
317 811 384 850 eum
396 795 446 867 qui
457 793 562 850 salvari
570 794 660 866 cupit,
672 793 718 848 cai
729 793 892 864 imperatur
945 790 1031 846 debet
1045 789 1076 845 iu
1090 806 1124 846 eo
1139 795 1217 847 statu
1229 791 1327 863 inquo
1339 790 1506 865 intraverat,
1517 811 1686 866 permonere
1697 815 1704 865 ;
1715 799 1767 855 sed

66 880 700 953 atuscendotperdivisionem.Quodquidem
708 878 892 935 manifestius
946 880 1112 951 egrediatur
1127 880 1162 936 ad
1179 896 1298 952 pascua,
1314 886 1347 936 ut
1361 882 1390 937 in
1405 883 1540 939 intrando
1555 885 1704 941 exordium
1717 889 1765 958 sit,

67 973 130 1043 fiet,
142 971 167 1028 si
183 971 218 1028 de
232 970 336 1026 Genesi
347 971 562 1042 sumpserimus
574 968 751 1040 exemplum,
763 968 812 1024 ubi
824 984 890 1023 aas·
946 969 976 1024 in
992 970 1122 1026 exeundo
1137 974 1167 1026 et
1181 970 1210 1024 iu
1226 987 1334 1042 pascua
1349 972 1529 1043 reperiendo,
1545 974 1686 1031 virtutum
1702 993 1768 1049 per-

68 1065 177 1118 ennior
190 1059 299 1132 gemini
315 1060 350 1115 de
364 1059 501 1124 thamar,
512 1075 579 1114 cum
595 1058 754 1131 quatudas
766 1058 892 1129 patriar·
947 1058 1043 1114 lectio.
1060 1058 1113 1124 Qui
1129 1059 1301 1131 ingreditur,
1318 1059 1415 1116 adhuc
1430 1061 1459 1115 iu
1474 1061 1579 1118 secolo
1601 1069 1656 1132 est,
1681 1071 1711 1121 et
1734 1082 1769 1122 ex

67 1150 125 1209 cha
140 1149 318 1206 concubuit:
336 1150 446 1204 Faciem
465 1153 515 1214 ast,
536 1147 641 1219 inquit,
656 1164 718 1203 cum
734 1150 852 1219 pareret,
868 1154 894 1205 et
946 1146 1089 1202 creaturis
1111 1146 1248 1219 intelligit
1262 1149 1315 1215 tlt.
1333 1149 1485 1223 intelliget]
1511 1152 1687 1209 Creatorem.
1713 1154 1768 1218 Oai

68 1239 180 1297 aaran
195 1239 317 1310 qeminos
332 1240 363 1292 in
377 1244 471 1292 utero:
489 1239 519 1292 in
533 1239 591 1309 ipso
601 1239 683 1309 portu
695 1253 766 1292 ursus
777 1237 893 1309 protulit
947 1239 1045 1291 autem
1056 1237 1214 1309 egreditar,
1222 1238 1403 1294 transcendit
1413 1240 1580 1296 universam
1591 1246 1767 1312 creaturam,

66 1344 180 1399 monus,
195 1331 222 1383 et
237 1328 301 1382 tulit
315 1327 588 1396 obstebiuettiquuit
602 1328 635 1381 iu·
646 1343 729 1381 manu
740 1328 797 1398 rjus
808 1327 891 1383 mcci-
946 1328 976 1379 et
989 1324 1126 1382 omnibus
1143 1342 1205 1398 qua
1219 1326 1310 1382 videri
1325 1333 1451 1400 possunt
1471 1347 1522 1403 pro
1537 1331 1631 1388 nihilo
1644 1350 1769 1408 compu-

67 1434 148 1486 num,
176 1416 298 1472 dican:
333 1417 383 1471 Hic
409 1415 581 1488 eprcdictur.
612 1415 680 1470 dum
707 1417 799 1471 auteur
826 1430 893 1471 con·
947 1413 1027 1478 tatis,
1044 1414 1171 1470 inveniet
1187 1432 1294 1487 pascua
1309 1434 1398 1492 super
1413 1419 1511 1490 aoelos,
1527 1426 1556 1478 et
1569 1440 1704 1481 sermone
1719 1425 1769 1483 Dei

68 1507 202 1562 umora
211 1520 335 1571 monum,
346 1506 438 1559 statim
447 1519 570 1572 comesus
579 1508 617 1560 est
627 1505 715 1575 freter
725 1505 794 1576 ejus,
806 1512 831 1560 et
842 1505 894 1560 iilo
947 1506 1089 1570 vescetur,
1104 1506 1132 1558 et
1147 1502 1241 1560 dicet:
1257 1505 1390 1563 Dominus
1402 1513 1492 1581 poscit
1507 1528 1559 1582 me,
1575 1517 1603 1568 et
1616 1514 1771 1572 nibilmibi

69 1597 112 1650 aa
125 1613 137 1648 .·
161 1597 253 1664 Qum
267 1592 355 1649 mm
368 1600 407 1648 ω
422 1597 531 1663 propte,
545 1600 570 1648 ω
584 1595 727 1649 maculat
751 1601 777 1650 ct
790 1595 895 1650 vomuit
948 1591 1033 1648 deerit
1047 1593 1103 1663 (Pe.
1116 1609 1174 1658 xxi,
1188 1594 1223 1651 ll.
1235 1598 1294 1650 Hoc
1306 1595 1382 1665 ideo,
1395 1602 1428 1654 ut
1437 1599 1667 1675 intelligeremus
1678 1606 1770 1663 ilvam

68 1699 169 1740 „om
183 1683 242 1754 eju,
257 1681 372 1751 Pisones,
397 1683 475 1753 quod
496 1681 704 1754 interpretatur
726 1682 837 1738 divisio.
861 1684 894 1739 m
948 1679 1075 1752 gelisam
1090 1681 1291 1739 testimoniam
1309 1701 1317 1739 τ
1343 1688 1513 1757 lnqrcdietur
1525 1699 1552 1747 ct
1566 1693 1730 1762 eqredictur,
1745 1701 1772 1753 ct

67 1775 131 1845 post
145 1773 204 1830 baec
217 1787 339 1843 eqressus
353 1774 394 1826 est
412 1771 628 1842 fraterninati
644 1773 721 1843 cujus
735 1788 821 1828 monn
835 1779 895 1828 not
946 1785 1049 1841 pascuo
1065 1771 1201 1833 inveniet:
1216 1776 1244 1827 et
1259 1774 1335 1844 quod
1352 1792 1430 1832 nunc
1445 1778 1554 1835 dicitur
1567 1798 1619 1854 per
1640 1786 1772 1858 Prophe-

69 1862 222 1929 somnum,
238 1865 264 1916 et
278 1860 383 1916 vocavit
398 1876 499 1915 nomen
512 1860 570 1932 ejus
584 1861 664 1928 Zoro,
684 1861 735 1933 qui
750 1861 780 1916 in
796 1859 896 1934 lingua
950 1862 1030 1914 taum
1046 1859 1078 1913 Et
1093 1861 1264 1916 transierunt
1276 1872 1393 1934 portum,
1408 1874 1433 1922 et
1448 1871 1550 1939 eqressi
1563 1881 1625 1928 sunt
1631 1890 1682 1946 per
1692 1892 1771 1935 eom:

70 1953 174 2006 nostre
199 1948 305 2005 dicitur
327 1963 429 2015 acmen,
452 1948 495 2004 vel
516 1949 607 2004 oriens
622 1948 699 2019 (Gen.
715 1967 833 2019 xxxviii,
849 1950 895 2020 27,
951 1946 1002 2018 qui
1017 1950 1114 2003 tamen
1126 1949 1269 2006 transitus
1278 1955 1308 2007 et
1317 1954 1445 2026 egressio
1458 1957 1569 2031 absque
1580 1960 1694 2019 Christo
1705 1982 1773 2040 rege

68 2040 168 2111 seqq).
183 2038 317 2094 Ostendit
333 2053 401 2110 ergo
416 2037 514 2093 senior
536 2036 674 2110 popalus,
699 2038 728 2093 in
753 2054 811 2110 qno
835 2042 898 2095 erat
950 2041 1050 2093 nostro
1064 2037 1154 2094 tribui
1174 2056 1232 2095 aon
1257 2046 1362 2113 potest,
1387 2044 1438 2116 qui
1453 2063 1502 2103 rex
1517 2053 1546 2104 et
1559 2049 1703 2111 Dominus
1717 2059 1772 2113 est.

70 2133 154 2184 ortus
169 2130 198 2184 et
212 2142 312 2183 semen
328 2131 486 2197 autequam
499 2126 535 2182 de
547 2125 683 2200 gentibus
696 2126 822 2184 Ecclesia
832 2144 898 2184 aas-
951 2126 1056 2182 Statim
1069 2127 1178 2199 quippe
1188 2130 1387 2188 connectitur:
1404 2135 1534 2194 Dominus
1544 2148 1635 2197 cutem
1642 2145 1774 2219 princeps

69 2220 195 2285 seretur,
211 2232 332 2271 manum
349 2231 434 2270 suam
451 2215 480 2270 in
496 2215 645 2287 operibus,
670 2219 698 2271 et
714 2220 814 2288 postes
828 2233 896 2273 con·
951 2217 1014 2270 eril-

70 2305 162 2362 pmii
176 2321 241 2361 eam
256 2304 381 2360 audiens
396 2320 448 2376 per
461 2304 586 2360 leniam:
604 2303 700 2359 donus
714 2306 787 2360 eninr
802 2312 898 2363 oestrae
987 2304 1067 2376 (Gap.
1084 2303 1123 2361 111
1128 2347 1134 2360 .
1147 2307 1427 2384 -Vers.lseqq.)ltt
1435 2313 1498 2370 diui
1504 2317 1774 2395 :Auditnprincipes

73 2395 214 2464 sanquine
226 2395 314 2465 plenae
328 2395 392 2449 sunl
416 2393 492 2464 (isai.
509 2410 530 2459 1,
547 2394 601 2465 15).
618 2394 750 2465 Cumque
765 2393 814 2449 ills
829 2411 898 2450 con·
951 2392 1042 2458 aanor,
1056 2401 1082 2449 et
1091 2394 1172 2450 duces
1181 2396 1275 2452 domnis
1285 2399 1379 2455 lsrnel.
1392 2403 1532 2475 Numquid
1538 2423 1593 2463 uon
1603 2419 1723 2466 uestrum
1732 2415 1775 2468 est

72 2483 214 2540 traxisset
228 2483 280 2554 [At.
304 2482 458 2552 contraxit]
474 2497 606 2549 manum,
623 2487 652 2538 et
668 2482 819 2553 ujustitiu
835 2499 898 2540 ces·
951 2481 1773 2573 acirejudicium,quiodiolubelisbonumetdilipitisumtum,

73 2577 155 2630 earet
169 2571 315 2645 operibus,
327 2572 417 2627 frater
426 2572 491 2642 ejus
500 2587 636 2644 egressus
647 2576 692 2628 est
701 2572 834 2644 gentium
847 2590 898 2645 po·
952 2571 1140 2640 tssfvwlmr
1148 2574 1245 2629 &milit
1254 2577 1337 2646 Ρθῖῑθθ
1344 2593 1438 2636 emm
1448 2581 1622 2655 (imiimi.
1630 2595 1655 2643 εἰ
1664 2604 1775 2646 mmm

73 2659 603 2736 palus.Etpropteripsamdivisacst
613 2665 744 2732 sepes,et
754 2662 899 2719 destruxit
954 2658 1776 2749 [Vulguorues]comendesuucrossibuseorumquieomede·

73 2749 223 2809 Dominus
246 2753 333 2820 atque
356 2748 498 2817 Salvator,
526 2752 559 2804 ut
578 2748 626 2804 ille
642 2753 741 2821 posset
755 2750 898 2822 incedere,
954 2750 1654 2834 runcantcarnempoputtmn·‚rtpettemeornn
1663 2767 1777 2839 uesper

73 2840 227 2914 parietem,
244 2837 294 2911 qni
309 2845 371 2894 erat
387 2838 417 2893 in
432 2837 539 2908 medio,
551 2842 579 2894 et
594 2839 751 2895 maceriam
763 2839 837 2896 duos
849 2857 899 2912 po·
953 2841 1172 2909 excoriaverunt,
1184 2851 1209 2898 et
1219 2857 1278 2899 osso
1290 2861 1384 2902 corum
1398 2853 1604 2927 confregerunt,
1618 2859 1777 2916 etcormidc·

74 2927 162 3004 pulos
176 2931 360 3000 separantem
378 2931 385 2979 t
401 2931 429 2982 et
444 2927 511 2984 lecit
526 2943 617 2982 uuum
634 2943 762 3001 gregem,
782 2933 812 2984 et
825 2932 899 2986 duos
954 2932 1020 2982 runt
1033 2929 1105 2984 sicut
1119 2931 1150 2985 in
1165 2930 1259 2999 lebete,
1281 2938 1306 2989 ct
1327 2939 1408 3005 quasi
1420 2955 1533 2998 corneus
1548 2945 1578 2999 in
1592 2945 1687 3003 medio
1701 2949 1776 3008 ortu.

74 3017 185 3075 ornavit
200 3017 229 3073 in
245 3017 403 3089 semetipso
427 3017 457 3072 iu
482 3032 540 3071 uno
563 3032 636 3072 novo
659 3015 776 3073 homine
790 3018 900 3075 iaciens
955 3016 1026 3071 Tunc
1039 3018 1198 3074 clamabunt
1213 3021 1248 3076 od
1263 3022 1420 3094 Dominum,
1434 3031 1460 3084 et
1475 3047 1529 3087 non
1539 3035 1671 3092 euoudiet
1685 3052 1741 3108 eos,
1751 3045 1778 3095 et

75 3122 189 3180 pacem.
206 3104 287 3162 Unde
302 3109 330 3161 et
345 3104 484 3161 obstetrix
499 3105 667 3177 prophetice
681 3106 804 3180 loquens
829 3108 900 3163 dicit
954 3106 1098 3162 abscondet
1111 3109 1212 3179 ionem
1226 3127 1305 3167 suom
1315 3114 1349 3169 ob
1359 3118 1399 3171 cis
1409 3119 1439 3172 in
1449 3126 1568 3192 tempore
1582 3125 1641 3192 ilio,
1652 3126 1722 3183 sicuti
1732 3144 1777 3184 uc-

75 3197 112 3253 nd
136 3195 246 3251 Pham
270 3195 411 3267 populum
432 3195 605 3267 juniorem
633 3198 664 3252 pp
678 3196 744 3268 quid
757 3196 845 3253 duma
861 3175 936 3253 estc
954 3197 1045 3266 quitor
1057 3205 1170 3266 spuunt
1183 3201 1212 3254 in
1227 3201 1468 3264 adinventionibus
1482 3213 1549 3266 suns.
1564 3211 1715 3273 Manifesta
1726 3219 1777 3274 ad·

72 3289 186 3359 propter
195 3287 220 3340 tc
228 3285 373 3340 moceria?
387 3283 416 3338 Si
428 3282 612 3340 intellexistis
622 3285 786 3358 exemplum
798 3287 833 3342 de
843 3287 900 3342 Ge·
955 3301 1071 3341 versam
1081 3286 1228 3361 principes
1237 3291 1325 3348 lsrael
1336 3310 1432 3353 sermo
1441 3303 1530 3365 estet
1540 3303 1595 3359 sub
1607 3306 1778 3379 metaphora

74 3374 151 3441 nesi,
167 3373 293 3430 ascende
307 3371 357 3444 qui
374 3372 479 3428 salvari
490 3371 585 3444 cupis,
599 3390 784 3446 nequaquam
797 3392 901 3447 parve
955 3373 1073 3431 leonum
1083 3376 1143 3432 sim
1154 3377 1298 3436 latronum
1311 3385 1468 3441 crudelitas
1476 3404 1577 3445 eorum
1587 3392 1775 3454 describitur:

73 3469 168 3520 torem
183 3460 325 3535 populum
341 3461 391 3534 qui
407 3478 530 3517 manum
546 3466 725 3519 contractam
740 3463 837 3530 habet,
848 3465 899 3521 sed
956 3464 1034 3534 quod
1046 3463 1233 3536 spoliaverint
1247 3486 1401 3542 pauperes,
1418 3478 1447 3529 et
1460 3474 1659 3537 interfecerint
1673 3498 1733 3554 eos,
1749 3492 1779 3543 et

74 3568 128 3625 W
143 3567 263 3621 novum,
279 3550 309 3606 in
326 3566 383 3622 quo
397 3550 444 3606 via
459 3549 594 3606 Christus
609 3556 664 3618 est,
690 3551 719 3606 iu
745 3568 802 3623 quo
818 3557 901 3624 portu
956 3561 1777 3639 curaeseorumossaquecontriverint,stquasiinmedio

73 3643 173 3709 Josus,
198 3657 249 3713 per
269 3656 355 3712 quem
371 3640 407 3696 ad
423 3639 538 3696 Patrem
553 3639 727 3708 incedimus,
742 3641 806 3714 ipse
821 3641 899 3698 euim
956 3638 1030 3707 olla,
1044 3641 1085 3696 sic
1101 3642 1129 3697 in
1146 3644 1217 3701 urbe
1229 3647 1390 3705 Jerusalem
1402 3653 1600 3713 miserabilem
1613 3658 1727 3731 plebem
1738 3664 1779 3721 ai·

73 3730 254 3788 uoluam
268 3729 399 3786 medium
416 3728 555 3802 parietem
575 3735 604 3785 et
617 3729 783 3796 maceriam,
800 3730 829 3786 id
844 3735 899 3803 est,
956 3727 1092 3796 dixerint,
1107 3734 1136 3785 et
1150 3736 1268 3805 propter
1277 3734 1337 3792 huc
1348 3736 1490 3794 inseratur
1500 3743 1542 3798 eis
1553 3748 1652 3814 postes
1663 3750 1777 3823 suppli·

72 3818 284 3877 obscurimem
294 3822 426 3875 ,eperum
443 3818 662 3890 prophetarum,
673 3824 703 3874 er
715 3819 813 3875 omnia
823 3819 900 3876 anri.
955 3816 1033 3871 cium
1049 3817 1078 3872 in
1094 3819 1142 3874 die
1156 3822 1341 3892 captivitatis,
1356 3824 1400 3883 vel
1413 3843 1430 3882 a
1443 3827 1721 3910 Nabuchodonosor,
1732 3839 1777 3897 vel

72 3925 141 3982 quse
149 3907 233 3980 Legis
241 3907 356 3980 aperuit
366 3908 739 3979 sacramenta,etdissipata
747 3908 900 3965 incedendi
955 3905 1164 3978 &Vespasium
1180 3915 1209 3966 el
1222 3912 1296 3968 Tilo-
1321 3915 1356 3969 El
1369 3914 1497 3974 clament
1510 3920 1547 3976 &d
1564 3923 1778 3999 Dominum‚=0l

72 3995 256 4065 difficultate,
272 3995 349 4051 viam
365 3994 458 4051 oculis
479 3995 611 4051 omnium
628 3995 783 4052 revelarit:
801 4001 834 4052 at
849 3997 899 4070 qui
955 4008 1013 4051 nou
1030 3997 1163 4054 exaudiat
1179 4017 1238 4072 eos,
1254 4008 1281 4057 el
1294 4003 1569 4068 abscoudntsuciem
1580 4029 1665 4072 suam
1676 4017 1776 4088 abeis,

71 4085 138 4144 vult
148 4100 278 4159 pergere,
288 4085 368 4141 nullo
379 4084 528 4140 irretiatur
540 4085 593 4157 ill.
605 4085 793 4159 impediatur]
806 4086 900 4159 obice,
955 4083 1025 4155 quia
1038 4086 1173 4158 nequiter
1186 4089 1298 4162 egerint
1312 4091 1342 4148 in
1357 4094 1518 4155 sceleribus
1533 4101 1606 4158 suis.

73 4192 127 4234 uec
142 4174 332 4232 obscuritatis
347 4173 473 4246 caligine
488 4178 642 4230 terreatur.
742 4220 749 4231 .
991 4172 1064 4230 LXX
1076 4192 1082 4230 ²
1095 4177 1127 4232 ΕΙ
1139 4177 1229 4234 dim-⁸
1245 4181 1343 4238 ¹¹¹2de
1352 4183 1420 4254 ms
1430 4187 1570 4262 primi&
1581 4191 1676 4253 mrum
1684 4197 1776 4269 1αωῦ,

16 4322 21 4333 ¹
110 4264 202 4322 LXX:
220 4265 288 4321 pm
300 4265 403 4336 sacrem
415 4279 511 4319 ,mm
525 4263 677 4320 ,feriemur
686 4273 715 4320 er
728 4267 902 4322 transierunt
954 4266 982 4317 et
992 4261 1101 4336 reliqui
1110 4265 1204 4323 domus
1213 4269 1389 4328 inuetitum
1401 4277 1603 4348 superioribus
1613 4283 1703 4342 haret
1715 4304 1778 4344 sen·

71 4363 195 4428 porram,
206 4357 233 4410 et
242 4355 344 4424 curerat
353 4361 415 4408 sunit
424 4368 473 4424 per
483 4368 553 4408 eom.
566 4354 660 4408 linivit
672 4370 723 4408 rex
732 4369 827 4410 corum
837 4359 902 4411 onte
954 4351 1055 4410 tentia.
1069 4354 1164 4427 Sapra
1173 4358 1251 4413 enim
1262 4359 1390 4420 dixerat:
1408 4367 1542 4423 Domitius
1551 4379 1642 4428 ouum
1650 4377 1778 4449 princeps

72 4443 899 4517 imeneorumzDominusoutemprtnccpseorum[AleritJ.
955 4442 1018 4507 crit,
1027 4452 1053 4499 et
1062 4445 1151 4500 dien:
1167 4448 1273 4516 ludite,
1283 4452 1423 4524 principes
1431 4454 1529 4512 domus
1538 4460 1663 4528 incubet
1673 4465 1777 4537 reliqua

73 4535 231 4606 pmptffl
245 4531 304 4587 dixi
319 4531 392 4588 ribi:
409 4531 582 4602 Ascnmeper
591 4530 762 4602 divisionem,
774 4532 824 4603 qui
835 4549 899 4588 sur·
914 4550 939 4616 p
954 4530 1048 4586 donus
1060 4534 1152 4592 lucet.
1166 4536 1219 4592 Pru
1229 4540 1347 4611 reliquis
1357 4541 1454 4599 domus
1466 4547 1559 4615 lsroet,
1571 4551 1697 4622 exceptis
1706 4553 1775 4628 Sep-

74 4620 177 4679 rexisti
190 4636 259 4676 cum
270 4619 396 4687 Christo,
407 4624 436 4675 et
445 4636 480 4675 ea
490 4618 596 4690 queris
607 4636 672 4692 qum
683 4636 801 4676 sursum
812 4623 897 4675 sant:
955 4620 1097 4691 tuagiuta,
1113 4640 1225 4693 omnes,
1241 4628 1322 4683 duces
1336 4629 1430 4688 domur
1442 4636 1536 4703 lsrael,
1551 4639 1773 4700 transtulerunt.

72 4711 143 4784 quin
156 4708 269 4782 Angeli,
285 4709 345 4765 sive
357 4713 442 4765 Pater
451 4713 481 4765 ot
493 4707 595 4774 Filius,
606 4714 634 4765 et
643 4708 768 4782 Spiritus
778 4713 899 4765 sanctus
955 4706 1174 4784 Dominusergo
1184 4714 1235 4785 qui
1245 4715 1321 4771 viam
1333 4718 1399 4775 lecit
1409 4724 1516 4794 populo
1527 4741 1592 4793 suo,
1601 4730 1629 4784 et
1639 4745 1776 4802 egressus

71 4800 236 4858 diviserunt
247 4799 325 4872 qaod
337 4797 491 4856 videbatur
502 4799 628 4865 obstare,
640 4804 668 4854 et
682 4799 812 4855 lecerunt
822 4799 897 4855 riam
953 4799 999 4851 est
1014 4802 1079 4853 unte
1092 4799 1194 4857 taciem
1210 4819 1322 4876 eoram,
1337 4811 1367 4863 et
1380 4807 1443 4880 ipse
1457 4816 1502 4868 est
1516 4815 1652 4891 princeps
1662 4818 1775 4879 itineris

68 4889 237 4947 uolentibus
247 4887 371 4962 ingredi,
380 4890 409 4944 et
424 4887 493 4960 quia
504 4891 603 4959 aperto
614 4887 717 4944 itinere
726 4887 898 4944 invaserunt
954 4883 1141 4956 simplicioris
1147 4890 1775 4980 populi,qaemgregcmvocat:hisqui(o)uo·

70 4979 137 5049 iter,
154 4995 213 5035 non
229 4977 325 5035 solum
341 4976 465 5050 ingressi
479 4980 548 5032 suut
562 4980 689 5049 portam,
701 4977 751 5033 sed
762 4981 792 5034 et
802 4981 896 5034 trans·
954 4970 1019 5028 luni
1029 4977 1207 5047 Sflpfaelluffi
1218 4983 1772 5068 Sequffsssedsuperbiunlrelqmflit‘udi·

70 5067 171 5127 imni
185 5083 238 5141 pei·
250 5084 326 5124 enm.
342 5066 470 5140 Ingressi
489 5069 559 5122 suut
581 5070 690 5133 autem,
716 5067 787 5140 quia
805 5069 834 5123 et
849 5084 898 5123 rex
953 5064 1775 5152 ceupopulivestigiailliusuonsequantnr,comminatar

70 5173 175 5215 aarum
189 5157 325 5214 eamdem
340 5157 491 5229 ingressus
501 5160 546 5213 est
556 5161 681 5228 portum,
692 5161 720 5212 et
730 5156 896 5230 speruiteie
952 5155 982 5208 et
992 5153 1078 5211 dicit:
1092 5157 1197 5231 Audite,
1205 5163 1344 5234 principes
1353 5165 1447 5223 domus
1454 5172 1581 5238 incubet
1591 5173 1671 5231 duces
1679 5176 1774 5236 murus

13 5264 18 5271 .
70 5247 136 5316 im,
160 5251 194 5302 ut
214 5246 326 5319 absque
342 5245 402 5302 upa
416 5244 588 5302 dpfqssupgqe
603 5245 805 5319 grammar,
832 5247 897 5319 lpse
952 5243 1044 5302 lsrael.
1060 5246 1133 5312 Quid
1149 5253 1194 5305 est
1208 5256 1306 5308 sutem
1322 5256 1398 5326 quod
1415 5273 1464 5313 cos
1480 5260 1558 5334 cogit
1572 5263 1698 5322 audire?
1711 5271 1774 5326 lion

69 5337 152 5394 euim
167 5335 321 5405 Dominus,
338 5339 366 5409 et
382 5352 431 5391 rex
445 5340 474 5391 et
489 5339 598 5408 pastor,
612 5334 696 5392 etvia
707 5341 751 5392 est
761 5340 790 5392 et
800 5340 893 5408 porta,
953 5339 1070 5391 uestrum
1084 5346 1135 5407 ert,
1152 5339 1257 5413 inquit,
1278 5345 1349 5399 scire
1367 5344 1511 5413 iudicium,
1528 5351 1578 5421 qui
1591 5351 1653 5409 odio
1667 5354 1773 5415 bobeta

69 5425 219 5498 dicitque:
233 5425 288 5494 suo
297 5442 359 5482 rum
368 5429 446 5498 porto
456 5442 466 5479 .·
478 5442 530 5497 per
538 5442 581 5482 me
591 5427 640 5497 qui
647 5426 732 5496 fucrit
745 5427 895 5498 inpressas,
952 5424 1061 5497 burum,
1077 5431 1104 5482 et
1118 5432 1242 5500 queritis
1254 5432 1348 5489 molo:
1365 5434 1394 5490 id
1410 5439 1464 5503 est,
1479 5453 1537 5494 non
1554 5443 1706 5500 meremini
1719 5446 1771 5506 Dei

104 5638 892 5716 (alilalaoetooatrsriosemuttartiaa.,tirquirotunt.
