3818 6104
66 375 144 445 1le
395 364 769 437 communicatoriae
791 362 830 427 ΙΝ
852 355 1082 426 zacatalllt
1106 360 1179 424 bili.
1203 358 1254 423 ill.
1278 360 1363 424 Cli).
1387 362 1439 425 xl.
1690 352 1774 426 stoi·

64 507 113 569 los
127 511 273 567 mercatus
285 505 492 565 celeberrimus
502 503 662 577 exercetur)
678 507 745 576 post
754 500 891 560 ultimam
905 494 934 563 A
947 496 998 570 qui
1009 496 1174 555 credidistis
1185 497 1214 554 in
1225 497 1382 555 Dominum
1392 498 1409 554 J
1412 513 1507 563 esum,
1520 495 1606 553 etDei
1618 494 1711 552 illlum
1721 512 1769 552 su-

67 599 261 666 ccensionem,
276 614 366 671 quam
380 596 585 653 sustinuerunt
598 595 634 651 ab
650 593 788 661 Adriano,
800 591 893 647 multa
947 587 1090 662 seepistis,
1119 589 1217 646 andita
1236 606 1300 661 qua
1316 588 1425 658 dicant,
1440 591 1470 644 et
1484 586 1633 660 sequentis
1647 586 1768 660 capituli

68 688 224 747 bominum
240 687 335 743 millia
350 686 519 743 venundata
533 684 602 751 sint,
614 688 642 740 et
656 700 719 755 qun
734 681 820 738 vendi
834 698 892 736 nnn
947 683 1131 735 sacramenta
1144 679 1320 752 cognoscite.
1337 679 1418 744 Quod
1434 682 1531 734 autem
1547 678 1709 734 secundum
1719 681 1769 734 ss-

68 777 227 853 potuerint,
244 775 387 833 translata
401 775 431 831 in
447 776 613 847 AEgyptum,
629 777 726 828 ettam
741 769 893 843 naufragio
947 769 1100 840 ptuaginta
1126 767 1274 841 legimus:
1301 770 1333 824 lit
1356 782 1466 841 pascam
1490 783 1550 823 oues
1573 767 1716 824 occisionis
1739 769 1770 822 in

69 871 99 925 et
113 867 202 937 ieme,
214 882 302 935 quam
314 865 446 938 gentiam
460 864 536 920 caede
545 866 689 919 truncata.
709 861 758 917 lsti
769 876 838 932 ergo
846 859 892 914 vi·
947 860 1022 913 icrru
1032 857 1174 923 Cionaan,
1182 856 1223 913 sic
1233 874 1392 929 possumus
1403 855 1578 930 intelligerc;
1590 857 1669 929 quod
1681 873 1771 930 popu·

68 960 175 1026 atores,
186 961 215 1011 et
224 954 339 1011 Domini
352 953 460 1009 ultores
471 952 521 1025 qui
535 951 716 1014 occidebant,
733 953 762 1006 et
773 965 830 1005 non
842 949 892 1004 do·
948 946 1009 1002 lum
1024 946 1211 1047 iudeorum,
1221 946 1270 1019 qui
1284 947 1451 1004 destinatus
1466 952 1511 1003 est
1532 947 1630 1012 morti,
1656 947 1685 1002 in
1709 950 1770 1003 toto

67 1043 178 1111 lebant,
194 1049 223 1099 et
237 1044 401 1099 vendebant
414 1057 517 1114 pecora
532 1044 620 1113 atque
635 1040 791 1095 dicebant:
807 1039 893 1094 Benc-
949 1036 1018 1092 orbe
1040 1036 1207 1109 dispersum
1231 1036 1297 1107 (hoc
1319 1041 1374 1101 est,
1395 1036 1425 1091 in
1440 1041 1518 1092 terra
1532 1035 1666 1092 thannan
1683 1040 1770 1109 atque

67 1132 156 1190 dictus
170 1133 313 1199 Dominus,
328 1131 425 1187 diuites
447 1131 519 1202 sacti
532 1146 635 1197 sumtu,
657 1127 733 1183 hanc
748 1127 895 1183 habebant
949 1124 1114 1198 gentilium)
1129 1130 1230 1198 pascat
1241 1125 1392 1194 Dominus,
1406 1131 1435 1182 et
1448 1124 1602 1182 nutriatad
1615 1124 1771 1182 immolan-

69 1221 258 1280 sententiam.
275 1224 396 1291 Propter
417 1223 535 1291 pecnnia
550 1234 604 1274 sua
618 1217 764 1273 offendere
777 1216 893 1272 iudai:
949 1214 1031 1270 dum.

69 1311 136 1368 ideo
150 1327 200 1368 cos
215 1309 426 1382 oppressimus,
454 1312 482 1364 et
504 1323 539 1363 ex
563 1306 655 1379 pretio
675 1322 775 1361 eornm
792 1303 895 1360 divitas
985 1302 1078 1375 (Vere.
1095 1305 1122 1373 8,
1137 1303 1178 1376 9.)
1189 1306 1226 1361 iit
1238 1307 1374 1377 assumpsi
1393 1306 1463 1361 miii
1479 1305 1550 1361 duas
1561 1307 1674 1377 oirqos:
1688 1320 1774 1360 unam

70 1400 139 1456 iacti
151 1415 265 1456 sumus.
278 1397 336 1455 Nec
347 1395 580 1468 mirum,inquit,
588 1395 613 1451 si
624 1394 722 1451 hostes
728 1395 794 1465 jure
805 1394 895 1449 victo-
948 1394 1046 1449 mcaoi
1054 1392 1188 1459 decorem,
1200 1400 1227 1450 ct
1236 1395 1356 1451 clusam
1366 1396 1460 1451 vocavi
1469 1395 1608 1466 funiculos
1619 1393 1716 1468 [Vulg.
1727 1395 1744 1466 s
1760 1425 1772 1436 ·

71 1504 138 1545 rum
149 1487 323 1543 occidebant
332 1501 446 1558 pecore,
455 1489 484 1541 et
493 1500 551 1540 non
563 1483 709 1551 dolebant,
720 1482 894 1549 vendebant,
949 1479 1103 1554 nicuium];
1119 1489 1145 1538 ei
1158 1484 1223 1556 paui
1244 1500 1362 1554 qreqem
1376 1488 1410 1540 st
1423 1482 1528 1541 succidi
1540 1488 1594 1540 tres
1607 1493 1729 1557 pastores
1742 1484 1772 1539 in

73 1581 102 1634 et
117 1576 145 1631 in
162 1592 217 1632 suo
231 1573 339 1631 scelere
355 1573 573 1647 gloriabantur;
599 1587 665 1628 eum
686 1572 742 1644 ipsi
764 1574 896 1644 pastores
951 1587 1041 1627 mense
1050 1587 1114 1636 uno,
1122 1579 1150 1628 et
1157 1575 1301 1630 contracto
1311 1577 1349 1629 est
1358 1575 1456 1629 anima
1464 1590 1526 1630 men
1535 1575 1566 1629 in
1575 1575 1628 1642 cis;
1640 1572 1775 1645 siqnidem

72 1681 187 1731 eorum,
200 1668 288 1737 atque
304 1664 437 1719 doctores
448 1677 504 1717 non
529 1660 694 1735 pepecarint
708 1659 761 1725 eie,
772 1665 801 1716 et
810 1658 897 1732 culpa
949 1663 976 1716 ct
989 1661 1086 1716 animo
1099 1677 1195 1717 corum
1207 1663 1374 1718 uarinoitin
1383 1680 1435 1720 mc.
1451 1665 1484 1719 st
1498 1664 1560 1720 dici
1568 1681 1578 1719 .·
1593 1664 1652 1719 lion
1663 1678 1775 1734 pascam

70 1770 185 1817 eorum,
200 1769 270 1826 grex
286 1751 364 1825 lupis
379 1751 504 1807 traditus
519 1750 566 1807 sit.
950 1765 1012 1812 uos:
1026 1750 1097 1821 qnod
1106 1754 1237 1821 moruus,
1251 1753 1401 1818 moriatur,
1413 1757 1438 1808 ci
1452 1753 1522 1824 quod
1535 1752 1688 1808 succiditur
1697 1750 1772 1808 881

106 1842 199 1914 (Vens.
215 1842 243 1908 6,
258 1841 299 1912 7.)
314 1842 349 1898 iit
363 1854 411 1909 eqo
423 1855 481 1894 non
496 1855 608 1911 parcam
622 1838 698 1894 ultro
711 1854 793 1910 super
816 1837 896 1894 iabi-
912 1839 1119 1933 Bauccidaiur,
1141 1848 1167 1895 ct
1188 1840 1291 1912 reliqui
1312 1840 1440 1897 decorent
1454 1843 1643 1913 unnsquisque
1661 1857 1776 1899 caricem

71 1934 161 1988 ianus
175 1939 290 2000 terram,
316 1929 383 1985 dicit
397 1929 531 1984 Dominus
547 1945 556 1981 .·
581 1927 646 1983 Ecce
658 1943 705 1998 cqc
719 1926 834 1983 tradam
849 1927 897 1982 bo·
951 1930 1136 2000 proximitui.
1146 1928 1224 1985 LXX:
1237 1933 1270 1986 st
1277 1946 1413 1985 assumam
1420 1930 1566 1986 miiiduos
1575 1933 1681 2002 oirqas:
1691 1947 1776 1986 unam

70 2022 160 2077 mines
169 2033 390 2091 unumquemque
400 2019 430 2072 in
441 2033 529 2072 manu
536 2017 660 2089 proximi
669 2018 725 2082 sui,
735 2022 760 2072 ct
771 2018 799 2071 in
811 2032 898 2071 manu
952 2018 1048 2072 vocavi
1055 2017 1185 2088 decorem,
1193 2021 1219 2073 et
1229 2018 1344 2074 alterum
1352 2018 1447 2075 oocoui
1456 2019 1623 2090 quenulam,
1632 2027 1777 2090 etpascam

71 2110 149 2182 reqis
161 2110 216 2179 sui,
232 2115 258 2164 ct
273 2107 417 2163 concident
431 2109 544 2172 tonnam,
555 2108 581 2160 ct
594 2123 650 2160 non
663 2122 760 2162 cruam
769 2106 803 2161 de
812 2121 899 2161 manu
955 2107 1067 2161 coccii
1077 2109 1266 2178 auscromtres
1275 2116 1402 2178 pastores
1417 2109 1448 2164 in
1461 2124 1552 2165 mense
1561 2124 1627 2181 uno,
1640 2113 1666 2165 ct
1677 2109 1776 2178 inqrc·

73 2214 181 2266 eorum,
197 2204 222 2253 ct
236 2212 352 2267 poscam
361 2211 441 2269 pecus
452 2197 604 2263 occisionis,
613 2200 723 2267 propter
732 2201 790 2266 noc,
802 2212 817 2251 o
827 2211 897 2267 pcn-
952 2203 1038 2250 vescet
1047 2197 1216 2252 animemed
1225 2212 1306 2267 super
1315 2213 1379 2253 eos:
1389 2197 1559 2269 siquidemct
1570 2199 1673 2255 enimn
1684 2212 1779 2254 corum

72 2303 151 2361 peres
166 2287 266 2357 qrcqis.
284 2285 351 2341 LXX
370 2301 376 2339 :
393 2284 453 2341 ideo
467 2300 523 2340 nnnc
536 2300 654 2355 porcam
667 2284 742 2339 ultra
755 2299 836 2355 super
850 2285 899 2338 lin·
954 2283 992 2356 (a)
1003 2285 1239 2357 ruqiclrantsupcr
1247 2302 1300 2341 me.
1309 2287 1341 2342 Et
1351 2285 1429 2341 dici:
1440 2288 1619 2358 Nonposcam
1630 2302 1692 2349 ιιι,Ι
1707 2285 1778 2359 quod

72 2376 205 2433 ditatores
220 2382 313 2439 terrea,
329 2373 399 2429 dicii
414 2374 556 2429 Dominus.
573 2374 728 2444 Etcccceqo
738 2373 845 2428 tradam
855 2371 901 2427 lto·
953 2374 1081 2440 moritur,
1094 2377 1242 2442 moriatur,
1257 2382 1284 2430 ct
1298 2376 1369 2447 qnod
1383 2374 1483 2445 deicit,
1499 2375 1616 2446 deficiat,
1632 2383 1658 2432 ct
1671 2374 1780 2449 reliqui

77 2466 166 2521 mines
174 2478 395 2535 unumquemque
405 2465 433 2518 in
445 2478 543 2518 manas
551 2463 674 2532 proximi
680 2462 734 2529 sui,
743 2466 768 2518 ct
776 2465 807 2517 in
816 2477 902 2517 manu
954 2461 1081 2539 devorent
1091 2464 1278 2534 unusquisque
1287 2479 1383 2520 mines
1389 2465 1514 2536 proximi
1522 2465 1577 2520 sui.
1590 2464 1686 2538 Supra
1698 2462 1777 2521 dixe·

79 2569 175 2625 requm
184 2554 256 2623 cius,
265 2554 292 2607 et
300 2551 442 2608 concident
452 2554 662 2618 terremotum
671 2551 902 2607 eruomdemanu
956 2555 1013 2608 rat:
1025 2552 1146 2623 Propter
1155 2551 1220 2620 hoc,
1232 2568 1249 2608 o
1259 2567 1402 2625 pauperes
1412 2552 1519 2625 gregis,
1533 2557 1562 2609 et
1574 2552 1777 2609 iactainocao-

78 2658 183 2710 eorum,
200 2646 226 2698 et
239 2657 347 2714 pascam
362 2657 423 2697 oocs
437 2640 580 2697 occisionis
595 2642 624 2695 in
636 2639 830 2696 Cinnanitidc.
844 2640 901 2696 lloc
956 2641 1048 2711 nicer,
1071 2640 1311 2707 subaudiebatur,
1327 2640 1472 2707 attendite,
1488 2640 1558 2714 quia
1573 2641 1673 2698 Libani
1689 2644 1778 2715 porte

78 2731 157 2804 quod
167 2729 237 2806 LXX
246 2729 277 2785 in
288 2734 416 2786 extremo
426 2728 554 2803 capitulo
566 2728 797 2785 transtulerunt:
812 2734 846 2786 Et
853 2746 902 2801 pa·
957 2733 1062 2803 aperte
1086 2734 1171 2798 sunt,
1198 2735 1226 2785 et
1249 2745 1374 2803 quercus
1394 2728 1501 2795 Dassa,
1517 2729 1627 2786 abietes
1641 2729 1780 2803 cedrique

78 2836 153 2877 scam
167 2835 227 2876 oues
241 2820 385 2876 occisionis
399 2821 429 2874 in
445 2827 521 2874 terra
535 2818 612 2874 886
627 2817 768 2886 Cinnano,
784 2834 841 2874 non
857 2824 902 2874 est
956 2818 1087 2888 succisae,
1102 2823 1132 2874 et
1141 2816 1279 2874 intulerat
1290 2818 1491 2874 comminans:
1505 2820 1563 2876 Non
1575 2835 1690 2892 porcam
1704 2820 1780 2877 ultro

77 2909 109 2966 in
124 2909 253 2973 liebraeo,
269 2912 298 2965 et
312 2925 329 2964 a
344 2906 423 2963 nullo
439 2907 496 2964 alio
511 2907 672 2964 tranfertur
695 2907 901 2979 interpretum.
955 2926 1040 2982 super
1048 2908 1215 2964 dubitatores
1229 2914 1320 2974 terrm,
1332 2907 1400 2974 dicit
1410 2909 1551 2963 Dominus.
1562 2908 1597 2963 lit
1608 2907 1664 2964 hoc
1674 2908 1710 2966 de
1721 2925 1779 2966 uno

77 2997 152 3063 Ouia
166 3013 235 3071 ergo
250 3001 382 3070 pastores
393 3013 493 3053 eorum
506 3013 563 3053 non
575 2996 732 3069 parcebant
745 2995 797 3063 eis,
809 2999 838 3051 ct
847 2995 903 3069 ipsi
956 2998 1078 3056 ludaico
1092 2996 1200 3070 populo
1216 2996 1312 3053 dicare
1325 2996 1489 3064 videbatur,
1518 2998 1596 3069 quod
1620 2997 1780 3055 interiectis

80 3086 212 3161 primum
227 3101 326 3141 meum
341 3084 482 3158 populum
498 3085 728 3141 devoraverunt:
744 3084 863 3153 idcirco,
875 3090 903 3142 et
957 3086 1119 3161 prophetis,
1132 3086 1220 3142 etiam
1236 3085 1265 3140 in
1281 3083 1387 3141 Filium
1399 3085 1448 3142 Dei
1463 3085 1614 3144 misissent
1625 3103 1741 3155 manus,
1752 3091 1782 3144 et

78 3173 900 3249 egononparcamultresuperbabitatoresterraeiudae,
957 3192 1027 3233 noce
1050 3174 1205 3231 temeraria
1227 3173 1477 3231 conclamassent:
1494 3177 1614 3253 sanquis
1626 3176 1686 3247 ejus
1700 3191 1783 3249 super

78 3265 151 3322 dicit
165 3265 317 3321 Dominus.
334 3265 372 3320 De
385 3263 438 3320 bac
452 3263 530 3320 enim
546 3267 624 3318 terra
639 3263 780 3337 loquitur,
794 3264 830 3320 de
844 3235 940 3336 quac
958 3282 1017 3333 nos,
1042 3274 1069 3321 ct
1082 3280 1165 3332 super
1178 3264 1250 3331 ilios
1264 3267 1371 3319 nostros
1385 3264 1497 3334 (Metti.
1513 3281 1599 3336 xxvn,
1615 3264 1680 3337 25)t
1698 3266 1781 3322 Nunc

78 3354 106 3412 ei
120 3370 218 3411 sermo
232 3358 305 3422 erat,
317 3356 345 3408 ct
357 3369 416 3409 non
426 3353 462 3407 de
475 3352 544 3408 orbe
554 3355 712 3423 terrarum,
723 3352 800 3408 sicut
810 3351 903 3408 Judai
957 3357 1075 3412 Creator
1089 3352 1289 3428 universitatis
1302 3357 1330 3407 et
1343 3352 1483 3409 Dominus
1494 3352 1633 3426 mysteria
1647 3353 1692 3409 sui
1703 3354 1782 3410 orbis

79 3442 155 3501 male
168 3442 394 3515 interpretantes
405 3458 422 3497 a
432 3457 463 3497 se
476 3439 577 3496 volunt
588 3439 618 3494 in
630 3439 718 3496 aliam
729 3444 841 3512 partem
852 3441 903 3497 Dei
957 3441 1085 3514 exponit,
1111 3444 1141 3496 et
1159 3439 1230 3496 dicit
1243 3441 1318 3496 duas
1333 3440 1471 3497 habuisse
1485 3457 1516 3498 se
1531 3440 1639 3515 virgas,
1655 3458 1781 3514 quarum

78 3532 238 3606 depravare
249 3529 435 3587 sententiam.
447 3530 515 3585 Post
524 3528 703 3584 everaoniem
715 3527 823 3601 quippe
833 3533 904 3585 tem·
957 3531 1080 3587 alteram
1091 3530 1223 3586 decorem
1240 3526 1392 3594 vocaverit,
1405 3526 1524 3584 alteram
1535 3530 1574 3602 (b)
1585 3529 1741 3600 tuniculas,
1753 3535 1783 3586 et

78 3620 120 3695 pli
135 3620 211 3693 (que
222 3623 374 3692 propterea
383 3618 426 3674 eis
437 3616 554 3682 accidit,
566 3616 636 3688 quia
646 3632 697 3689 per
710 3616 905 3688 quadraginta
960 3620 990 3676 in
1012 3619 1128 3676 duabus
1149 3618 1278 3674 vinetum
1298 3616 1406 3689 paverit
1429 3633 1560 3689 gregem:
1583 3622 1642 3674 tres
1666 3634 1783 3691 quoque

78 3705 902 3780 etduosannos,postquampassusestDominus,acce-
958 3712 1091 3783 pastores
1119 3707 1149 3762 in
1179 3722 1236 3762 uno
1265 3721 1366 3762 mense
1394 3705 1561 3773 succiderit,
1581 3710 1609 3762 et
1635 3711 1782 3764 contracta

78 3801 129 3873 pto
139 3797 246 3872 spatio,
259 3796 459 3868 poenitentiam
471 3810 557 3867 agera
567 3793 735 3866 noluerunt)
746 3794 903 3863 dimittam,
959 3798 1007 3868 sit,
1015 3797 1074 3854 sive
1085 3796 1245 3869 indignata,
1253 3792 1781 3867 aut(utSeptuagintatranstulerunt)

78 3886 186 3960 inquit,
203 3901 446 3958 unumquemque
460 3888 562 3940 contra
580 3883 746 3956 proximum
761 3900 860 3956 sunm,
876 3889 905 3941 et
958 3890 1127 3958 inqrnocscct
1141 3885 1235 3941 anima
1245 3899 1466 3957 measupcrcos:
1480 3882 1559 3940 haud
1574 3883 1699 3941 dubium
1710 3885 1781 3958 quin

77 3978 185 4034 mutua
198 3991 229 4031 se
244 3975 321 4031 cade
336 3973 526 4038 truncabunt,
552 3972 612 4028 sive
628 3973 657 4027 in
674 3972 738 4045 ipsa
752 3973 905 4030 obsidione
958 3980 1090 4050 pastores
1101 3973 1255 4048 significet,
1264 3989 1337 4046 quos
1348 3971 1472 4029 succidit
1482 3973 1512 4029 in
1521 3989 1697 4031 menseuno.
1706 3975 1781 4032 lied-

77 4063 192 4137 templi,
208 4064 326 4137 quando
340 4061 504 4120 Jerusalem
521 4061 671 4118 Romanus
686 4061 782 4136 cinget
796 4062 905 4118 exerci·
959 4066 1061 4138 ditque
1076 4079 1195 4120 causam
1211 4079 1263 4118 cur
1277 4061 1444 4134 pastoribus
1454 4061 1625 4136 indignatus
1636 4063 1780 4120 sitintan·

77 4158 130 4211 tus
143 4170 152 4209 ι
167 4158 249 4210 tanta
264 4153 344 4209 enim
358 4153 433 4207 inter
447 4151 527 4223 ipsos
538 4150 554 4207 J
559 4151 656 4206 udaeos
671 4156 757 4207 erunt
770 4151 847 4207 balla
861 4156 903 4208 at·
959 4160 1033 4222 tum,
1050 4157 1083 4209 ut
1096 4169 1146 4209 eos
1162 4152 1191 4206 in
1208 4169 1267 4208 uno
1283 4167 1384 4208 rnense
1399 4150 1576 4208 succiderit:
1601 4154 1742 4225 Siquidem
1756 4163 1782 4212 et

77 4240 446 4319 quediscordiamtintres
456 4245 553 4314 partes
562 4238 850 4312 populusdividatur.
861 4247 907 4295 Le·
959 4246 1070 4314 anima,
1087 4240 1193 4314 inquit,
1209 4257 1304 4299 corum
1319 4242 1440 4297 oariaoit
1453 4242 1486 4297 in
1497 4256 1551 4298 me.
1562 4242 1598 4297 at
1607 4247 1652 4298 est
1661 4259 1781 4300 sensus:

76 4348 187 4407 gamus
200 4330 361 4403 iosephum
377 4334 406 4386 et
420 4332 532 4402 septem
546 4328 675 4383 iudaicae
686 4327 860 4400 captivitatis
870 4328 905 4385 li·
959 4333 1023 4390 Non
1032 4348 1079 4389 me
1086 4330 1172 4405 pleno
1182 4329 1465 4387 animodilexerunt:
1476 4346 1529 4386 nec
1536 4336 1668 4403 pastores
1677 4349 1784 4389 merce·

76 4421 161 4488 bros,
177 4425 206 4476 et
219 4419 296 4475 hanc
307 4418 492 4492 prophetiam
503 4433 568 4472 esse
579 4415 765 4488 completam,
777 4417 906 4474 historia
960 4420 1035 4479 narii
1050 4437 1151 4477 verum
1168 4435 1301 4476 amavere
1317 4421 1463 4491 pastorem
1480 4435 1487 4473 :
1505 4419 1576 4488 Quia
1588 4423 1683 4491 pastor
1698 4421 1784 4477 donus

75 4509 200 4568 veritate
224 4524 390 4565 cernemus.
405 4509 437 4562 at
455 4507 606 4571 concident,
631 4505 682 4572 ait,
696 4508 810 4576 terram,
828 4506 906 4563 baud
960 4513 1037 4585 ponit
1060 4513 1185 4567 animam
1206 4525 1288 4565 suom
1311 4525 1362 4580 pro
1387 4507 1480 4563 coitus
1500 4510 1558 4564 suis
1571 4509 1661 4577 (ioan.
1676 4525 1709 4576 x,
1727 4510 1782 4579 ll).

76 4597 205 4657 dubium
221 4598 293 4670 quin
310 4595 433 4653 Romani
448 4611 563 4651 omnem
580 4598 688 4649 terram
706 4597 734 4649 et
756 4595 907 4653 universas
921 4604 946 4670 ὓ
961 4600 1156 4667 Quamobrem
1171 4601 1199 4654 et
1213 4613 1266 4668 ego
1281 4594 1451 4669 indignatus
1467 4596 1640 4652 sententiam
1664 4596 1784 4670 protuli,

76 4687 172 4746 urbes
185 4686 385 4745 destruxerint
397 4684 576 4740 iudaeorum.
592 4683 625 4738 iit
639 4700 694 4739 non
707 4700 805 4740 eruam
818 4701 863 4741 eos
876 4686 909 4742 dc
961 4694 990 4746 et
999 4689 1035 4745 ad
1045 4689 1125 4761 ipsos
1135 4695 1358 4761 pastores,quos
1370 4700 1435 4740 mea
1444 4684 1643 4759 indignatione
1653 4687 1783 4744 succide·

74 4792 287 4835 monacorum.
302 4774 390 4842 Audi,
404 4774 514 4842 iudae,
527 4771 576 4844 qui
590 4771 642 4827 tibi
653 4788 721 4841 spes
732 4773 908 4832 vanissimas
962 4795 1035 4850 ram,
1051 4777 1112 4834 sive
1126 4775 1249 4833 succisis
1264 4773 1430 4846 pastoribus
1446 4775 1481 4831 ad
1500 4775 1639 4832 relectum
1655 4774 1708 4850 [Al.
1718 4776 1785 4833 reli·

75 4865 273 4940 repromittis,
286 4868 315 4920 et
325 4880 384 4920 non
395 4862 480 4918 audis
493 4860 640 4917 dicentem
650 4861 808 4917 Dominum
819 4867 908 4936 atque
961 4868 1065 4940 quum]
1082 4881 1197 4938 gregem
1214 4864 1331 4920 locutus
1345 4880 1431 4920 sum:
1449 4868 1511 4922 Non
1529 4880 1641 4938 qrascam
1655 4881 1700 4921 uos
1707 4885 1719 4931 ;
1733 4865 1784 4922 sed

74 4956 270 5014 firmantem:
295 4955 357 5009 Non
378 4967 478 5007 eruam
501 4950 534 5005 dc
551 4950 682 5006 monidtas
699 4966 803 5021 corum,
829 4953 907 5025 quod
962 4956 1039 5028 quod
1055 4959 1177 5011 mortem
1194 4953 1290 5027 clegit,
1311 4970 1365 5009 sua
1379 4951 1527 5010 voluntate
1543 4952 1695 5022 moriatur,
1711 4959 1739 5011 et
1754 4970 1786 5011 se

75 5048 194 5103 aeterna
208 5043 247 5099 sit
261 5041 339 5115 apud
355 5045 502 5097 Romanos
516 5043 568 5094 tua
582 5038 681 5094 lutura
695 5040 858 5113 captivitas.
875 5044 908 5099 st
962 5044 1134 5100 alterutrum
1146 5043 1461 5114 devorent,mutuaque
1472 5041 1548 5099 cede
1560 5039 1785 5100 dilanientiiaec

71 5148 194 5210 pascam
204 5148 286 5206 pccsc
299 5130 451 5196 occisionis,
468 5132 500 5184 ut
510 5128 727 5200 semperiudaei
740 5131 908 5188 nutriantur
960 5134 1189 5210 snspensas-nnis<
1200 5131 1338 5200 diximus,
1356 5134 1389 5186 ut
1403 5130 1506 5186 lutura
1518 5130 1729 5203 explanationis
1740 5148 1784 5189 sc·

74 5223 117 5281 ad
130 5225 270 5291 mortem;
286 5223 438 5293 propterea
448 5216 518 5290 quis
528 5216 579 5272 Dei
589 5216 701 5272 estista
712 5219 907 5276 sententia:0
961 5224 1065 5280 mitam
1087 5219 1785 5292 sterneremuscreatoretpastorcujusovesco·

72 5328 133 5370 vos
143 5311 194 5385 qui
202 5308 273 5367 estis
283 5324 426 5384 pauperes
436 5305 544 5379 gregis,
553 5304 608 5361 boe
619 5306 752 5377 satiasti
764 5308 799 5364 de
808 5309 906 5377 lsrael,
962 5315 1108 5385 gnoscunt
1121 5325 1231 5377 uocem,
1248 5313 1277 5365 et
1291 5312 1457 5382 sequuntur
1471 5325 1551 5380 enm,
1572 5310 1647 5367 duas
1662 5309 1718 5367 sibi
1733 5327 1785 5367 as-

116 5490 157 5563 (a)
167 5486 311 5545 Describit
319 5484 633 5552 victoriosissimam
642 5499 694 5556 pro
763 5485 858 5586 'etqua
871 5488 907 5546 ad
961 5488 1787 5573 dnobusoirqisiunctispaocriiqrcqcmmtc.Pauloquoque

74 5563 172 5622 Grac.
188 5558 245 5614 ἐπω
265 5557 360 5641 cinvio
376 5557 447 5641 sive,
461 5561 495 5612 ut
508 5555 571 5629 ipse
588 5501 906 5641 mavultsnfnoqsocrcs.
962 5569 1038 5639 post,
1055 5565 1200 5635 inqrooota
1223 5562 1318 5618 anima
1340 5577 1409 5634 qus,
1434 5576 1486 5634 pro
1507 5562 1678 5632 inqmocscet
1691 5577 1788 5622 mimo

115 5633 156 5717 (b)
171 5631 227 5689 Ms.
243 5577 369 5704 itegrnn,
377 5628 553 5758 (aniculam,
579 5627 626 5682 hro
650 5632 738 5701 atque
753 5637 839 5699 rutra,
856 5633 906 5689 sed
961 5652 1036 5694 meu.

75 5709 109 5765 et
142 5721 174 5761 ιιι
206 5702 325 5789 Ηιιιιωο
357 5700 487 5776 ριιιίιιιιι
519 5703 564 5756 est
592 5715 755 5757 uumerus:
785 5705 848 5760 tum
881 5714 907 5761 et
