3818 6104
112 294 175 369 Μ
284 370 287 374 A
727 301 759 365 S.
782 298 940 368 possen
961 299 1197 369 uitauerat.
1749 306 1809 374 ”t

114 439 253 513 deprome
267 432 451 497 mutantium.
462 431 625 494 Santonim
636 434 784 494 maechata
795 434 825 494 in
836 435 933 508 idolis,
948 439 976 507 Α
990 440 1204 497 concremarint
1215 457 1222 498 ι
1235 440 1377 499 interfanti
1387 438 1448 501 sint
1464 442 1565 518 populi
1575 442 1614 518 (l)
1624 442 1675 519 qui
1685 457 1739 519 pre
1748 442 1809 503 aaa

115 535 144 587 et
155 528 276 601 sanguis
288 529 317 584 in
331 527 469 584 manibus
480 543 592 599 earum,
604 543 705 584 eorum
717 527 851 584 videlicet
860 544 935 600 quos
990 527 1155 585 damonum
1171 528 1465 589 simulacravenerati
1481 536 1561 590 sunt.
1573 532 1698 590 Possunt
1708 531 1771 590 hac
1781 535 1811 591 et

115 615 420 673 idolis'immolarunt:
439 620 471 673 ut
489 616 565 672 filios
585 633 658 689 quos
674 616 746 672 mibi
761 620 933 689 genuerant,
989 622 1055 688 post
1066 618 1222 675 adventum
1241 619 1348 677 Christi
1367 621 1500 695 intelligi,
1525 623 1603 695 quod
1619 622 1757 694 virijusti
1774 622 1811 680 de

114 706 297 763 daemonibus
308 711 520 764 consecrarent.
533 708 590 764 Nec
601 706 655 762 boc
672 708 803 764 fecerunt
822 707 892 763 soris
906 710 935 762 et
989 706 1105 779 populis
1120 708 1270 764 nationum
1284 709 1341 782 ipsi
1351 711 1549 769 Samaritanus
1558 716 1587 768 et
1599 711 1716 768 Judoeos
1729 727 1811 769 com·

27 789 29 792 ⁴
116 795 146 851 in
155 796 316 862 montibus,
328 811 361 852 ac
371 795 457 865 lucis,
470 800 502 852 ut
512 812 587 867 sape
599 797 691 852 iacere
703 799 932 863 consueverant;
988 796 1138 868 paratione
1152 797 1198 853 sui
1210 797 1354 868 judicent,
1369 803 1398 854 et
1412 799 1530 856 tradant
1542 817 1591 857 eos
1613 801 1649 856 ad
1666 801 1809 860 devoran-

113 885 163 940 sed
179 884 215 939 ad
236 889 398 941 extremum
423 883 589 958 polluerunt
609 883 753 956 templum
774 899 885 950 rriaum,
900 888 934 940 ut
988 884 1070 952 dum,
1083 885 1190 956 quibus
1214 886 1353 943 Dominus
1374 887 1486 944 dixerat
1508 889 1612 962 quatu.
1639 891 1808 959 rx111,38):

115 979 244 1030 statuam
256 975 324 1030 Bnal
341 975 370 1029 in
385 991 418 1030 eo
434 977 584 1046 ponerent.
600 975 634 1030 Et
649 973 771 1029 sabbata
786 988 851 1028 mea
865 989 931 1045 pro·
986 973 1166 1045 Relinquetur
1181 975 1256 1031 colu
1270 976 1366 1032 domur
1379 981 1468 1033 uestra
1487 977 1602 1034 decerta.
1618 982 1670 1035 ut:
1691 978 1808 1050 Quando

112 1063 304 1122 sanaverunt:
325 1067 358 1119 ut
372 1081 424 1120 nec
444 1063 511 1129 loci,
525 1061 933 1134 neotemporiseustodiretur
986 1063 1112 1118 videritis
1132 1065 1303 1120 circumdari
1325 1065 1360 1121 ab
1382 1069 1504 1122 acereta
1523 1069 1688 1135 Jerusalem,
1712 1071 1808 1125 acuon

115 1153 192 1224 apud
202 1151 435 1224 eosreligin.Sed
448 1168 499 1208 nec
509 1151 700 1224 presentibus
716 1155 831 1207 tanturn
847 1150 930 1207 adul·
985 1152 1052 1222 quia
1076 1155 1275 1225 appropinquat
1306 1155 1437 1212 martialio
1455 1158 1514 1229 ejus
1552 1158 1629 1228 (Luc.
1662 1173 1720 1226 xxi,
1749 1157 1804 1229 22).

110 1241 192 1298 teriia
204 1245 344 1297 contentae
355 1245 447 1310 erant,
460 1257 553 1311 neque
567 1239 681 1296 suffecit
697 1239 749 1307 eis,
766 1239 843 1310 quod
856 1239 930 1295 tilios
986 1239 1083 1312 Usque
1102 1240 1189 1298 hodie
1204 1242 1281 1298 enim
1298 1242 1467 1300 adulterata
1483 1250 1562 1311 sunt,
1579 1250 1608 1301 et
1622 1245 1714 1301 totius
1727 1245 1804 1302 orbis

112 1328 596 1386 meosimmolaveruntidolissuis
607 1327 649 1383 vel
661 1328 861 1395 damonibus3
878 1327 928 1383 sed
984 1327 1132 1400 lapidibus
1147 1330 1364 1403 opprimuntur.
1389 1333 1532 1399 Quoniam
1558 1333 1704 1390 miserunt
1731 1350 1804 1390 nun·

110 1418 399 1491 peregrinisquoque
415 1417 613 1490 voluptatibus
632 1416 825 1484 lascivientes,
841 1423 928 1485 Assy·
984 1417 1040 1472 ties
1057 1418 1093 1473 ad
1118 1435 1168 1474 eos
1194 1419 1245 1490 qui
1270 1424 1353 1476 erant
1375 1421 1485 1494 procul,
1510 1426 1539 1477 et
1559 1422 1656 1478 dicere
1679 1439 1739 1478 nnn
1754 1438 1805 1494 po·

110 1504 927 1578 riorumatqueChaldaeornmsimulacrnvenerataesunt.
983 1510 1099 1563 terant:
1121 1508 1176 1577 Epo
1203 1508 1274 1565 Deus
1301 1511 1530 1582 appropinquans,
1560 1520 1585 1567 ct
1611 1526 1667 1567 non
1688 1511 1806 1569 cauda

107 1595 162 1661 pai
177 1611 244 1650 cum
259 1595 417 1663 venissent,
438 1593 539 1652 Oolibn
561 1595 600 1668 (a)
622 1594 795 1662 Jerusalem,
811 1611 928 1651 omnem
984 1595 1406 1669 tonqe‚ureuoominua(tu·em.
1419 1600 1557 1671 xx111,23)
1569 1603 1612 1655 :et
1624 1616 1805 1672 preparave-

108 1683 246 1742 adulteree
266 1684 400 1741 habitum
425 1683 553 1757 implesti
575 1701 664 1757 super
686 1701 746 1751 cos,
771 1689 802 1739 ut
816 1683 928 1741 lavares
982 1689 1053 1740 runt
1067 1701 1098 1741 se
1114 1687 1294 1742 amatoribus
1318 1687 1381 1743 suis
1404 1688 1608 1744 daemonibus:
1631 1692 1661 1744 et
1685 1704 1804 1745 omnem

84 1755 92 1775 ²
109 1790 226 1847 corpus,
244 1774 344 1831 oculos
363 1774 451 1831 stibio
461 1773 562 1830 linires
574 1791 580 1829 :
593 1779 626 1828 ut
637 1789 803 1830 assumeres
813 1771 926 1829 nultum
981 1773 1094 1829 cultum
1111 1779 1198 1846 atque
1209 1780 1345 1831 ornatum
1356 1791 1472 1848 querna
1488 1781 1546 1832 Dee
1566 1779 1737 1849 acceperant
1749 1792 1804 1832 na·

105 1863 290 1932 muliebrem,
312 1865 428 1921 sederes
451 1863 479 1918 in
499 1862 607 1919 lectulo
632 1861 746 1918 libidini
765 1866 926 1934 praeparata
981 1862 1805 1937 turalibono,vertsruutincultumdaemonumetopera

109 1952 160 2019 [At.
177 1953 360 2026 preparatol,
376 1951 479 2024 epulae
495 1967 681 2024 proponeres,
698 1950 807 2023 quibus
819 1951 926 2007 fractas
980 1952 1247 2022 suadecoremoue
1258 1969 1345 2024 quem
1356 1953 1387 2008 in
1405 1952 1523 2010 armiles
1540 1953 1744 2010 etdiademate
1756 1953 1803 2009 in·

104 2042 141 2098 ad
156 2042 309 2100 libidinem
324 2043 401 2099 vires
424 2057 573 2113 reparares
596 2045 760 2097 amatorum
784 2043 924 2107 tuorum;
980 2038 1153 2114 telligimus,
1174 2041 1314 2097 adulteris
1329 2042 1511 2098 amatoribus
1525 2042 1715 2115 praebuerunt
1729 2056 1801 2115 quo·

103 2132 255 2206 thymiana
271 2146 367 2188 meum
383 2136 411 2188 et
424 2136 607 2203 unguentum
623 2130 699 2202 quod
726 2128 798 2185 mibi
814 2129 924 2200 speoia-
979 2146 1045 2185 rum
1060 2145 1146 2201 piena
1165 2129 1301 2202 gentibus
1326 2129 1415 2186 timor
1437 2135 1492 2201 est,
1518 2131 1607 2187 immo
1630 2130 1677 2186 his
1701 2131 1803 2204 quiex

103 2221 169 2278 liter
177 2223 325 2294 jusseram
337 2221 400 2277 iteri
416 2219 510 2291 (aaut.
522 2220 599 2289 xxx),
621 2224 650 2275 et
669 2217 854 2275 exterminari
866 2217 926 2275 ani·
978 2217 1115 2291 gentibus
1130 2218 1327 2286 crediderunt,
1345 2217 1500 2275 assimilia
1511 2219 1668 2291 patiantur,
1680 2218 1802 2275 sienis·

103 2326 183 2367 mam
198 2309 279 2366 illam
294 2310 331 2366 do
356 2309 553 2383 puppimque
573 2308 604 2363 in
628 2301 756 2380 privatos
782 2324 855 2364 usus
869 2306 924 2363 boo
978 2306 1142 2380 uariatque
1153 2306 1801 2380 iecitSamariaatterusalem.aquibustnne

105 2399 200 2456 lacere
213 2398 365 2468 voluisset,
385 2403 417 2455 tu
436 2400 554 2455 offerres
563 2396 650 2454 idolis
663 2414 670 2463 ;
685 2400 718 2452 ut
733 2411 923 2468 congregares
979 2396 1148 2452 anferentur
1160 2394 1336 2468 impietates,
1347 2412 1413 2451 cum
1429 2395 1590 2468 receperint
1603 2395 1680 2453 278
1690 2395 1802 2455 seelera

103 2488 298 2562 frequentiam
313 2488 500 2562 populorum,
517 2487 578 2544 sive
592 2485 672 2544 omni
683 2501 788 2558 genere
798 2485 924 2541 musico·
977 2501 1041 2552 sua,
1053 2489 1082 2540 el
1092 2483 1223 2540 velamen
1235 2485 1312 2555 quod
1321 2486 1449 2557 positum
1458 2483 1701 2541 estantevultum
1707 2484 1801 2558 Moysi

101 2594 167 2634 rum
185 2593 325 2635 caneres:
340 2581 373 2633 ut
388 2576 554 2633 nouaclum
569 2575 645 2642 visu,
661 2574 711 2630 sed
736 2577 765 2629 et
776 2573 877 2629 auditu
894 2577 923 2629 el
977 2574 1072 2646 (and
1083 2575 1190 2646 ιιιιιιιν).
1206 2573 1382 2630 abstulerint
1395 2573 1431 2630 ab
1446 2573 1541 2630 oculis
1563 2574 1637 2645 suis,
1649 2577 1799 2648 utcogno·

101 2666 236 2737 odoratu,
254 2671 282 2722 et
297 2668 410 2722 cunctis
430 2665 566 2722 sensibus
590 2663 719 2735 placeres
740 2661 922 2719 amatoribus
977 2668 1061 2720 scant
1074 2662 1152 2735 quod
1168 2663 1230 2735 ipss
1246 2662 1284 2718 sit
1297 2663 1439 2719 Dominus
1451 2662 1538 2719 lesus
1549 2661 1694 2735 Christus,
1710 2678 1800 2736 quem

104 2755 174 2826 tuis,
187 2755 238 2826 qui
247 2758 390 2811 venerunt
399 2755 435 2809 ad
446 2759 474 2810 te
486 2751 577 2810 ebrii:
591 2768 649 2808 non
666 2751 783 2807 urbane
798 2748 922 2822 mieujus
976 2752 1026 2808 Dei
1042 2752 1150 2808 Filium
1166 2755 1345 2825 negaverunt
1364 2752 1400 2823 (ΙΙ
1416 2751 1477 2808 Cor.
1494 2752 1547 2824 ιιι).

103 2841 264 2915 elegantia,
277 2843 326 2899 sed
338 2843 542 2898 dedesertoec
562 2838 731 2904 solitudine,
744 2838 922 2895 rusticorum
1012 2841 1091 2913 (Cap.
1107 2840 1204 2897 XXIV.
1220 2840 1302 2897 Vers.
1320 2843 1333 2896 1
1348 2843 1424 2912 seq.)
1445 2842 1479 2898 Et
1500 2842 1605 2911 tactam
1627 2848 1667 2898 eet
1686 2841 1800 2898 uerbum

102 2947 135 2987 ac
159 2931 306 2987 latronum
328 2929 461 2986 habitum
484 2928 678 3001 preferentes.
703 2927 738 2982 at
759 2927 789 2981 in
809 2929 921 2984 tantam
975 2930 1223 2987 Dominiudmein
1238 2946 1310 2987 anau
1324 2945 1406 2999 nono,
1423 2931 1453 2984 in
1469 2930 1799 3002 nemeaeumpecina

98 3020 409 3080 exarsistisosorores
418 3017 719 3092 pessimas,insaniam
727 3017 910 3091 voluptatum
974 3018 1798 3090 manciadimna:Filihominiaacribetibinomendieilm·

100 3115 134 3167 ut
157 3110 288 3168 armillas
311 3113 423 3166 vestras
444 3111 473 3163 et
497 3105 710 3163 discriminalia
732 3105 920 3179 imponeretis
977 3107 1799 3180 iusinquaconfirmataseuracltabplonieaduereumleru-

99 3201 239 3257 menibus
253 3203 283 3256 et
300 3198 447 3271 capitibus
470 3201 635 3252 amatorum
659 3199 834 3263 vestrorum,
858 3194 918 3250 sive
933 3178 955 3246 G
973 3198 1057 3254 sulem
1064 3197 1152 3254 bodie.
1164 3197 1279 3253 arduas
1290 3197 1519 3270 perproperbr'um
1531 3197 1688 3254 adamum
1698 3199 1798 3255 irrito·

98 3291 181 3349 vobis
196 3289 279 3363 ipsis,
290 3294 323 3346 ut
334 3288 425 3362 plene
436 3292 540 3343 ornatu
557 3283 761 3357 turparemini.
778 3283 920 3350 Quamob—
973 3287 1069 3343 tricem
1081 3285 1253 3357 parabolam,
1269 3290 1294 3342 et
1309 3286 1427 3357 loqueris
1442 3285 1479 3342 ad
1491 3302 1555 3342 eoa:
1580 3290 1648 3342 Haec
1661 3285 1730 3344 tuit
1741 3288 1797 3343 llo-

99 3397 160 3438 rcm
172 3380 233 3436 dixi
247 3377 283 3449 ei,
303 3377 347 3435 vel
361 3375 536 3442 Jerusalem,
558 3373 602 3430 vel
623 3373 770 3441 Samaria,
784 3371 828 3428 vel
845 3371 918 3428 utri·
971 3377 1065 3431 minue
1082 3375 1171 3431 Deus:
1188 3376 1263 3431 Pone
1276 3375 1370 3446 ollam,
1384 3391 1466 3447 pona
1493 3376 1617 3446 inquam,
1632 3379 1660 3431 ct
1673 3376 1751 3432 mitte
1763 3377 1796 3431 in

99 3485 157 3540 qne
170 3486 176 3524 :
187 3469 234 3525 Sic
245 3466 397 3524 attrivistis
409 3466 543 3531 frontem,
557 3468 590 3520 ut
611 3478 796 3535 nequaquam
808 3464 918 3518 secreto
971 3480 1146 3535 eamaquaua.
1157 3465 1375 3535 Conperetraeta
1388 3465 1447 3536 ejus
1457 3466 1797 3537 incum,omncmpurtcm

98 3555 283 3629 polluamini,
298 3555 341 3612 vel
357 3554 465 3624 mariti,
480 3552 526 3609 rel
540 3552 694 3609 hominum
706 3550 802 3607 vitetis
818 3565 917 3622 aspec-
973 3552 1080 3620 lunam,
1089 3555 1214 3624 fumaret
1224 3552 1797 3625 armum,etectoatoeaitusplenoPinquia·

97 3649 161 3702 tum
174 3645 241 3714 ;sed
252 3644 346 3700 instar
355 3642 540 3699 meretricum
552 3638 917 3714 publicessttprostitua·
970 3644 1073 3698 rimam
1086 3657 1166 3714 penu
1180 3657 1307 3698 assume:
1323 3657 1451 3713 compone
1465 3657 1569 3714 quoque
1587 3644 1673 3697 arura
1688 3643 1797 3697 ossium

97 3733 181 3803 mini,
198 3733 248 3807 qui
257 3732 383 3806 ingressi
395 3735 466 3788 sunt
476 3731 512 3788 ed
522 3746 583 3802 roa,
597 3728 681 3801 quasi
691 3728 727 3785 ad
739 3727 916 3796 meretrices,
970 3731 1062 3787 aulea
1073 3747 1079 3785 :
1090 3730 1220 3804 efferbuit
1230 3732 1312 3787 coelio
1324 3732 1392 3802 qur,
1403 3733 1428 3786 ct
1438 3730 1627 3787 disceptarunt
1643 3745 1703 3786 osen
1711 3731 1795 3786 itlius

96 3823 227 3881 certatim
242 3839 293 3880 vos
308 3820 437 3894 polluam
451 3820 611 3894 cupientes.
626 3818 752 3874 Tradnm
763 3816 853 3890 igitur
865 3831 917 3872 vos
971 3822 1002 3875 in
1010 3820 1098 3877 medio
1108 3821 1176 3892 eja-r.
1185 3824 1330 3892 Propterea
1338 3819 1469 3877 baudicit
1475 3820 1693 3877 commutem:
1704 3823 1752 3876 Vae
1758 3820 1798 3876 ci·

97 3913 134 3969 ad
144 3913 328 3985 puniendum
338 3911 385 3967 his
397 3910 504 3983 quibus
514 3909 591 3965 ultro
601 3908 717 3964 traditas
732 3906 803 3963 estis
814 3906 850 3962 ad
867 3905 916 3961 de·
969 3911 1050 3966 amati
1064 3911 1244 3980 tarquinum,
1259 3909 1320 3965 olla
1334 3910 1411 3981 cujus
1425 3909 1519 3980 rabiqo
1530 3911 1602 3965 inea
1623 3911 1709 3979 eet,et
1719 3908 1786 3965 ruti

94 4003 286 4074 turpandum.
298 4000 377 4059 lusti
392 4000 471 4057 enim
485 3999 538 4054 viri
554 4002 634 4065 sunt,
649 3998 679 4052 in
695 4014 728 4053 eo
743 3996 821 4066 quod
833 3993 915 4050 adul·
968 4015 1001 4070 qo
1011 4000 1134 4070 ejuenon
1144 3998 1312 4054 cainitdeeo
1323 4016 1332 4054 :
1340 4006 1500 4070 perportee,
1518 4005 1543 4054 et
1556 4013 1607 4070 per
1622 3999 1716 4069 parter
1729 4012 1794 4054 eune

45 4101 47 4105 '
95 4093 189 4147 terem
203 4095 233 4146 et
243 4088 430 4163 parricidam,
447 4103 494 4144 me
505 4087 639 4158 Jubenta
651 4085 840 4142 discruciant.
851 4083 916 4139 Huc
968 4087 1130 4158 ejicerem:
1146 4103 1200 4143 raon
1216 4087 1565 4158 mciditeupereumrora.
1584 4085 1794 4158 Sanquisenim

95 4179 174 4236 enim
189 4178 261 4236 dicit
274 4178 415 4234 Dominus
432 4181 525 4232 Deus:
542 4174 654 4232 Monitu
676 4173 754 4230 vocis
775 4175 832 4228 tua
847 4188 915 4227 oon·
968 4173 1236 4247 ejuainmedioejua
1246 4175 1739 4248 eet,tuperlimpidissimampetrant
1752 4176 1794 4245 es·
1828 4216 1833 4223 .

95 4283 182 4342 grege
193 4268 229 4325 ad
239 4284 299 4337 eas,
310 4284 326 4324 o
337 4265 487 4338 propbeta,
499 4262 718 4320 multitudinem
728 4260 915 4334 populorum,
967 4263 1148 4336 tuduinum,
1162 4279 1218 4320 non
1232 4264 1326 4336 effudit
1341 4265 1424 4320 illum
1437 4280 1520 4337 cuper
1544 4274 1659 4333 terram,
1670 4272 1703 4321 ut
1710 4263 1795 4337 poerit

96 4361 125 4414 et
139 4358 269 4430 primum
285 4355 440 4428 diripiatur
453 4370 555 4410 earum
569 4352 706 4409 universa
728 4350 913 4418 substantie;
968 4353 1072 4424 operiri
1079 4352 1202 4425 pul-aere.
1215 4352 1246 4409 llt
1255 4353 1465 4422 superducerem
1477 4353 1572 4426 [Vulg.
1599 4352 1794 4426 superinduce-

96 4445 203 4502 deinde
216 4445 384 4518 lapidentur
403 4448 431 4501 et
454 4443 660 4500 confodiantur
685 4441 801 4515 gladiis,
820 4445 849 4497 et
863 4440 914 4496 filii
969 4443 1038 4514 rem]
1050 4442 1270 4511 indipnatr'oucm
1280 4458 1377 4499 mam:
1390 4447 1417 4499 et
1430 4441 1732 4500 uindictoulcicoerer:
1747 4441 1796 4498 dc·

95 4549 196 4590 earum
211 4535 241 4589 et
253 4532 318 4589 iilia
333 4531 527 4602 trucidentur,
549 4536 577 4587 et
602 4531 708 4587 domus
734 4529 866 4586 ardeant.
881 4530 916 4585 ut
931 4551 954 4617 D
969 4531 1000 4588 di
1014 4534 1179 4601 sanquinem
1193 4532 1252 4603 ejus
1272 4547 1357 4602 super
1380 4536 1488 4605 petram
1511 4532 1753 4605 limpidissimum,
1763 4545 1799 4587 nc

95 4622 156 4680 bec
170 4621 271 4680 omnia
285 4623 365 4690 flent,
383 4621 573 4678 utauferatur
586 4620 622 4676 de
635 4618 859 4691 torraimpietas
872 4622 917 4685 ;et
971 4623 1136 4694 operiretur.
1152 4622 1268 4692 Propter
1282 4621 1340 4678 llaec
1354 4621 1424 4678 dicit
1448 4622 1579 4677 Dominus
1594 4621 1685 4678 Deae:
1700 4622 1745 4680 l'ae
1757 4621 1797 4676 ci·

94 4712 213 4770 discant
222 4728 325 4769 omnes
335 4709 473 4767 mulieres
482 4709 681 4781 universaque
691 4707 844 4780 provincia
854 4723 917 4780 pro·
970 4712 1053 4768 uitali
1067 4711 1250 4785 sanquinum,
1266 4711 1345 4782 cujus
1358 4726 1409 4780 epo
1421 4710 1554 4782 proadem
1567 4711 1673 4781 faciam
1684 4726 1796 4784 pprnm.

95 4800 143 4857 cul
158 4799 270 4874 posita,
281 4801 377 4874 paenis
388 4815 489 4856 earum
504 4797 615 4855 similia
628 4795 773 4854 devitare:
791 4800 823 4853 ut
837 4801 916 4867 post·
973 4799 1092 4872 conpare
1104 4814 1163 4854 osca
1177 4813 1240 4871 quae
1254 4799 1317 4870 ique
1331 4799 1501 4868 succendam,
1524 4807 1724 4857 consumentur
1734 4815 1797 4855 cor

95 4904 185 4960 quam
210 4889 377 4964 receperitis
403 4906 467 4962 que
490 4886 654 4955 meremini,
682 4891 710 4943 et
733 4885 917 4958 portaveritis
970 4905 1028 4955 nee,
1042 4891 1259 4959 etconcoquetur
1273 4890 1403 4944 uniuersa
1421 4889 1591 4960 conpositio,
1606 4891 1632 4945 et
1648 4887 1794 4946 mantala-

96 4974 916 5048 eoeleraidolorumvestrorum:tunccognoscatisquod
970 4979 1659 5051 scentPonequoqueeamsuperpnanaruacuum,
1676 4978 1795 5034 utinea-

95 5080 150 5138 ego
166 5067 223 5122 sim
241 5067 393 5125 Dourinua.
414 5069 478 5123 llaen
492 5069 590 5123 autem
605 5064 705 5122 omnia
727 5062 915 5137 tropologice,
972 5069 1053 5125 necat
1064 5074 1089 5123 et
1099 5067 1223 5139 liquefiat
1234 5081 1271 5124 aa
1281 5068 1351 5139 ejus,
1362 5072 1388 5122 et
1402 5069 1534 5138 conpletur
1544 5069 1576 5123 in
1590 5066 1683 5124 medio
1696 5065 1796 5140 [Vulg.

93 5155 265 5228 etsubtypo
274 5155 473 5212 adulterarum
482 5154 559 5211 diota
569 5151 916 5211 suntcontraSamariam
971 5154 1200 5226 interseritque]
1223 5156 1463 5228 inquinamentum
1486 5158 1554 5226 eius,
1578 5158 1797 5213 mmnsumutur

93 5249 123 5302 ct
131 5242 306 5309 Jerusalem,
314 5245 390 5315 quod
402 5242 648 5315 Assyriistradita
662 5244 749 5314 atque
762 5238 916 5310 Ghaldaeis,
970 5245 1066 5317 reliqu
1081 5245 1152 5317 ejus.
1169 5245 1256 5302 Multo
1271 5245 1363 5302 labore
1376 5244 1505 5302 nudatum
1518 5253 1573 5314 est3
1598 5248 1624 5301 el
1637 5262 1699 5301 non
1710 5246 1798 5302 enuit

94 5331 256 5391 ductnsint
265 5331 295 5388 in
305 5330 512 5404 captivitatem,
524 5336 554 5389 et
563 5332 652 5389 urbes
669 5345 772 5387 earum
782 5328 916 5386 incendio
970 5336 1002 5392 de
1016 5351 1048 5391 ea
1061 5335 1151 5391 nimia
1164 5333 1262 5405 nulripo
1272 5337 1341 5407 eiua,
1350 5351 1437 5408 neque
1444 5352 1495 5408 per
1504 5337 1605 5406 iqnem.
1617 5328 1799 5394 immunditia

141 5582 159 5621 a
182 5566 272 5623 Penes
287 5563 451 5630 Rabenum,
476 5563 582 5632 (tolita,
608 5562 658 5621 boc
680 5570 729 5630 cet,
744 5561 914 5633 'ammaum
968 5571 998 5626 at
1013 5568 1169 5625 contextus
1184 5565 1307 5639 respuit.

129 5565 914 5711 illamnvimnshinbveoemtui,qnammsa.ignorant‚
