3818 6104
122 259 202 329 ffl'i
746 272 780 334 S.
802 270 959 336 sussen
979 268 1204 338 etunonrtss
1765 270 1833 335 lili

122 398 383 473 coeperimttamen
393 399 493 475 eligite
502 418 561 476 qao
572 418 619 461 me
627 404 768 462 vocabulo
778 406 946 477 nominetis,
959 408 988 476 A
1003 408 1149 479 sapientise
1173 408 1257 463 timor
1281 405 1391 463 Domini
1416 403 1500 477 (Dect.
1523 419 1548 471 1,
1567 400 1832 475 reputantium

123 492 174 544 aut
189 493 273 560 pater
287 506 354 546 sam
368 496 473 566 vester,
489 498 540 549 aut
555 493 700 551 dominus.
717 495 744 550 Si
760 500 852 568 pater,
867 495 947 552 debi·
1004 511 1167 563 servorum,
1191 496 1270 553 918
1294 496 1331 551 ad
1349 494 1481 550 filiorum
1496 490 1635 566 gloriam
1650 494 1832 552 transeamus.

121 578 186 656 tum
195 579 271 650 patri
280 578 419 639 honorem
429 582 581 654 reddite,ei
592 584 712 657 dignam
720 589 839 657 parente
848 586 948 642 offerte
1038 585 1132 657 (Vere.
1147 586 1188 657 7.)
1208 584 1247 640 ld
1266 601 1322 655 vos,
1341 600 1360 640 o
1377 581 1549 650 sacerdotes,
1571 583 1625 653 qui
1644 580 1783 653 despicitis
1798 601 1835 640 no·

120 664 269 737 pietatem.
286 669 315 725 si
330 670 480 741 domiuus,
496 687 605 729 carme
620 673 947 730 contemnitis‘tcurdo-
1001 689 1065 730 men
1082 691 1184 743 meum,
1205 679 1231 730 et
1249 673 1383 729 dixistis:
1403 673 1437 728 ln
1456 688 1511 742 quo
1535 670 1729 743 despeximus
1754 689 1837 729 nones

120 756 236 814 minum
246 774 304 815 non
317 759 449 817 timetis?
461 762 602 833 Loquitur
611 767 710 820 autem
721 763 757 819 ad
770 779 819 819 eos
830 763 880 835 qui
890 762 946 818 sub
1000 763 1099 819 tuum?
1116 763 1224 836 offertis
1237 779 1320 836 super
1333 763 1427 819 attare
1439 777 1539 816 meum
1547 777 1661 832 punem
1670 760 1837 832 pedaturae

119 844 278 903 Zorobabel
303 853 332 904 et
349 848 419 907 lesu
434 849 494 907 filio
510 851 643 919 Josedec,
658 855 687 907 et
701 855 770 906 Ezra
784 852 944 918 sacerdote,
1000 851 1115 908 dicitis:
1130 854 1225 925 inquo
1236 850 1445 925 potluimuste‘t
1461 852 1492 906 in
1505 866 1541 906 eo
1552 851 1634 922 quod
1645 851 1837 921 dicitis‚nensc

120 936 149 990 et
171 935 301 1007 Neemia,
325 939 361 994 de
387 939 553 1013 captivitate
575 939 732 1013 babylonia
751 944 823 1019 punt
838 940 944 997 reversi
1000 940 1111 997 Domini
1123 942 1250 1013 despecta
1264 946 1312 996 est.
1336 940 1428 996 Lxx:
1461 940 1527 1007 Vos,
1557 939 1732 1005 sacerdotes,
1747 940 1837 1010 quide·

119 1023 143 1095 (l
157 1025 237 1082 llsdr.
255 1029 308 1100 ιιι),
326 1033 532 1102 exstructoque
547 1012 642 1098 altari,
659 1031 785 1086 necdum
800 1028 944 1103 templum
998 1032 1106 1101 spiritis
1120 1047 1221 1087 nomen
1235 1048 1338 1097 nicam,
1356 1035 1381 1085 et
1396 1031 1538 1085 disistis:
1558 1031 1593 1084 ln
1608 1044 1668 1100 quo
1682 1028 1836 1100 despeximus

120 1112 343 1188 edificaverunt,
370 1133 423 1175 nec
445 1134 547 1175 muros
563 1123 749 1175 extruxerant
763 1118 899 1188 civitatis,
916 1124 945 1176 et
997 1119 1833 1192 nomentuum?Dtierentesadnitoremenmpnnespollutos,

120 1200 349 1261 nibilominusin
355 1208 482 1280 peccatis
489 1208 621 1280 pristinis
627 1208 943 1282 permanebant,Deum
997 1217 1022 1263 et
1037 1209 1168 1265 dixistis:
1184 1211 1214 1265 ln
1230 1224 1282 1281 quo
1295 1209 1449 1281 polluimus
1463 1210 1546 1280 ipsos
1559 1210 1575 1262 i
1595 1208 1631 1262 in
1654 1223 1687 1263 eo
1702 1208 1769 1279 quod
1779 1209 1833 1264 din·

119 1305 173 1347 nec
187 1308 297 1367 amore,
309 1311 361 1352 nec
374 1296 478 1354 timore
487 1301 667 1354 venerantes.
683 1297 764 1364 Quod
775 1303 873 1354 autem
884 1299 943 1369 plo·
994 1298 1041 1368 gis,
1057 1315 1152 1355 menso
1173 1298 1285 1355 Domini
1299 1297 1426 1371 despecto
1439 1301 1482 1354 est
1496 1304 1530 1363 ÷
1554 1298 1583 1352 et
1598 1311 1671 1368 que
1684 1301 1832 1369 superposita

117 1380 193 1437 mam
207 1383 345 1453 diximus,
360 1384 405 1442 vel
420 1386 558 1456 lunonem,
575 1391 604 1443 et
617 1387 693 1460 apud
706 1390 819 1443 Graecos
829 1382 903 1456 δόξα,
914 1389 943 1444 et
996 1392 1071 1455 sunt,
1084 1388 1277 1460 despexistis÷
1288 1388 1369 1454 Quod
1382 1390 1485 1443 autem
1499 1387 1672 1459 sequitur:
1688 1388 1789 1458 litque
1799 1405 1831 1443 sa

117 1471 196 1543 apud
212 1471 347 1531 Hebroeos
361 1475 438 1531 w
455 1491 565 1532 aennon
581 1476 696 1548 (ms),
713 1491 805 1531 unum
820 1475 942 1531 verbum
996 1479 1135 1550 perpositn
1148 1467 1396 1549 suntdespenistit,
1409 1475 1500 1532 obelo
1511 1474 1766 1549 praenotavimus,
1777 1477 1831 1549 quia

117 1564 176 1630 est,
188 1562 239 1618 sed
250 1578 304 1619 nos
315 1580 367 1636 pro
378 1563 485 1620 Latina
498 1562 605 1637 lingua
617 1563 942 1637 proprietate,bonorem
997 1565 1026 1620 in
1037 1565 1179 1621 Hebraico
1189 1582 1247 1622 non
1258 1564 1394 1632 babetur,
1403 1569 1433 1620 et
1442 1564 1485 1620 de
1499 1565 1714 1637 sequentibus
1724 1565 1830 1622 additum

116 1650 281 1722 posuimus.
297 1652 371 1710 Nam
387 1658 416 1709 et
430 1653 459 1708 in
469 1650 625 1726 Evangelio
636 1653 685 1709 ubi
697 1653 827 1725 loquitur
840 1653 941 1710 Domi·
996 1658 1050 1709 est.
1065 1653 1104 1709 Ad
1114 1670 1171 1722 nos,
1185 1653 1286 1727 igitur,
1302 1652 1507 1724 osncerdotes,
1523 1655 1577 1725 qui
1595 1653 1741 1726 despicitis
1752 1671 1830 1711 nones

115 1754 184 1810 nus,
199 1745 229 1796 et
243 1740 395 1799 Salvator:
414 1744 504 1811 Pater,
515 1745 589 1798 uenit
603 1742 681 1810 dora,
697 1742 821 1813 clarifico
835 1743 941 1799 Filium
995 1746 1162 1811 meum,ista
1172 1760 1269 1801 sermo
1280 1742 1432 1816 dirigitur:
1443 1743 1501 1816 qui
1513 1742 1640 1800 reversi
1651 1743 1689 1799 de
1699 1744 1828 1817 babylone,

115 1835 204 1900 tunm,
229 1834 261 1886 ut
283 1832 371 1888 Filius
394 1840 458 1888 tuns
481 1833 614 1903 clarificet
637 1841 663 1887 te
685 1833 776 1904 (toan.
797 1849 875 1902 nvn,
899 1835 939 1904 1),
996 1837 1076 1889 motu
1092 1832 1242 1906 prateriis
1259 1832 1418 1901 servitutis,
1434 1833 1628 1911 debueratis
1640 1833 1679 1889 ad
1694 1835 1826 1890 ὓοιιιίιιιιιιι

115 1919 193 1989 apud
205 1917 319 1976 Grecos
330 1916 438 1988 δόξασαν
452 1920 593 1992 loquitur,
601 1920 631 1975 id
642 1925 696 1991 est,
703 1921 837 1991 odorifica.
847 1921 939 1984 Quam
995 1921 1081 1994 plena
1091 1927 1188 1978 mente
1199 1921 1343 1978 converti:
1357 1926 1386 1977 et
1398 1937 1458 1977 non
1472 1920 1584 1978 solum
1600 1922 1662 1979 hoc
1673 1939 1730 1979 non
1740 1922 1826 1992 tacitis,

115 2003 213 2062 locum
236 2005 367 2080 plerique
389 2008 559 2065 Latinorum
578 2008 737 2080 honorifice,
754 2009 939 2082 interpretati
994 2011 1045 2066 scd
1061 2010 1212 2067 imitantes
1227 2010 1307 2079 Cain,
1325 2010 1463 2082 superbis
1481 2014 1599 2066 contra
1616 2010 1714 2068 Deum
1728 2011 1826 2066 vocibus

114 2098 194 2150 sunt.
207 2094 360 2168 Simulque
372 2097 603 2168 consideremus,
614 2097 691 2169 quod
704 2097 783 2153 lilius
794 2114 827 2153 ao
838 2115 939 2155 servus
994 2099 1215 2172 respondentes,
1231 2098 1422 2156 sciscitamini
1433 2099 1473 2154 ab
1486 2115 1523 2155 eo
1538 2115 1640 2172 quem
1657 2100 1762 2156 occulta
1774 2117 1823 2155 non

113 2182 145 2238 in
158 2183 318 2256 scripturis
333 2185 442 2241 sanctis
456 2184 604 2242 voluntate
618 2186 680 2256 fiat,
698 2203 755 2242 non
766 2187 938 2245 necessitate
993 2187 1108 2259 fallunt,
1125 2194 1154 2245 et
1169 2189 1276 2245 dicitur
1292 2205 1298 2242 :
1321 2189 1353 2243 ln
1367 2204 1421 2260 quo
1434 2186 1635 2260 despeximus
1651 2206 1748 2246 nomen
1760 2193 1823 2243 uun

112 2276 235 2329 natura.
248 2273 302 2340 Qui
316 2274 394 2331 enim
410 2275 548 2347 spiritum
561 2275 727 2348 adoptionis
743 2275 894 2349 acceperit,
906 2276 937 2332 in
993 2276 1070 2349 (Gen.
1084 2278 1142 2350 rvl‘t
1157 2283 1191 2334 ut
1220 2277 1468 2334 dissimulationis
1491 2277 1706 2350 impudentis,
1734 2278 1820 2335 vulnus

112 2360 208 2418 filium
220 2363 271 2420 Dei
281 2363 418 2420 vertitur:
431 2364 481 2435 qui
492 2368 590 2420 autem
601 2364 737 2436 spiritum
750 2364 937 2421 servitutisin
992 2367 1178 2422 conscientie
1194 2366 1363 2439 protegatis.
1380 2365 1481 2422 Vultis
1496 2382 1576 2440 ergo
1595 2368 1677 2424 sciro
1690 2369 1718 2424 in
1728 2368 1821 2439 qaodc-

112 2449 259 2521 timorem,
275 2452 326 2509 Dei
339 2469 441 2510 servus
455 2453 581 2510 allicitur
594 2453 686 2525 (ltom.
703 2454 779 2526 vur).
799 2453 868 2509 Vult
883 2453 936 2509 ita·
992 2456 1262 2527 spexeritisnomen
1272 2455 1520 2511 meumtttllertis
1528 2473 1568 2512 su
1573 2474 1632 2529 per
1639 2457 1731 2514 altare
1742 2474 1818 2513 meum

112 2555 169 2615 que
180 2543 308 2616 primum
324 2543 411 2612 Deus,
424 2547 456 2600 ut
466 2541 518 2598 filii
529 2544 593 2615 ejus
608 2543 713 2612 simus,
727 2547 756 2599 et
766 2543 876 2599 bonum
887 2560 937 2599 vo·
991 2561 1097 2618 panem
1105 2545 1266 2617 pollutum:
1277 2543 1516 2617 panesvidelicet
1526 2546 1818 2619 propositionis,quos

111 2631 224 2688 luntate
238 2631 381 2689 iaciamus
395 2649 401 2686 :
418 2631 443 2688 si
456 2632 511 2689 boo
522 2633 662 2705 consequi
673 2631 821 2703 volumus,
835 2637 867 2687 ut
878 2631 935 2688 sal·
987 2634 1073 2705 juxta
1082 2634 1254 2691 traditiones
1275 2634 1444 2700 Hebraicis,
1461 2632 1524 2707 ipsi
1541 2650 1661 2704 serere,
1674 2635 1731 2709 ipsi
1741 2636 1816 2691 deme

110 2723 169 2778 tem
185 2735 285 2778 servos
295 2738 349 2778 nos
364 2721 480 2792 babeat,
494 2719 645 2777 statualis
658 2737 709 2793 per
721 2720 934 2794 suppliciorum
989 2726 1060 2789 tere,
1076 2723 1133 2797 ipsi
1149 2723 1267 2795 molere,
1283 2723 1340 2798 ipsi
1355 2739 1481 2797 coquere
1496 2724 1670 2781 debebatis
1689 2744 1696 2781 :
1720 2729 1747 2782 et
1759 2740 1816 2780 naar

110 2796 298 2868 formidinem
314 2812 495 2867 recedamus.
511 2809 648 2882 Legimus
658 2807 688 2864 in
699 2808 808 2865 malam
820 2815 935 2882 partem
990 2813 1108 2869 sumitis
1123 2828 1325 2885 quoscumque
1346 2811 1381 2868 de
1399 2812 1513 2880 medio,
1541 2818 1575 2868 et
1600 2814 1816 2871 vocetemeran't

110 2898 205 2956 filios:
222 2902 337 2956 dromus
346 2900 402 2972 filii
411 2901 471 2967 ira,
482 2902 508 2955 et
520 2900 575 2970 fitii
583 2904 716 2970 petennae
730 2898 839 2972 (pres.
854 2917 883 2965 ιι,
894 2898 933 2970 3),
990 2901 1184 2974 respondetis,
1196 2905 1225 2958 el
1235 2900 1343 2973 dicitis,
1354 2903 1461 2973 inquot
1471 2902 1643 2973 polluimus
1656 2920 1715 2974 eos,
1727 2902 1816 2961 sicelet

109 3003 185 3060 quos
199 2988 347 3057 Pharisaei,
362 2989 436 3045 mari
451 2988 596 3061 terrisque
611 2987 751 3057 circuitis,
767 2988 875 3061 dignus
884 3004 933 3061 ge·
989 2988 1064 3045 Dum
1074 2989 1152 3045 enim
1163 2994 1347 3046 sacramanta
1357 2988 1703 3065 violantur‚ipsecujus
1714 2997 1815 3049 suntsi·

109 3093 200 3134 nuere
210 3077 363 3134 tormentis
374 3077 479 3149 (llutttt.
492 3079 585 3146 arur).
601 3076 737 3132 Dttudas
747 3078 887 3149 proditor,
899 3078 932 3148 fi·
989 3084 1139 3135 eramenta
1153 3078 1287 3135 violatur.
1311 3082 1371 3134 Hoc
1386 3082 1485 3134 autem
1505 3082 1595 3152 quod
1623 3083 1777 3156 sequitur:
1793 3083 1814 3137 ts

109 3166 164 3222 tins
166 3164 330 3238 perditionis
336 3165 749 3238 appellaturttoan.xv11);etin
758 3166 934 3239 octogesimo
950 3148 972 3216 C
990 3183 1020 3224 eo
1034 3169 1105 3241 qaod
1118 3168 1325 3237 initiamenta
1339 3167 1450 3223 Domini
1460 3168 1600 3241 despecta
1613 3180 1669 3240 est,
1682 3187 1814 3244 possumus

109 3257 211 3312 octavo
221 3252 335 3328 psalmo
344 3254 508 3311 deDomino
519 3254 672 3310 scribitur:
681 3255 769 3311 Filius
778 3256 935 3325 iniquitatis
989 3257 1032 3313 ita
1044 3255 1229 3329 interpretari
1243 3257 1335 3324 :Quod
1350 3254 1457 3312 reversi
1466 3257 1507 3313 de
1517 3256 1812 3333 babylonensium

112 3360 168 3403 non
193 3351 310 3417 apponet
331 3359 427 3400 nocere
451 3344 480 3399 ei
504 3343 560 3416 (Pr.
586 3343 793 3416 nxxxv111,23).
815 3345 847 3400 ln
862 3344 934 3403 Osee
989 3345 1099 3418 templo
1114 3345 1266 3412 edificate,
1283 3348 1434 3401 manentes
1449 3343 1479 3400 in
1498 3348 1635 3419 casulis,
1654 3356 1687 3407 et
1701 3351 1730 3408 in
1744 3348 1811 3406 ruinis

109 3449 226 3509 quoque
236 3432 289 3490 filii
304 3432 505 3490 fornicatiouis
519 3437 669 3501 vocantur,
681 3433 731 3505 qui
743 3438 813 3489 sunt
825 3435 861 3491 de
871 3452 932 3492 ma·
989 3435 1071 3490 urbis
1082 3419 1440 3508 antiqun‚altaretantum
1450 3440 1813 3510 exstruxerant,nonejus

106 3522 465 3596 tremeretricegenerati,
482 3522 586 3595 deque
599 3522 741 3597 scriptum
754 3527 817 3580 est:
832 3526 933 3582 Forni-
989 3523 1056 3580 dem
1076 3523 1185 3598 gloria,
1206 3524 1291 3596 cujus
1315 3522 1470 3596 pristinum
1501 3525 1622 3597 luerat,
1646 3535 1678 3585 et
1698 3529 1814 3602 putslart

109 3617 174 3672 enta
197 3620 236 3671 est
260 3616 348 3669 mater
368 3616 456 3669 vestro
481 3611 566 3683 (Osee.
583 3629 613 3683 11,
628 3611 666 3680 5).
684 3611 719 3667 Et
732 3611 762 3668 in
778 3613 933 3687 Evangelio
972 3614 1090 3685 ⁴deesse
1104 3613 1254 3686 religionis
1269 3611 1510 3681 sanctimoniam,
1530 3616 1613 3687 quia
1629 3619 1734 3676 deerat
1745 3617 1814 3674 adii·

112 3703 129 3761 J
133 3702 207 3761 udni
219 3700 273 3758 tilii
283 3700 391 3759 diaboli
402 3700 607 3775 suggilantur:
627 3703 674 3758 Vos
687 3701 720 3759 de
731 3710 812 3775 patre
825 3702 932 3761 diabolo
987 3701 1468 3759 cationisambitio.Tenueslineas
1481 3703 1656 3775 duximus,
1664 3709 1766 3780 quibus
1774 3709 1813 3762 im·

106 3794 169 3849 nuti
179 3793 255 3859 estis,
266 3799 291 3849 ct
301 3791 437 3848 desiderio
449 3791 539 3864 pratris
552 3792 636 3847 vestri
649 3790 732 3846 vultis
741 3790 832 3864 fucere
842 3791 930 3864 (loun.
987 3791 1142 3865 primenda
1156 3796 1200 3848 est
1214 3791 1377 3866 explanatio
1394 3790 1580 3864 spiritualis.
1597 3796 1731 3872 Corripit
1739 3810 1814 3854 sermo

108 3898 170 3951 νιιι,
188 3882 242 3952 lt).
259 3883 292 3939 la
306 3882 415 3938 bonam
430 3884 543 3953 partem
559 3879 634 3935 lilios
649 3879 787 3953 legimus,
808 3886 841 3937 ut
856 3881 932 3939 lilios
986 3880 1103 3937 divinus
1125 3880 1289 3953 episcopos,
1316 3884 1403 3952 atque
1426 3881 1638 3955 presbyteros
1654 3892 1685 3943 et
1699 3888 1813 3943 diacones

107 3971 180 4030 Dei:
197 3971 328 4044 Quotquot
343 3987 405 4027 enm
425 3977 591 4042 receperunt,
616 3969 692 4026 dedit
711 3971 752 4026 eis
772 3979 932 4042 potestatem
985 3968 1177 4044 negligentes,
1194 3969 1254 4026 eive
1270 3969 1410 4042 quoniam
1426 3985 1526 4042 genus
1543 3976 1739 4033 sacerdotale
1748 3980 1772 4032 et
1782 3991 1812 4030 re-

107 4059 180 4130 filios
203 4060 254 4115 Dei
276 4061 338 4131 fieri
356 4058 444 4130 (loon.
475 4076 494 4129 ι,
511 4059 566 4130 12).
590 4059 625 4114 et
659 4058 734 4116 filios
770 4061 928 4135 sapientise,
984 4059 1048 4131 gale
1059 4076 1172 4130 sumus,
1185 4075 1287 4115 omnes
1302 4057 1353 4130 qui
1366 4058 1509 4130 baptizati
1522 4062 1554 4117 in
1576 4064 1713 4136 Christo,
1727 4062 1811 4122 Christi

106 4147 263 4220 Evangelio
286 4148 503 4219 proclamante:
519 4148 673 4218 iustificata
696 4159 735 4205 est
748 4152 896 4221 snpientia,
912 4169 930 4207 a
984 4153 1141 4204 censentur
1166 4148 1224 4217 [tt.
1240 4147 1410 4218 censemur]
1425 4149 1567 4223 nomine,
1596 4170 1658 4210 cur
1673 4153 1810 4227 despiciant

109 4235 177 4307 filiis
191 4237 250 4292 suis
264 4235 368 4307 (llottlc.
384 4255 422 4303 ιιι,
439 4237 483 4307 ts)
497 4251 503 4290 :
521 4236 556 4292 Ε)
571 4235 646 4292 illios
661 4237 827 4294 Abrabam:
844 4241 928 4297 Amen
983 4253 1090 4293 nomen
1104 4236 1171 4293 Dei:
1185 4240 1214 4292 et
1227 4235 1492 4310 interrogantibus,
1504 4238 1595 4297 949
1609 4242 1645 4299 in
1659 4261 1717 4316 quo
1730 4243 1809 4313 daps·

105 4340 187 4382 umen
201 4323 262 4381 dico
275 4324 362 4397 volis,
375 4332 462 4398 potest
475 4325 546 4381 Dens
559 4324 592 4381 de
606 4325 750 4397 lapididus
765 4329 825 4383 istis
838 4330 928 4384 susci·
982 4326 1077 4383 rerint
1088 4342 1194 4382 nomen
1206 4327 1281 4397 ejus,
1297 4341 1401 4382 causas
1412 4331 1572 4385 monstrat
1590 4333 1715 4390 oiiensae
1725 4349 1731 4387 :
1742 4331 1808 4388 oee-

102 4420 161 4471 tare
173 4415 247 4487 titios
260 4415 401 4470 Abrabam
416 4414 519 4486 (linitis.
536 4431 580 4483 ιιι,
593 4415 632 4487 9).
648 4414 925 4490 DttlliosApostoli:
981 4415 1457 4488 tis,inquiit,superaltaremeum
1468 4431 1591 4487 panem
1604 4416 1808 4494 pollutum.Pol
1855 4480 1858 4489 ¹

100 4504 194 4561 lilioli
208 4506 272 4573 mei,
288 4521 354 4578 qnos
368 4507 469 4561 itennn
480 4506 621 4577 parturio,
638 4504 721 4561 detrec
734 4506 857 4562 Christus
868 4509 925 4579 for·
941 4527 966 4591 D
981 4503 1093 4561 luimus
1103 4503 1254 4577 panem,id
1264 4502 1574 4578 estnorpuscbristi,
1584 4507 1805 4583 quandoindigni

101 4603 194 4651 metus·
208 4597 239 4649 in
252 4594 327 4651 vodis
341 4594 442 4667 (Galat.
460 4611 496 4663 ιν,
513 4595 568 4667 19),
583 4598 612 4651 et
627 4592 721 4651 multa
743 4595 923 4653 istiusmodi.
981 4592 1150 4649 accedimus
1160 4593 1196 4648 ad
1207 4591 1345 4661 alternet
1356 4592 1467 4648 sordidi
1478 4599 1645 4656 mundum
1658 4601 1804 4675 sanguinea

105 4682 197 4740 Filius
207 4699 275 4758 ergo
289 4684 422 4753 honorat,
439 4683 649 4740 siveolariticat
659 4690 782 4757 patrem,
792 4687 878 4757 juxta
889 4685 924 4741 il·
980 4681 1121 4753 bibimus,
1136 4686 1165 4737 et
1179 4681 1317 4749 dicimus,
1343 4698 1445 4737 mensa
1460 4682 1593 4743 Domini
1613 4691 1750 4764 despecta
1761 4695 1803 4744 ss:

104 4769 155 4827 lud
171 4773 248 4846 quod
265 4772 488 4845 scriptumest:
504 4771 548 4828 Sic
563 4773 649 4829 lucent
664 4773 714 4828 tun
727 4777 816 4830 vedrn
830 4790 924 4831 corum
980 4788 1038 4827 non
1055 4771 1131 4844 quod
1147 4770 1203 4826 boc
1218 4770 1325 4842 aliquis
1341 4771 1446 4826 audeat
1463 4772 1585 4848 dicere,
1604 4785 1637 4835 et
1652 4781 1729 4852 quod
1740 4775 1803 4848 impis

98 4859 277 4918 inminibus:
292 4870 324 4918 at
337 4861 446 4920 videant
459 4864 550 4917 uestra
565 4866 605 4931 (α)
620 4878 712 4934 opero,
732 4868 758 4920 et
771 4864 924 4934 plotificent
980 4860 1089 4932 cogitat
1102 4858 1242 4915 scelerata
1253 4876 1331 4930 voce,
1342 4858 1474 4931 prolerre
1486 4878 1492 4926 ;
1512 4865 1572 4920 sed
1585 4884 1682 4940 opera
1697 4871 1802 4944 peceato

100 4950 211 5007 Patrem
235 4955 353 5008 nestrum
372 4953 421 5022 qni
438 4954 520 5007 estin
534 4951 607 5007 celis
622 4951 726 5015 (llattb.
741 4969 768 5019 v,
786 4953 840 5025 16).
857 4953 922 5009 Ser·
980 4965 1046 5006 rum
1066 4948 1233 5022 despiciunt
1252 4964 1385 5005 mensam
1405 4949 1468 5004 Dei.
1497 4955 1684 5017 Possumus
1701 4956 1801 5016 etalitct

96 5053 151 5096 vus
161 5040 410 5113 quoquebonorat
419 5040 572 5096 dominum
581 5056 669 5096 suum
680 5058 738 5098 non
747 5041 848 5098 eadem
857 5042 923 5098 obn·
978 5037 1101 5094 dicere:
1128 5041 1233 5094 Doctor
1256 5037 1389 5094 Ecclesia
1414 5038 1466 5109 qui
1490 5042 1697 5114 spiritualem
1715 5042 1800 5104 could

96 5128 249 5202 ritatsqua
260 5130 339 5186 filius
351 5148 357 5198 ;
370 5130 421 5186 sed
433 5129 485 5182 ἀπὸ
495 5132 587 5184 κοινοῦ
599 5130 786 5198 subauditur,
797 5131 923 5187 honorat
977 5144 1095 5199 pauent,
1109 5132 1138 5183 et
1150 5144 1217 5183 eum
1229 5126 1345 5201 populis
1356 5126 1472 5194 dividit,
1486 5129 1512 5184 si
1525 5132 1578 5188 val
1593 5144 1716 5211 proptor
1725 5137 1799 5192 bunt·
1824 5148 1827 5153 ·

95 5216 176 5275 lilius
185 5222 416 5293 patrem‚servus
427 5218 691 5286 dominumsuum;
704 5222 837 5276 ettamen
845 5226 920 5276 Deus
977 5233 1046 5273 nam
1063 5216 1197 5290 gloriam,
1214 5215 1258 5272 vel
1274 5216 1356 5272 lucra
1370 5214 1472 5272 saculi
1490 5235 1566 5290 quin
1584 5225 1716 5299 gloriam
1726 5237 1797 5282 cona

50 5331 56 5341 =
94 5306 281 5381 omnipotens
289 5306 385 5363 sciens
396 5306 591 5363 differentiam
600 5305 651 5362 filii
662 5311 691 5362 et
699 5307 786 5380 servi,
795 5312 823 5364 et
834 5327 850 5365 a
860 5307 920 5366 sslio
977 5311 1118 5380 quantur,
1127 5305 1300 5377 loquaturin
1310 5305 1425 5378 populis
1433 5311 1465 5361 et
1476 5308 1637 5373 divitibus
1645 5316 1794 5373 blanditie.

94 5392 230 5465 gloriam,
246 5412 359 5453 aservo
371 5396 507 5452 timorem
520 5397 645 5469 expetit:
662 5397 836 5469 Principium
846 5400 921 5454 enim
974 5399 1004 5453 at
1017 5395 1140 5453 honoret
1154 5398 1330 5469 peccatores,
1353 5399 1381 5452 et
1398 5394 1487 5466 juxta
1502 5398 1520 5455 J
1524 5405 1668 5464 acobum
1684 5399 1793 5480 auspiia

126 5604 916 5706 (a)tannerisvnnriuscmn,exipsottatthsinxtu.
