3818 6104
97 305 166 374 ill
389 346 392 351 ·
735 322 768 383 s.
789 311 947 383 mersu
969 313 1191 384 urnaounn
1494 362 1498 369 .
1752 314 1809 384 ao

106 446 181 513 loca,
198 444 298 503 oculos
311 447 377 519 ejus
391 442 482 505 vilare
497 464 554 506 uon
581 465 752 523 possumus,
767 456 797 508 et
816 467 932 526 semper
945 455 973 522 Α
988 469 1040 509 son
1056 470 1130 510 naeu
1142 438 1218 526 (nab
1237 453 1305 526 w),
1323 453 1351 510 id
1368 457 1421 521 est,
1450 452 1571 510 aulatis
1599 453 1663 509 a's:
1682 448 1807 524 Symm-

106 533 154 589 bei
169 534 301 608 regimur
315 538 475 608 potestate:
487 539 804 612 Cum,inquit,proiecti
814 543 931 598 fuerunt
986 542 1071 609 chus,
1087 545 1249 599 interitum:
1268 542 1318 598 18
1334 542 1661 611 Theodotio,nsirer·idm
1675 540 1806 614 interpret

106 623 134 677 in
151 623 297 695 Assyrios,
314 625 403 681 etiam
416 626 456 682 ibi
470 628 625 684 extendam
653 633 713 685 rete
736 646 846 701 meum,
862 635 891 686 et
905 629 931 687 ei
984 632 1036 686 tati
1052 635 1131 686 sunt.
1149 630 1236 687 Porro
1251 632 1281 687 in
1298 631 1425 688 editione
1451 629 1580 704 vulgate
1601 627 1761 702 dupliciter
1770 627 1805 686 le-

100 704 221 767 'exaltati
237 712 348 769 ruerint
362 719 395 771 ut
410 715 622 783 volucres,inde
636 718 788 774 detraham
800 717 931 776 illos.De
985 717 1082 790 minue
1098 736 1105 785 ;
1122 719 1242 790 quidam
1259 719 1338 775 enim
1354 720 1469 776 codices
1497 717 1621 790 babent,
1639 712 1724 785 δῆλοὶ
1737 715 1804 785 etesi,

103 799 220 857 emam
234 798 303 859 illos
316 808 414 860 autem
431 805 533 861 nonin
549 806 806 878 perditionem‚sed
822 811 855 862 ut
877 823 929 862 cae-
985 806 1040 862 hoc
1055 811 1108 874 est,
1124 810 1268 880 manifesti
1281 812 1368 865 sant:
1385 807 1435 864 alii
1450 803 1570 861 δειλαῖοί
1585 805 1669 876 sices,
1686 806 1741 862 boo
1760 809 1805 873 ut.

104 886 174 946 dam
189 890 275 963 quasi
290 890 366 950 illios
378 910 384 949 :
397 898 425 950 et
432 894 542 951 cedam
554 895 650 951 nonin
660 896 929 968 poenarummagni-
983 896 1143 962 meticulosi,
1159 896 1221 952 sive
1236 897 1331 952 miseri
1362 905 1436 953 suot
1453 897 1661 953 vastabuntur
1684 893 1806 968 igiturtt

103 978 218 1048 tudine,
233 981 285 1038 sed
300 981 504 1055 intimarent
519 984 671 1041 audientes
684 988 806 1040 ventura
817 984 872 1052 [At.
885 998 931 1040 ve
984 984 1084 1040 miseri
1100 988 1195 1051 amnt,
1211 989 1240 1040 et
1254 1000 1370 1057 semper
1395 982 1536 1042 timentes
1560 1000 1595 1041 ac
1610 984 1806 1052 formidantes,

104 1069 932 1142 tera]supplicia,solisterroribusemendentur.0ueritur
984 1073 1054 1144 quia
1068 1074 1245 1145 prevaricati
1261 1078 1333 1129 eunt
1347 1074 1377 1129 iu
1393 1079 1497 1141 Deum,
1522 1074 1687 1130 adorantes
1707 1070 1805 1139 simite

106 1164 160 1214 our
172 1159 310 1231 Ephraim
325 1176 382 1218 uon
393 1161 459 1217 aliis
474 1160 646 1229 avibus,sed
663 1160 800 1218 colomba
812 1176 930 1233 compa·
984 1176 1098 1230 aureos,
1112 1165 1141 1217 et
1169 1160 1366 1235 relinquentes
1394 1178 1462 1218 eum
1488 1162 1541 1234 qui
1564 1161 1695 1218 redemit
1714 1162 1806 1220 'coeth

104 1249 458 1307 retransmisissem
474 1250 570 1323 pullos
585 1266 655 1307 euos
669 1249 756 1307 etiam
771 1264 839 1306 cum
855 1250 930 1322 peri·
983 1249 1116 1322 AEgyptia
1130 1251 1279 1318 servitute,
1302 1255 1331 1307 et
1355 1249 1456 1306 eduxit
1481 1251 1513 1306 in
1538 1248 1657 1308 excelso
1684 1249 1805 1308 hurbis

105 1340 172 1398 culo
187 1339 251 1397 sits
266 1355 326 1396 sue
338 1345 489 1413 protegere
509 1339 658 1411 festinant,
676 1341 723 1395 Π
754 1343 783 1397 et
809 1339 929 1395 eumad
984 1337 1043 1410 Ipsi
1059 1353 1124 1394 vero
1141 1337 1229 1394 locuti
1247 1343 1317 1395 sunt
1331 1343 1431 1395 contm
1460 1339 1623 1395 Dominum
1649 1340 1807 1411 mendesio,

106 1431 209 1487 bidum
224 1444 311 1485 suum
327 1427 507 1501 accipitrem,
523 1427 686 1496 colubrum,
717 1443 848 1491 corvum,
870 1425 930 1483 sive
984 1425 1165 1482 diceuteedc
1184 1426 1289 1484 idolis:
1321 1428 1356 1483 ili
1382 1435 1446 1484 rant
1472 1428 1515 1484 dii
1542 1430 1587 1485 tai
1615 1428 1807 1502 ΜΝ

105 1519 250 1577 cornicem
267 1518 404 1574 accedere
418 1515 552 1585 viderint,
569 1516 627 1573 bno
640 1515 770 1589 illucque
798 1514 928 1583 volitant,
983 1515 1136 1570 educerum
1156 1515 1189 1572 de
1218 1524 1293 1572 terro
1322 1517 1434 1588 AEoypti
1461 1516 1561 1586 (and.
1589 1520 1697 1587 mn),
1713 1522 1743 1574 et
1755 1532 1806 1575 uor

104 1615 134 1667 et
144 1606 313 1664 immittunt
331 1620 363 1663 se
391 1610 545 1676 morsu,et
574 1604 723 1678 unguibus
744 1605 884 1674 lacerant,
900 1609 930 1665 et
984 1602 1183 1660 clamaverunt
1196 1605 1232 1660 ad
1261 1606 1417 1662 Dominum
1443 1605 1475 1661 in
1502 1606 1592 1662 corde
1621 1622 1690 1675 suo,
1705 1606 1756 1663 esd
1780 1606 1807 1663 iu

103 1697 235 1754 dotorem
250 1692 520 1768 parentis‘querula
533 1709 602 1749 voce
617 1696 782 1760 testantur;
800 1691 863 1748 ecla
878 1708 928 1748 co·
981 1691 1150 1749 idololatria
1166 1693 1407 1751 fornicationibus
1420 1693 1645 1752 volutabantur.
1660 1695 1731 1754 eive
1746 1694 1808 1769 quir

102 1784 206 1846 lumbe
219 1785 330 1842 ablatos
340 1781 502 1855 pullosnon
517 1779 666 1849 dolet‚n0n
677 1781 815 1854 requirit:
826 1781 928 1838 etidoo
942 1817 966 1882 B
983 1781 1148 1838 damonum
1164 1781 1275 1838 cultum
1305 1783 1438 1856 sequitur
1464 1782 1559 1840 libido
1572 1789 1604 1840 et
1618 1783 1748 1854 luxurie,
1762 1782 1808 1858 qil

104 1876 174 1936 huic
202 1879 278 1932 recte
301 1876 488 1944 comparatur
516 1870 665 1942 itpbraim,
681 1870 758 1942 quod
780 1874 926 1926 vastatum
982 1869 1116 1926 colebant
1132 1871 1288 1938 daemones,
1304 1876 1516 1944 consequenter
1544 1872 1645 1930 instar
1659 1884 1807 1948 portorum

105 1985 156 2043 per
171 1968 268 2040 partes
283 1961 424 2036 populum
441 1975 498 2015 non
514 1960 632 2025 sentiat,
648 1959 698 2014 sed
723 1956 874 2032 negligens
889 1959 928 2015 sit
980 1959 1011 2014 in
1027 1975 1108 2016 cmno
1123 1958 1279 2016 libidinum
1294 1959 1495 2017 versabantur.
1509 1963 1545 2017 Et
1561 1962 1689 2033 pulchre
1702 1958 1808 2020 mee

105 2056 209 2114 salutis
224 2051 439 2122 sumouodque
453 2047 532 2116 dicit,
543 2047 645 2103 cedam
657 2062 702 2104 eos
715 2047 864 2103 secandum
878 2065 928 2104 aa·
981 2046 1067 2103 idolis
1082 2048 1280 2113 servientium,
1297 2065 1353 2104 non
1368 2049 1501 2105 carmina
1515 2050 1546 2104 iu
1562 2051 1730 2123 Deum,eed
1744 2055 1805 2107 utu'·

107 2145 238 2202 ditionem
252 2149 451 2210 carmaniam,
466 2137 522 2193 boc
536 2135 700 2209 significare
715 2140 829 2208 potest:
850 2136 927 2192 sicut
980 2135 1075 2191 latum
1091 2136 1323 2210 appellat.Supcr
1337 2138 1480 2194 hereticis
1495 2138 1595 2195 facilis
1611 2139 1806 2214 interpretatio

104 2234 209 2309 juncto
228 2228 350 2288 consilio
367 2243 469 2284 omnes
484 2224 562 2282 idola
576 2225 706 2282 fabricati
722 2230 809 2281 sunt:
825 2226 866 2281 ita
880 2242 927 2282 me
980 2228 1025 2280 est
1040 2224 1117 2297 quod
1132 2242 1174 2279 aas
1204 2225 1333 2281 babeant
1354 2226 1579 2300 sempiternum,
1599 2229 1674 2300 quia
1686 2236 1804 2286 meere-

106 2322 191 2394 lrato,
203 2317 420 2392 omuespariter
431 2314 795 2388 vastabuntur.blagistros
810 2319 925 2370 contra·
982 2317 1052 2370 sunt
1065 2331 1083 2369 a
1096 2312 1165 2382 Deo,
1182 2319 1210 2370 ct
1225 2315 1324 2371 miseri
1340 2319 1419 2383 sunt,
1435 2314 1507 2386 quia
1528 2314 1721 2389 reliquerunt
1731 2319 1804 2372 (ber

100 2412 217 2471 'riorum
232 2409 415 2483 dogmatum,
431 2403 481 2479 qui
494 2403 641 2459 Christum
657 2402 799 2475 reliquere
813 2403 927 2476 sapien·
979 2406 1072 2459 torem
1087 2418 1175 2458 suum
1191 2402 1240 2475 qui
1257 2403 1380 2460 redemit
1392 2418 1441 2460 eoa
1457 2403 1610 2476 sanguiue
1623 2420 1680 2462 suo
1693 2421 1701 2462 ε
1715 2402 1801 2476 stipi

105 2501 186 2567 bam,
202 2504 231 2556 et
245 2499 281 2554 de
295 2494 425 2554 Ecclesia
439 2498 510 2550 sunt
520 2493 641 2566 egressi,
652 2496 728 2548 recte
738 2492 925 2565 insipientem
980 2491 1140 2562 loquuntur
1153 2499 1254 2547 contra
1281 2506 1349 2547 eum
1378 2490 1544 2562 mendacia,
1560 2491 1661 2566 impia
1674 2486 1802 2550 lulsitetfi

103 2595 133 2649 et
146 2587 299 2647 excordem
314 2583 481 2642 columbam
497 2596 655 2654 possumus
670 2580 776 2648 dicere,
792 2581 841 2652 qui
864 2585 925 2636 ter·
980 2579 1117 2652 dogmate
1131 2584 1346 2652 componentes,
1363 2583 1392 2636 et
1406 2595 1464 2635 non
1477 2579 1612 2637 clamant
1626 2580 1658 2638 in
1672 2580 1802 2639 cordibae

104 2695 175 2737 rena
189 2676 399 2741 desiderantes,
429 2670 557 2744 Assyriis
584 2669 683 2725 traditi
707 2673 786 2725 sunt.
802 2673 836 2724 ut
857 2685 925 2725 cum
979 2668 1053 2735 suis,
1069 2668 1120 2723 sed
1135 2667 1250 2724 ululant
1264 2683 1380 2741 semper
1391 2668 1422 2724 iu
1437 2667 1659 2737 conciliabulis,
1669 2668 1801 2744 quepul'·

103 2766 223 2843 proiecti
239 2765 347 2822 luerint
361 2763 397 2819 de
411 2759 548 2827 Ecclesia,
564 2758 703 2831 expandit
717 2757 857 2816 Dominus
874 2776 925 2814 su·
978 2756 1048 2812 obre
1062 2756 1169 2812 cubilia
1184 2755 1321 2829 appellat,
1337 2761 1366 2814 et
1381 2756 1508 2812 terarum
1520 2756 1629 2816 lustra.
1642 2754 1801 2816 letiuerndd

102 2873 155 2935 per
173 2871 223 2913 eos
239 2858 299 2912 rete
314 2848 593 2918 suum,tastimoniis
604 2848 868 2920 Scripturarum,et
879 2864 924 2904 ar-
979 2860 1037 2901 non
1052 2849 1177 2917 possunt
1190 2845 1304 2902 dicere:
1323 2845 1427 2901 taoabo
1440 2861 1490 2918 per
1516 2847 1649 2918 singulos
1661 2851 1752 2904 codes
1763 2847 1799 2903 b·

100 2946 172 3003 tidci
190 2943 340 3018 sapientia
355 2954 490 2999 sermone
504 2940 680 3005 contextum,
693 2941 725 2992 ut
739 2936 883 2993 elevantes
893 2952 925 2993 se
978 2941 1053 2990 ctam
1066 2949 1157 2990 meam
1185 2933 1315 3006 lacrymis
1343 2936 1411 2990 med
1438 2937 1559 2990 stratum
1590 2934 1794 3007 mmrierlb

102 3032 390 3107 contrasepientiam
420 3028 480 3097 Dei,
510 3031 539 3084 st
560 3026 656 3083 instar
682 3025 743 3082 avis
762 3026 798 3082 ad
813 3024 926 3081 excelsa
979 3024 1064 3096 (Psoi.
1078 3039 1116 3090 vr,
1131 3023 1178 3094 7):
1195 3023 1246 3078 sed
1260 3023 1431 3078 volutantur
1459 3022 1489 3078 iu
1519 3023 1664 3080 sordibus
1682 3021 1799 3081 libidini

102 3122 270 3194 volitantes,
285 3121 321 3177 ad
336 3115 463 3175 humilia
491 3113 635 3184 detrabat,
665 3118 694 3170 et
720 3114 860 3186 corripiet
873 3128 924 3170 eos
979 3128 1063 3183 uum,
1078 3115 1182 3168 vacant
1197 3111 1319 3183 stupris,
1335 3115 1365 3167 et
1380 3109 1524 3183 quidquid
1533 3109 1741 3184 loquunturet
1752 3122 1797 3185 pr'·

97 3203 544 3275 comminatione,etauditione
559 3218 721 3275 poenarum,
742 3207 775 3258 ut
803 3184 960 3258 correctiG
979 3204 1105 3256 laverint
1120 3216 1151 3255 se
1172 3199 1200 3254 in
1216 3198 1334 3255 laudem
1362 3199 1410 3255 Dei
1439 3199 1546 3269 dicere,
1562 3199 1701 3260 ululatus
1722 3200 1798 3274 rope

105 3317 162 3359 uon
177 3301 297 3374 pereant
310 3295 341 3351 in
354 3299 505 3352 aternum.
734 3339 737 3346 .
978 3304 1044 3344 rum
1059 3293 1087 3345 et
1098 3289 1137 3359 (a)
1155 3286 1331 3343 baccharum
1358 3287 1572 3344 insanientium
1588 3289 1725 3350 ¹sonitus
1747 3286 1796 3346 eet

138 3390 232 3465 (Vere.
249 3387 306 3456 13.)
323 3385 366 3442 i'a
379 3385 429 3450 eis,
444 3382 575 3457 quoniam
588 3383 755 3437 recesserunt
769 3396 785 3434 o
799 3395 842 3435 me
852 3398 863 3434 .·
873 3396 921 3435 oa·
977 3378 1052 3433 Raro
1068 3376 1222 3432 hereticus
1251 3375 1349 3449 diligit
1376 3375 1554 3444 castitatem,
1570 3380 1604 3434 et
1626 3379 1797 3452 quicumque

102 3480 259 3543 elabantur,
274 3475 339 3546 quio
351 3472 528 3544 prevaricati
541 3477 605 3525 sant
620 3470 650 3524 in
677 3484 731 3524 me.
756 3467 921 3540 Epoivmg.
977 3483 1075 3522 amare
1090 3464 1260 3539 pudicitiam
1290 3481 1321 3521 se
1345 3462 1495 3531 simulant,
1513 3469 1548 3520 ut
1566 3458 1797 3535 Manicheum&

100 3572 135 3627 m
148 3567 207 3639 eqo]
220 3564 326 3621 redemi
339 3576 392 3627 eos,
407 3567 433 3616 et
448 3560 502 3632 ipsi
515 3559 599 3616 locati
612 3560 676 3613 mat
689 3565 783 3614 corbo
796 3571 924 3612 memen-
977 3555 1116 3621 Marcion,
1132 3558 1161 3610 et
1173 3555 1211 3626 (b)
1225 3553 1321 3621 Arius,
1337 3558 1366 3609 et
1380 3553 1532 3620 naitanus,
1547 3559 1579 3610 et
1590 3556 1796 3639 instructiore!

99 3658 189 3724 doeio,
204 3656 230 3711 et
244 3669 300 3710 noo
313 3650 501 3706 clormoerant
529 3646 567 3702 od
595 3662 639 3702 me
660 3646 691 3700 io
711 3645 790 3702 corde
803 3661 861 3717 sao,
877 3644 923 3701 sed
975 3643 1080 3701 veteris
1094 3642 1247 3708 hereseos,
1271 3646 1411 3698 venenato
1433 3657 1482 3698 ore
1507 3640 1599 3699 mella
1618 3643 1796 3717 promittuut.

96 3744 244 3804 atabbaat
267 3743 299 3798 ta
326 3734 638 3796 cubilibusaaia.LiX:
654 3735 698 3791 Vae
721 3736 769 3801 eia,
794 3737 923 3805 quoniam
976 3732 1116 3789 Ceterum
1127 3731 1212 3802 juxte
1226 3729 1404 3802 Apostolum,
1419 3745 1484 3802 que
1498 3737 1614 3789 secrete
1628 3736 1729 3806 agunt,
1740 3734 1797 3787 tur

98 3840 267 3894 recesserant
278 3849 296 3888 o
308 3845 373 3885 me:
388 3828 531 3899 manifesti
545 3833 619 3892 sant,
631 3825 923 3896 quoninmimpiceoe·
977 3839 1012 3895 pe
1027 3825 1070 3877 est
1082 3821 1178 3876 dicere
1191 3818 1298 3891 (Epiros.
1315 3818 1354 3889 v).

98 3928 167 3982 ruat
181 3924 212 3977 in
226 3936 286 3983 me:
300 3934 347 3991 eoo
358 3933 421 3973 aero
434 3917 588 3973 rodemieos
598 3933 607 3969 :
618 3915 673 3987 ipsi
682 3928 743 3968 rerc
758 3912 842 3969 locati
860 3919 926 3968 eant
1012 3910 1104 3981 (Vere.
1121 3908 1153 3962 ii
1169 3908 1262 3979 seqq.)
1276 3908 1362 3979 Super
1375 3908 1499 3963 triticum
1514 3917 1545 3963 et
1558 3910 1661 3966 mauro
1673 3904 1794 3993 Μ

97 4018 194 4069 contra
208 4026 252 4065 me
267 4006 450 4074 mendacium,
478 4008 504 4062 et
530 4021 586 4060 oon
613 4004 800 4060 clamaverant
832 4001 867 4057 ad
881 4016 924 4057 me
978 4000 1042 4055 bant
1053 3999 1223 4054 acesserunt
1236 4012 1252 4050 a
1266 4011 1319 4064 me,
1335 3999 1362 4052 et
1375 4012 1422 4067 eqo
1437 3996 1549 4053 erudior·
1556 3997 1596 4070 (o)
1607 4007 1634 4056 et
1647 3998 1796 4074 contutati

97 4100 180 4158 eorda
194 4094 362 4166 eoram,'sed
377 4094 524 4152 ululabant
539 4095 569 4149 in
583 4091 722 4149 arabilibus
736 4092 804 4145 sais.
814 4089 860 4145 bie
875 4106 922 4145 ex·
978 4087 1093 4144 bractio
1106 4101 1200 4143 eoram
1212 4101 1222 4140 :
1236 4091 1264 4141 et
1277 4086 1308 4140 ia
1321 4100 1366 4141 me
1378 4087 1571 4155 cogitauerunt
1583 4088 1637 4145 10
1645 4090 1797 4146 rustitius:

94 4189 236 4247 tendenda
252 4190 312 4243 rate
329 4200 441 4251 meum,
457 4187 489 4239 ut
517 4196 567 4238 eos
593 4177 884 4252 comprehenderem,
895 4182 924 4234 et
976 4178 1164 4246 reuenirent,
1178 4177 1207 4229 at
1221 4181 1308 4230 essem
1321 4174 1421 4246 absque
1437 4177 1535 4246 Jaqo:
1558 4179 1634 4247 iacti
1646 4186 1714 4235 sart
1725 4174 1796 4253 Μ’

100 4277 186 4354 quasi
200 4274 347 4335 volucrem
362 4272 426 4330 oceli
441 4273 477 4330 de
485 4271 624 4344 superbia
632 4269 817 4340 deponerem,
832 4272 860 4322 et
870 4282 923 4323 ce·
977 4282 1057 4321 orcas
1071 4265 1195 4321 dolosas:
1209 4263 1306 4319 eadent
1333 4264 1364 4318 io
1389 4263 1481 4335 plodio
1505 4265 1653 4339 principes
1668 4269 1795 4335 sonim

100 4368 198 4426 darem
214 4366 245 4423 in
260 4365 362 4422 auditu
378 4362 530 4436 angustie,
546 4360 589 4416 illi
604 4357 787 4415 recesserunt
806 4358 835 4410 et
849 4355 924 4412 resi·
964 4355 1271 4433 >meantiaqoeerum
1299 4354 1353 4408 istc
1372 4354 1554 4409 subsannatio
1567 4359 1716 4414 coremur
1736 4362 1798 4414 ern
1843 4412 1846 4437 ¹

94 4446 208 4516 ¹lierunt
222 4473 239 4513 a
253 4471 311 4522 me,
326 4453 381 4509 boc
396 4451 474 4508 euim
490 4448 634 4521 significat
644 4439 832 4513 ἀπεπήδησαν,
844 4446 924 4517 quod
977 4442 1186 4516 AEoypoexrl:
1199 4442 1286 4511 Super
1294 4442 1491 4498 tritiooetrino
1510 4441 1550 4515 (d)
1577 4443 1797 4503 disserebam

94 4544 289 4620 'Septuaginta
303 4539 538 4598 transtulerunt:
554 4542 583 4594 et
602 4539 754 4608 propterea
774 4532 923 4588 oacataa-
942 4558 964 4624 ὓ
979 4533 1082 4589 eruditi
1094 4534 1158 4587 arat
1171 4532 1201 4586 io
1215 4546 1268 4597 me,
1280 4539 1306 4587 et
1319 4546 1368 4600 eoo
1382 4530 1539 4600 cesserim
1553 4532 1682 4592 madriu
1702 4538 1794 4595 eam,

97 4643 153 4703 tur,
169 4636 235 4706 quio
246 4631 428 4707 prevaricati
441 4632 505 4685 rant
535 4629 564 4682 io
577 4640 631 4680 me.
648 4622 701 4679 Pro
724 4637 757 4678 co
779 4621 857 4692 quod
872 4638 927 4679 nos
981 4627 1006 4678 ct
1019 4629 1117 4678 contra
1130 4621 1374 4690 meooor'taaeruut
1391 4618 1491 4673 mulo:
1505 4620 1798 4680 mamaeam-

98 4724 237 4794 diximus,
254 4722 445 4786 nastcbantur,
461 4723 490 4774 et
516 4717 547 4773 in
577 4712 693 4770 ilebrao
722 4709 927 4782 scriptumest
984 4711 1082 4780 tilam,
1098 4709 1341 4781 [adimatqaosi
1354 4722 1436 4762 arcus
1451 4708 1796 4783 intentae,ocderrtieqtc·

132 4936 172 5007 (a)
188 4937 219 4992 ln
235 4935 364 4992 Palatio.
381 4947 464 4999 mss,
481 4925 723 4998 amcos-ammaon
738 4940 796 4980 nou
812 4926 926 4997 passim
981 4919 1201 5048 quamplurimi
1210 4919 1532 4991 commorantur,quiet
1542 4920 1794 4981 Encratitaedicun·

99 5004 475 5065 obviatetoliuerarumin
492 4998 708 5074 pronuntiando
722 4994 925 5065 similitudine,
983 5004 1040 5060 tur,
1063 4995 1069 5049 i
1122 4996 1177 5055 est,
1192 4991 1382 5047 abstinentes.
1398 4991 1432 5045 ili
1449 5007 1507 5046 uon
1518 4993 1676 5064 possident
1686 4988 1792 5067 aliquid,

101 5078 153 5137 sed
169 5078 303 5136 consulto
319 5078 428 5132 lactum
444 5074 481 5129 ad
497 5069 656 5144 superioris
683 5071 834 5124 contextus
859 5085 926 5124 nor·
980 5064 1296 5145 oscasabominabtur,
1313 5078 1386 5144 quas
1410 5062 1488 5118 Deus
1517 5079 1589 5120 cum
1604 5065 1792 5123 benedictione

103 5164 181 5205 mam
197 5150 339 5206 videatur.
981 5139 1112 5194 humano
1126 5149 1224 5207 geuerr
1241 5133 1352 5188 tribuit.
1370 5156 1384 5179 a

136 5222 177 5291 (b)
192 5220 269 5277 Nibil
285 5218 382 5276 simile
396 5218 432 5274 ab
444 5215 504 5272 arii
521 5216 656 5270 moreest
667 5208 797 5266 baeresim
807 5208 925 5277 relcras.
1016 5212 1053 5277 ic>
1067 5207 1213 5262 Victorius
1228 5204 1359 5260 voculam
1375 5220 1419 5259 cos
1433 5204 1525 5275 addit,
1541 5222 1578 5262 ex
1593 5208 1724 5282 Vulgata
1742 5202 1795 5262 edi·

100 5293 216 5365 Optime
231 5308 298 5349 vero
313 5291 349 5348 ed
366 5292 487 5353 Aeriam,
509 5286 558 5359 qui
588 5281 801 5340 Encmtitarum
829 5286 925 5349 secte,
981 5283 1069 5346 tione,
1085 5283 1113 5333 et
1130 5276 1277 5332 tlebraico.
1296 5275 1517 5348 {lieronymiana
1530 5282 1633 5335 autem
1643 5279 1732 5337 editio
1744 5273 1793 5338 ills

100 5364 188 5434 cujus
207 5367 236 5418 et
250 5363 403 5427 Tatiauus,
421 5369 469 5417 aut
484 5359 634 5420 alumnus,
650 5358 701 5409 aut
716 5348 837 5424 ἐξάρχων
860 5351 925 5409 iuit.
981 5368 1070 5424 quam
1083 5354 1185 5406 auctor
1201 5346 1401 5429 commentarii
1427 5345 1457 5400 iu
1468 5346 1592 5430 ‘Oscum
1618 5347 1794 5409 menenius

101 5432 228 5489 omnino
243 5433 332 5507 igitur
346 5432 467 5490 rescribi
482 5430 531 5487 bic
543 5426 628 5484 velim
643 5421 841 5493 :tortamquod
853 5439 925 5494 prm·
981 5422 1078 5480 liuilni
1095 5421 1205 5483 iaudat,
1223 5433 1343 5473 minime
1357 5423 1499 5490 agnoscit.

101 5509 181 5558 terea
206 5518 241 5557 ex
268 5502 417 5560 Pbssastrii
445 5498 627 5575 probaverim
654 5492 833 5558 testimonio,
863 5493 923 5550 ubi.
1016 5489 1292 5567 (quassabant,
1321 5488 1559 5546 concidebantur:
1575 5497 1608 5550 et
1626 5488 1796 5568 praeposi,

101 5596 118 5625 a
134 5572 224 5645 terii,
238 5571 344 5645 inquit.
355 5574 393 5631 ab
406 5574 491 5631 derio
504 5571 633 5704 quodam
648 5567 691 5624 sio
704 5581 742 5637 ap
762 5562 841 5619 allati
856 5568 927 5620 suut
979 5566 1032 5623 isto
1042 5573 1081 5624 est
1094 5564 1197 5621 sabaa
1217 5562 1286 5631 otio,
1301 5574 1354 5635 pro
1366 5560 1408 5617 sti:
1421 5563 1471 5633 est,
1481 5564 1539 5619 etc.

101 5641 154 5725 qui
168 5638 354 5706 abstinentia
367 5648 481 5721 amant,
496 5658 513 5703 e
539 5641 571 5700 in
584 5636 733 5718 prunastr
776 5630 927 5715 empbylir
