3840 6098
367 256 742 328 COMMENTARIORUM
763 262 804 325 lN
826 260 926 326 esau
947 261 1021 323 utu.
1044 256 1068 323 l.
1092 261 1178 325 GAP.
1201 260 1253 327 lv.
1595 265 1661 349 869

75 411 126 469 [ure
137 394 193 452 sibi
206 395 311 452 lecerat
322 397 445 468 Levites,
458 397 509 469 qui
526 401 626 468 poste-n
637 413 703 449 runi
716 414 781 449 scs·
798 398 824 460 Α
839 399 939 450 terrea:
956 412 1009 450 aion
1026 403 1064 451 est
1077 397 1152 451 caim
1166 397 1277 467 isaias,
1293 399 1319 452 et
1329 412 1384 453 eoa
1406 405 1445 453 est
1458 399 1661 468 misericordia,

75 488 95 540 le
105 485 182 540 tribu
194 485 256 541 Dan
273 485 393 541 armatis
405 486 555 558 prolectas
565 488 619 541 est.
636 489 704 538 Post
714 500 780 555 pes·
837 487 862 537 ct
877 501 930 538 ιιυιι
940 493 979 538 cst
988 486 1103 540 scicntia
1116 487 1168 541 Dei
1178 488 1207 540 in
1217 488 1304 554 terea,
1315 485 1500 553 Maledictum,
1513 487 1660 543 elaneada-

76 572 192 629 Domini
200 572 460 645 Salvatorisusque
470 573 500 628 in
511 572 781 644 prasentemdiem,
835 571 1148 641 ciam,etlromicidiam,
1159 584 1185 631 et
1190 576 1306 646 sartam,
1313 576 1395 630 eiu
1403 574 1571 631 adulterium
1577 577 1661 632 inan·

75 660 192 717 ominus
208 663 518 734 quadringentesimus
537 660 780 732 annusexpletur,
836 663 971 717 decorant
982 680 989 719 :
1001 665 1154 732 etsanpm‘s
1164 666 1328 734 sanquinem
1353 665 1454 733 tetigit.
1468 663 1536 718 LXX
1547 682 1554 720 :
1565 664 1664 720 Audite

74 753 136 806 tum
148 750 422 821 temperisresideat
432 751 568 822 usquead
581 749 658 804 diem
664 748 780 820 judicii,
836 751 946 807 oeream
961 751 1081 820 Domini,
1109 752 1164 822 filii
1191 753 1294 809 lsrael:
1318 753 1385 824 qaia
1399 753 1534 821 judiciam
1547 754 1662 810 minino

75 836 118 910 :eli
135 843 288 904 noverunt,
305 857 357 894 nee
381 839 480 894 Filius.
498 839 551 904 Oui
568 839 633 893 ideo
646 837 781 910 ignorare
835 839 1049 897 adiubitaiores
1060 849 1148 908 terra,
1159 844 1288 912 quianon
1309 843 1469 913 catamitos,
1482 858 1569 915 nepae
1577 843 1663 898 miss·

75 967 83 993 ,
99 927 170 998 qnia
185 927 269 982 nobis
284 943 341 983 nou
358 927 472 998 expedit
488 927 598 982 discere
607 926 660 998 [lt.
684 926 779 996 sciret
836 928 966 996 ricordia,
981 944 1068 999 nepae
1083 930 1198 985 scientia
1212 931 1261 986 liei
1275 938 1479 1002 superterram.
1492 931 1661 999 llalediatio,

85 1031 154 1088 erge
168 1015 252 1071 multi
265 1016 338 1082 dies,
351 1017 459 1088 quibus
480 1015 578 1071 infelix
593 1019 783 1088 synagogaet
836 1017 1061 1087 emendadum,
1078 1021 1103 1073 et
1119 1017 1319 1086 homicidium,
1344 1027 1370 1074 et
1383 1026 1502 1090 iactam,
1517 1023 1544 1075 et
1557 1020 1663 1076 adada

75 1103 203 1160 adultera
214 1105 321 1160 hordeo
333 1106 471 1176 pascitur,
485 1109 512 1159 et
524 1106 606 1160 sedet
621 1107 781 1173 contracta,
836 1108 911 1161 riam
925 1106 1041 1178 effusam
1055 1114 1095 1161 est
1103 1121 1187 1177 saper
1195 1112 1312 1172 terrum,
1325 1115 1352 1162 et
1359 1109 1523 1177 sanpaincm
1532 1109 1664 1179 sanguini

78 1191 405 1248 mChristostareneu
437 1198 541 1265 petest.
571 1192 781 1264 Sinerege,de
837 1194 1664 1269 miscuerant.Aprincipioprophetausqueadhuuelo·

75 1286 144 1338 utus
158 1286 203 1337 est
218 1286 321 1338 Pater:
338 1282 473 1339 Sascitaei
489 1298 578 1351 repom
593 1298 655 1337 cam
665 1282 781 1354 justitia
836 1299 903 1339 eum
916 1283 973 1338 sub
988 1283 1152 1339 meretricis
1166 1283 1362 1357 descriptione
1376 1289 1406 1340 et
1421 1284 1570 1351 adultera,
1587 1301 1662 1357 qua·

75 1386 101 1442 v,
132 1371 186 1442 13).
215 1372 249 1426 tut
277 1371 338 1442 ipse
367 1371 437 1426 dicit
464 1369 780 1445 Psalmozdpoantcm
836 1388 901 1426 rum
918 1374 984 1443 post
996 1371 1187 1444 purissimas
1203 1389 1303 1444 poenas
1314 1378 1343 1430 et
1357 1373 1537 1430 relictionem
1554 1373 1663 1447 longis·

75 1459 781 1529 tassamoarabeosaperSionmontemsanctam
836 1461 956 1528 simam,
971 1465 1072 1532 pestes
1087 1462 1120 1517 tlt
1148 1462 1177 1516 in
1207 1461 1377 1533 pristinum,
1407 1461 1495 1518 velia
1512 1461 1663 1520 meliorem

75 1545 112 1603 al.
130 1563 159 1615 n,
187 1547 223 1615 6).
254 1546 321 1600 Siue
350 1545 492 1618 principe,
521 1545 780 1618 velipsoltemiue
835 1552 945 1604 statum
961 1549 1393 1621 restitutin,deeemtribuum,
1415 1550 1458 1607 vel
1478 1551 1661 1619 demumst

75 1651 110 1703 re,
121 1635 166 1690 vel
178 1641 254 1691 certe
268 1635 415 1704 Pontifice,
434 1636 470 1691 de
490 1652 548 1707 quo
565 1635 778 1707 scriptumest:
835 1639 1038 1693 incommune
1059 1638 1192 1694 emnium
1222 1644 1340 1711 peecata
1359 1643 1562 1696 numerantur.
1579 1640 1663 1696 Nune

74 1724 143 1795 rcipi
151 1725 247 1796 populi
257 1728 299 1778 tar
314 1740 370 1779 noa
380 1723 529 1778 maledices
539 1723 642 1795 (Ecca.
652 1740 689 1778 aa
703 1726 734 1791 r).
744 1724 780 1779 'ut
836 1742 955 1781 rursum
969 1726 1005 1782 ad
1022 1725 1122 1793 lsrael,
1138 1727 1166 1782 id
1183 1732 1237 1798 est,
1255 1728 1354 1784 decem
1371 1728 1466 1785 trihus
1481 1743 1578 1785 sermo
1592 1745 1662 1785 eon·

75 1811 779 1884 silicio,etsiueeltari.Subversoenimtemplo,
836 1814 967 1884 vertitur,
984 1830 1132 1886 exponens
1147 1832 1205 1871 non
1221 1815 1331 1872 lrustrs
1361 1816 1468 1872 iratum
1492 1817 1585 1873 Deum
1600 1821 1662 1874 tem

75 1900 299 1969 rsslerusulem,
313 1917 364 1957 nee
374 1901 562 1972 sacrificium,
576 1915 628 1957 use
647 1901 780 1956 sacerdo·
835 1902 933 1975 gravia
946 1902 1120 1958 comminari
1132 1908 1161 1959 et
1176 1902 1283 1960 inferre
1302 1903 1466 1977 supplicis:
1488 1922 1523 1961 ne
1539 1904 1661 1963 forsitan

77 1989 160 2046 daicu
170 2006 241 2063 gens
252 2006 382 2046 exercere
393 1994 497 2062 potest.
510 1990 545 2045 ut
564 1989 626 2045 sina
643 1988 736 2061 ephod
752 1993 781 2045 et
835 2008 894 2046 non
909 2008 944 2047 ex
954 1991 1059 2064 judieii
1075 1990 1205 2061 veritate,
1227 1993 1275 2048 sed
1293 2010 1327 2049 ex
1344 1994 1474 2066 petentia
1488 1994 1537 2050 Dei
1552 1994 1662 2066 injuste

75 2078 190 2152 saphim,
213 2078 241 2134 id
272 2083 326 2149 est,
357 2078 561 2134 instrumentis
591 2076 779 2134 sacerdotalis
835 2079 1661 2156 videaturincesquinonpeccaverunt,latsseuteutia(li).

77 2170 140 2223 ‚De
155 2167 209 2222 hoe
225 2182 292 2239 rege
303 2166 431 2222 etlaeoh
444 2165 473 2220 in
486 2165 780 2223 benedietioueludae
835 2168 952 2237 Audite,
982 2167 1080 2240 iuquit
1103 2168 1255 2240 propheta,
1284 2169 1405 2226 verbum
1433 2169 1661 2239 Domini,0filii

75 2254 129 2312 aba
144 2255 293 2327 loquitur:
308 2260 369 2313 Non
383 2256 490 2326 deficiet
501 2257 628 2328 princeps
647 2272 682 2311 ee
695 2255 778 2324 lado,
836 2257 923 2313 lsrael
937 2272 944 2311 :
962 2255 1032 2328 quis
1046 2256 1107 2312 vult
1124 2257 1264 2313 Dominus
1274 2274 1341 2314 eum
1354 2276 1407 2315 suo
1418 2248 1661 2332 papulojudiesri

75 2360 110 2400 ae
122 2344 155 2400 de
168 2343 318 2414 [emeritas
333 2345 401 2415 ejas,
417 2344 501 2400 donec
515 2346 608 2400 ueniat
620 2345 667 2399 cai
677 2346 778 2415 reposi·
834 2351 863 2402 et
873 2360 1017 2418 exponere
1028 2361 1133 2401 causas
1143 2344 1352 2417 indignationis
1363 2363 1433 2403 sua.
1445 2347 1507 2404 Non
1530 2352 1575 2405 est
1587 2347 1662 2404 veri·

76 2440 125 2490 :et
139 2434 199 2505 ipse
213 2435 265 2488 erit
278 2436 443 2505 exspectatio
458 2435 587 2506 pontiam
610 2432 687 2504 (Gen.
703 2449 778 2504 xum,
834 2440 889 2502 tas,
905 2439 934 2490 et
947 2450 1003 2489 non
1019 2438 1062 2489 est
1078 2432 1290 2504 misericordie,
1306 2440 1335 2491 et
1349 2451 1406 2490 non
1422 2439 1467 2490 est
1477 2436 1599 2492 seientia
1609 2434 1662 2492 Dei

75 2538 95 2586 :o
106 2526 262 2594 postquam
275 2521 382 2577 deiecit
393 2521 527 2594 princeps
538 2537 572 2576 ex
583 2523 670 2587 luda,
683 2526 711 2576 et
721 2522 780 2577 dux
835 2524 864 2579 iu
876 2529 960 2578 turra.
973 2522 1031 2577 Nee
1042 2520 1149 2576 veritus
1160 2521 1238 2577 euim
1249 2522 1361 2595 absque
1379 2523 1580 2579 misericordie
1590 2540 1663 2580 sus·

78 2610 159 2666 ribus
170 2612 244 2681 ejus,
256 2614 284 2666 et
295 2610 422 2666 Herodes
435 2610 597 2682 alienigena
608 2616 636 2664 et
647 2609 777 2682 presely-
836 2610 921 2667 tineri
932 2611 1037 2682 polest,
1049 2612 1077 2664 et
1087 2609 1289 2666 misericordia
1313 2610 1425 2682 ubsque
1437 2610 1557 2667 veritate
1573 2610 1664 2667 efficit

75 2699 146 2772 cepit
155 2698 323 2770 imperium,
333 2698 526 2771 intelligimus
536 2699 650 2754 venisse
661 2699 707 2754 eui
718 2714 781 2772 reg·
834 2698 1015 2772 negligentes
1028 2717 1034 2754 :
1048 2698 1125 2754 unde
1138 2697 1263 2754 alterum
1276 2699 1416 2755 miscetur
1428 2698 1522 2768 alteri,
1534 2716 1598 2773 que
1610 2699 1660 2771 qui

76 2788 203 2861 positum
220 2798 274 2858 est,
297 2792 326 2843 et
347 2788 410 2861 ipse
436 2792 496 2843 erat
517 2787 695 2860 exspectatio
710 2803 780 2860 gen·
836 2805 892 2842 uon
909 2785 1056 2855 habuerit,
1085 2790 1342 2858 consequenteret
1368 2787 1420 2842 Dei
1448 2787 1582 2843 notitiam
1599 2804 1657 2844 nou

75 2877 121 2933 lae
131 2880 184 2944 est,
197 2877 379 2948 caritasque
389 2875 739 2948 exparteaeeiditlaraeli,
749 2879 781 2930 ut
835 2876 963 2932 habebit.
976 2876 1031 2932 Sed
1042 2891 1058 2930 e
1070 2875 1211 2931 cantatrio
1223 2891 1274 2947 pro
1289 2875 1409 2932 veritate
1427 2875 1625 2944 mendacium,
1636 2878 1666 2933 st

75 2970 139 3021 ¹sret
152 2965 303 3037 plenitude
315 2965 458 3037 gentium,
470 2969 499 3020 et
509 2969 579 3020 tuuc
590 2964 781 3021 omuislsrael
836 2981 887 3037 pro
899 2963 1101 3020 misericordia
1113 2963 1314 3031 maledictum,
1323 2962 1528 3035 homicidium,
1538 2963 1663 3036 lurtum,

75 3053 150 3111 ieret
160 3054 246 3126 (Rom.
259 3055 298 3124 xi)
312 3071 317 3107 :
332 3058 361 3109 et
372 3053 464 3109 multo
476 3058 541 3125 post
551 3059 781 3126 temporerever-
836 3052 1024 3110 adulterium.
1039 3057 1101 3108 Non
1114 3051 1197 3117 dixit,
1213 3055 1252 3108 cst
1266 3053 1335 3108 :sed
1348 3050 1561 3108 uideliclorum
1572 3053 1652 3109 abun

78 3146 106 3199 et
117 3148 247 3216 quaerent
258 3142 413 3198 Dominum
432 3144 521 3197 ltenm
539 3159 637 3209 suum,
651 3146 679 3198 et
694 3143 780 3198 David
796 3118 818 3183 C
837 3141 968 3198 dantium
993 3143 1217 3210 demonstraret,
1247 3139 1358 3211 intulit,
1388 3140 1590 3197 inundaverant
1604 3139 1662 3213 (al.

75 3248 168 3302 suum,
182 3232 232 3303 qui
243 3232 278 3286 de
288 3230 376 3287 David
390 3232 480 3303 stirpe
504 3235 660 3303 generatus
684 3235 739 3300 est,
755 3235 783 3286 et
837 3229 1089 3301 redundaveranlJ:
1105 3232 1134 3285 et
1160 3246 1212 3300 pro
1238 3228 1361 3285 scientia
1388 3229 1450 3296 Dei,
1466 3245 1530 3301 ques
1545 3246 1602 3286 non
1618 3234 1664 3286 est

75 3323 167 3377 statur
180 3322 259 3391 sortis
268 3337 363 3375 maiza.
376 3320 440 3392 lpse
452 3320 530 3374 enim
539 3319 625 3375 solvit
635 3319 784 3393 captivita·
837 3319 867 3375 in
879 3324 967 3383 terra,
978 3318 1101 3390 sanguis
1112 3317 1286 3390 sanguinem
1298 3317 1403 3390 tetigit,
1415 3318 1475 3374 sive
1486 3320 1662 3392 sanguinem

75 3406 133 3482 puli
150 3408 207 3475 sui,
223 3408 454 3464 etdeditvinctis
466 3407 680 3463 remissionem.
693 3406 783 3462 Cum·
838 3407 976 3481 sanguini
992 3407 1184 3474 miscuerunt,
1202 3411 1385 3478 ataugerent
1396 3408 1662 3480 peceatupeacatis,

75 3513 97 3553 m
107 3497 234 3552 viderint
249 3496 299 3550 filii
311 3496 410 3567 lsrael,
421 3495 471 3567 qui
483 3512 500 3549 a
513 3496 576 3552 suis
585 3495 723 3551 iratribus
737 3496 784 3551 de·
838 3502 867 3553 et
876 3496 960 3552 nevis
971 3501 1066 3552 vetera
1077 3494 1273 3551 cumularent.
1287 3495 1374 3550 Recte
1385 3499 1483 3551 autem
1493 3495 1665 3568 quihebita·

75 3589 153 3655 sest,
169 3585 199 3639 in
215 3584 307 3639 Patris
323 3589 351 3639 et
365 3601 417 3640 sua
434 3584 586 3654 majestate
601 3589 783 3655 regnantem,
838 3590 916 3642 teres
928 3589 1011 3641 tarra
1022 3589 1091 3640 sunt
1101 3588 1129 3640 et
1140 3600 1198 3638 non
1220 3582 1332 3648 incula,
1344 3582 1380 3638 ad
1395 3582 1542 3654 judicium
1554 3599 1658 3655 provo·

77 3678 118 3740 nt,
134 3678 163 3729 et
179 3675 340 3745 stupebunt
355 3673 390 3728 ad
407 3672 564 3728 Dominum
580 3672 658 3728 etad
675 3673 784 3727 bonum
840 3677 960 3728 eantur:
977 3672 1046 3744 quia
1060 3690 1078 3727 a
1101 3670 1173 3727 lacis
1200 3670 1354 3742 Aquilonis
1383 3671 1575 3727 exardescunt
1588 3671 1665 3728 mala

75 3760 786 3832 uibonusfilius,debouonatusestputre,sive
840 3778 930 3833 super
957 3758 1137 3816 habitatores
1163 3762 1246 3813 terra
1278 3757 1386 3828 (leram.
1416 3758 1447 3830 ι).
1473 3759 1508 3814 Et
1532 3758 1561 3814 in
1590 3761 1665 3832 Apo·

75 3848 683 3921 aDemini,dequibussanetusloquitur:
702 3848 787 3906 Credo
841 3848 950 3922 calypsi
979 3846 1120 3904 loannis:
1153 3845 1209 3913 Vm,
1240 3863 1292 3914 va,
1318 3861 1360 3902 vie
1388 3847 1665 3919 dieitursuperhe·

75 3938 263 3995 ionaliomini
272 3939 301 3993 in
312 3942 387 3993 terro
399 3939 549 3993 vicentiam
560 3937 616 4007 (l’s.
629 3936 787 4008 xxv1,l3):
842 3938 1077 3993 bitutoresterra
1094 3935 1191 4007 (Apes.
1208 3933 1259 4007 vr).
1288 3934 1343 3999 Qui
1373 3939 1665 4008 aulempotesteum

77 4026 117 4083 im
140 4044 229 4099 quam
259 4025 416 4082 incolimus
445 4029 621 4097 peccatores,
651 4030 789 4083 terreest
843 4023 1116 4100 prophetadieere:
1133 4023 1319 4079 idumaeam
1344 4023 1419 4095 apad
1446 4027 1482 4090 te,
1508 4025 1668 4097 etpcrepri·

75 4132 159 4171 trum.
172 4116 301 4171 Praesens
316 4112 730 4187 capitulum,aliiludaeorum
742 4132 789 4171 sa·
842 4130 905 4181 aas,
920 4114 992 4168 sicat
1016 4128 1108 4168 omnes
1133 4114 1228 4183 patres
1252 4113 1308 4167 mei
1333 4111 1419 4183 (Psoi.
1448 4129 1569 4180 narrar,
1587 4113 1624 4185 l),
1639 4116 1669 4170 et

75 4202 215 4276 tylenicia
231 4204 398 4276 captivitate
413 4203 655 4274 interpretantur,
672 4203 789 4275 quando
844 4198 1669 4276 pertransitmundumistumquesiincolaetperegrinus,

75 4292 152 4367 ginta
167 4292 253 4348 annis
280 4290 444 4347 desolatam
463 4296 508 4347 est
523 4291 689 4363 Templum,
706 4297 734 4347 et
748 4292 789 4348 al·
844 4291 994 4346 veritatem
1020 4289 1155 4361 sequitur
1168 4293 1197 4344 et
1213 4288 1455 4357 misericordiam,
1467 4290 1516 4346 86
1533 4294 1562 4346 et
1575 4291 1669 4347 scieu-

75 4380 445 4439 vietimaeaesueerdotium
468 4396 525 4435 nen
538 4380 667 4448 luerunt,
679 4384 708 4435 et
722 4397 788 4453 pos·
844 4381 916 4435 tiam
928 4377 990 4446 Dei,
1007 4395 1044 4434 ne
1054 4377 1403 4433 inundationemuledieti
1414 4383 1503 4449 atque
1513 4377 1669 4447 mendacii,

75 4469 246 4526 »zorobabel
258 4469 287 4525 in
313 4470 396 4524 sedes
421 4468 561 4541 pristinas
585 4472 655 4522 sunt
670 4469 787 4526 reversi.
807 4480 830 4544 1)
845 4466 1008 4534 homicidii,
1027 4473 1055 4522 et
1070 4466 1150 4533 furti,
1165 4469 1194 4522 et
1209 4464 1345 4521 adulterii
1362 4471 1391 4522 et
1405 4464 1556 4536 sauguinis
1570 4465 1669 4539 oppri-

75 4575 151 4624 .nos,
163 4558 193 4613 in
206 4558 338 4614 laturum
351 4563 469 4628 tempus
492 4556 630 4611 differunt
640 4556 692 4624 [At.
705 4556 789 4613 dese·
847 4561 954 4613 matur.

79 4649 109 4703 et
134 4664 197 4719 quae
227 4645 264 4702 sit
291 4649 457 4701 causatum
477 4643 597 4717 grundis
615 4644 743 4713 ‘alienam
760 4649 792 4700 ut
881 4646 973 4716 (tlara.
989 4645 1029 4716 3.)
1043 4645 1160 4711 Propter
1173 4642 1222 4697 loc
1238 4642 1340 4714 tapetii
1366 4650 1450 4710 mma,
1478 4649 1504 4698 ei
1518 4642 1672 4711 inimicici-

75 4751 197 4808 ¹empore
214 4734 306 4790 relicti
323 4733 393 4800 sint,
409 4733 535 4788 maxime
556 4749 622 4788 cum
640 4732 717 4788 idola
733 4750 791 4790 nou
845 4739 892 4791 tar
905 4736 996 4789 omnis
1011 4733 1060 4803 prii
1073 4731 1180 4787 habitat
1197 4734 1227 4786 ia
1241 4747 1293 4786 ea:
1308 4733 1339 4786 in
1349 4730 1505 4801 lectionari
1513 4733 1538 4785 et
1552 4732 1583 4786 ia
1595 4731 1672 4786 oola·

91 4828 194 4897 prater
208 4824 438 4879 interiectionem
455 4822 622 4889 Salvatoris,
634 4820 721 4877 aliam
734 4838 791 4878 non
846 4822 975 4888 creceii,
989 4820 1035 4877 sed
1049 4823 1074 4875 ot
1088 4819 1175 4891 pisces
1202 4835 1288 4874 maris
1313 4818 1561 4890 compreenduntur.
1580 4816 1670 4873 LXX:

84 4911 223 4967 invenire.
848 4912 907 4967 ldeo
918 4908 1024 4982 tepebit
1033 4912 1118 4977 lema,
1129 4911 1157 4963 et
1166 4909 1308 4962 minacior
1321 4923 1385 4962 cum
1394 4906 1519 4963 omnibus
1531 4907 1579 4978 qai
1590 4906 1672 4962 tati-

78 5044 85 5057 .
101 5000 149 5056 lV.
167 5033 199 5042 -
215 5001 297 5056 Vers.
317 5003 341 5065 l,
357 5001 396 5069 2.)
423 4999 523 5055 nuilite
544 4999 658 5054 cardam
673 4999 792 5066 Domini,
849 5005 907 5055 teet
917 5014 987 5066 cam,
998 5013 1062 5052 caer
1074 4997 1166 5052 bestiis
1191 4998 1263 5067 apri,
1279 4996 1314 5068 (c)
1324 5012 1386 5050 cam
1396 4995 1566 5067 serpentinas
1577 4999 1670 5061 terrae,

75 5091 140 5152 uel:
159 5092 225 5162 qaia
235 5091 377 5161 judiciam
394 5089 506 5143 [leonino
520 5104 585 5143 cam
596 5086 794 5143 liabitatorioas
847 5097 949 5144 etcum
963 5085 1123 5142 volatilitas
1136 5085 1213 5152 coeli,
1224 5088 1249 5140 et
1257 5087 1345 5156 pisces
1356 5085 1444 5140 maris
1453 5082 1587 5153 deficient.
1599 5082 1673 5150 Quia

75 5288 177 5341 serant
188 5289 302 5340 tantum
314 5284 382 5339 unni
394 5284 429 5336 ‘25
439 5284 534 5338 aut27
554 5282 590 5337 ad
601 5280 793 5354 expletionem
849 5298 924 5352 quas
938 5280 1046 5335 Victor.
1063 5277 1221 5344 consuluit,
1236 5279 1286 5352 qui
1303 5284 1372 5335 suut
1387 5293 1508 5336 numero
1523 5277 1673 5348 tredecim,

77 5361 253 5428 ngentorum
264 5371 426 5412 annorum:
443 5355 519 5409 undo
531 5353 601 5408 dicit
606 5353 793 5425 pantominus,
849 5371 907 5409 non
923 5355 1097 5424 agnoscunt.

885 5425 919 5495 (c)
937 5422 1050 5491 lethae,
1064 5436 1127 5476 cam
1140 5422 1308 5491 semanticus
1323 5429 1416 5486 terrae,
1430 5419 1460 5475 iu
1475 5417 1567 5475 altero
1578 5419 1671 5482 Patet.

75 5497 233 5564 televimus,
251 5514 313 5569 quae
330 5497 377 5552 hia
394 5494 565 5561 addebatur,
581 5495 731 5566 prophetia
745 5512 793 5551 vo·
848 5512 907 5553 uon
923 5497 1003 5561 suut,
1016 5509 1080 5565 qua
1094 5492 1124 5548 iu
1140 5490 1238 5548 Greco
1253 5491 1397 5567 cenaplut.
1411 5491 1528 5550 desunt.

75 5572 161 5648 rtpote
175 5569 365 5644 superfluam,
387 5573 415 5624 et
444 5583 533 5641 quam
563 5566 655 5627 nostri
680 5582 751 5629 mss.
767 5570 796 5631 et
