3840 6098
115 269 175 335 ros
407 242 412 255 '
741 278 773 337 s.
796 272 955 340 uusaau
977 273 1201 342 emanarat

115 423 192 476 eum,
210 404 258 481 qui
272 405 308 463 da
321 404 440 479 Virgine
455 407 639 477 nascebatur,
662 407 691 464 id
706 412 761 480 eet,
776 408 938 480 bominem,
952 412 980 477 Α
994 412 1069 467 mole
1083 426 1148 469 acro
1161 413 1237 484 soros
1263 412 1418 487 projicient.
1444 409 1565 488 Oportet
1583 427 1654 487 argo
1666 410 1699 471 in
1712 426 1721 472 1

114 513 210 554 sermo
224 513 341 570 semper
352 497 382 552 in
398 501 483 554 Patre
499 513 632 567 manens,
648 503 681 554 ut
695 499 799 555 tierent
813 503 939 571 utraque
992 500 1084 557 totius
1099 501 1234 558 Ecclesia
1248 518 1313 559 esse
1334 507 1363 560 et
1381 504 1459 559 bona
1481 507 1512 559 et
1526 500 1613 560 mala.
1631 501 1662 560 si
1672 502 1721 576 iat

115 602 219 656 unum,
234 590 263 642 et
277 586 494 642 consociaretur
508 586 608 654 homo,
619 603 707 659 quem
720 588 757 643 ob
772 603 938 644 sacramen·
993 605 1077 646 versa
1087 591 1199 648 munda
1208 596 1288 663 eunt,
1300 592 1370 663 quid
1383 592 1721 665 derelinquimusjudioi

112 678 177 731 tum
192 680 222 731 et
235 675 361 732 salutem
378 676 520 732 universa
535 676 729 733 humanitatis
744 676 940 744 indueret,di·
993 680 1028 733 lit
1039 678 1124 749 juxta
1138 679 1226 736 aliam
1243 680 1423 753 parabolam,
1439 686 1469 737 et
1492 681 1673 738 trumentum
1686 684 1720 741 cl

52 786 57 800 .
111 764 227 821 vinitati
241 765 305 834 ejne
315 769 346 821 et
355 770 465 821 naturae
477 765 621 839 unigeniti
632 765 791 822 Deidactos
799 768 839 822 est
851 782 938 822 acmo
992 766 1023 822 in
1034 784 1102 825 area
1112 769 1567 837 continentur,cumirumentum
1575 769 1721 828 tautumir

111 854 222 910 Domini
235 854 271 909 ed
283 855 457 910 Ezechielem
466 853 556 924 filium
562 856 633 910 licei
641 854 807 911 sacerdotem
819 856 850 910 io
863 859 939 911 terro
992 856 1030 911 sti
1045 855 1150 912 borrae
1159 858 1397 930 congregandum
1410 858 1459 929 eit,
1471 861 1501 914 et
1515 858 1721 917 discernantur

111 942 315 1001 Glrcldaeomm.
346 942 471 1000 chaldei
498 944 534 1000 de
563 942 731 1000 coelestibus
760 941 936 1016 disputant:
993 944 1029 1000 ab
1043 947 1176 1018 ancujus
1186 945 1382 1002 ventilabrum
1395 947 1525 1002 iamenu
1538 947 1613 1020 ejus,
1625 951 1721 1007 etna

110 1032 236 1088 Chaldaei
267 1032 433 1089 nativitates
462 1031 616 1088 hominum
646 1031 867 1089 ratiocinantur.
905 1034 937 1088 la
992 1048 1090 1088 aream
1102 1039 1230 1101 suamet
1239 1035 1428 1108 congregabit
1439 1035 1617 1092 frumentum
1628 1036 1721 1095 iubos

109 1124 185 1178 terro
204 1121 403 1187 Chaldaeorum,
421 1121 505 1192 quasi
531 1119 556 1177 ei
571 1120 659 1188 dicat,
674 1137 774 1177 eorum
789 1121 841 1194 qui
858 1138 936 1177 asse-
991 1120 1090 1193 paleae
1099 1138 1167 1178 vero
1178 1127 1332 1179 consumet
1342 1123 1448 1196 inigne
1458 1122 1676 1198 inextinguibili
1684 1125 1720 1200 (1.

110 1211 298 1277 roaticium,
315 1226 417 1266 eorum
444 1209 493 1281 qni
508 1226 614 1266 causas
628 1209 827 1266 universitatis
843 1215 936 1266 astro·
991 1209 1091 1282 Neque
1102 1211 1181 1267 onim
1192 1228 1291 1269 assero
1303 1227 1400 1268 aream
1412 1216 1506 1269 totum
1516 1228 1581 1271 esse
1595 1216 1721 1273 muudus

110 1314 176 1355 rum
202 1299 327 1356 circuitu
354 1298 519 1356 vendicant.
550 1300 689 1371 lsteergo
709 1314 893 1369 nunoerror,
908 1304 937 1355 et
991 1299 1425 1372 areamintelligoessectetum
1442 1301 1543 1374 populi
1555 1302 1718 1361 Christiani

109 1388 184 1445 ΒΜ
198 1387 257 1444 ista
270 1388 377 1444 mentis
392 1388 566 1460 perversitas
576 1387 738 1460 figuraliter
747 1388 777 1443 in
787 1386 935 1444 Chaldaeo·
991 1388 1079 1443 modo
1088 1405 1270 1461 unaqueque
1284 1405 1351 1445 area
1360 1389 1623 1459 circumscribitur,
1635 1397 1664 1448 ct
1674 1394 1721 1451 esi

109 1493 176 1534 rum
192 1481 269 1533 lerra
283 1477 478 1548 significatur.
493 1479 526 1533 lo
555 1481 632 1534 wrro
652 1476 844 1534 Chaucorum
860 1492 936 1532 secus
991 1475 1148 1543 frumento,
1160 1476 1204 1533 vel
1215 1476 1318 1550 paleis,
1330 1494 1383 1534 noc
1397 1482 1492 1534 totum
1504 1478 1721 1539 lrnmentumes

108 1567 212 1636 temen
227 1565 342 1622 diodor.
357 1567 391 1622 et
400 1567 477 1640 [octa
490 1570 533 1622 est
546 1566 606 1622 illic
619 1581 701 1638 super
712 1581 758 1621 me
768 1581 868 1621 mous
883 1566 935 1622 llo·
989 1568 1085 1620 totum
1101 1581 1220 1622 rursum
1236 1565 1339 1638 palea:
1364 1567 1407 1623 sio
1430 1567 1460 1624 in
1478 1566 1615 1626 lioolesiis
1627 1573 1721 1629 term

107 1657 188 1711 mini.
207 1654 241 1711 lot
255 1671 351 1711 sermo
371 1655 486 1711 Domini
501 1654 651 1711 lactueeat
665 1654 701 1710 ad
716 1654 890 1727 prophetam
906 1657 936 1711 et
990 1651 1068 1709 alius
1083 1655 1333 1722 ostimentum,
1360 1654 1438 1712 alius
1462 1658 1508 1713 est
1529 1657 1623 1729 palea.
1642 1656 1721 1717 Vero

107 1759 225 1814 manus,
241 1747 274 1798 ut
287 1747 316 1799 et
342 1743 429 1799 iactis
454 1747 608 1800 ornaretur
636 1746 665 1799 et
688 1743 794 1800 verbis.
821 1747 856 1800 at
877 1743 935 1799 vids
950 1776 975 1842 B
990 1743 1517 1816 nonsuacausa,oecpervoluntatem
1536 1745 1721 1819 polocronii

106 1834 233 1888 visiones.
253 1831 356 1904 aliqua
370 1831 578 1904 perstringam,
602 1836 631 1888 et
650 1831 718 1888 licet
731 1849 784 1905 pro
798 1832 937 1906 angustia
990 1830 1069 1887 enim
1086 1848 1121 1887 ex
1136 1833 1254 1905 proprio
1279 1833 1399 1889 arbitrio
1421 1833 1603 1891 trumentum
1618 1836 1678 1911 eal)
1689 1834 1721 1894 lsi

106 1920 248 1993 temporis
270 1937 315 1989 ea,
345 1937 410 1993 ques
425 1920 496 1992 dixi,
522 1919 638 1992 possint
663 1920 808 1990 suillcere,
835 1925 935 1977 umen
988 1919 1019 1975 iu
1032 1923 1676 1996 tuapolcstatepositumestuteispalea,vel
1691 1924 1721 1982 ir

106 2009 195 2066 etiarn
206 2010 242 2065 de
252 2008 933 2083 totocorporevisionissummaquaquelibabo.
988 2013 1132 2065 tumbae
1145 2026 1198 2066 noa
1209 2010 1438 2082 doceredebont‚
1455 2016 1488 2067 ut
1498 2011 1524 2067 si
1540 2012 1721 2085 aliquandoa

105 2099 139 2177 lit
151 2098 220 2169 otili,
231 2103 257 2155 et
272 2114 331 2154 ecce
345 2100 459 2170 spiritus
473 2114 587 2168 turpem
601 2099 728 2154 veniebat
741 2097 776 2155 ot
789 2098 932 2170 Aquilone.
988 2097 1018 2153 in
1035 2100 1311 2171 congregationibus
1327 2101 1436 2157 nostris
1445 2100 1721 2174 videritpaccatorel

105 2185 265 2260 Diligenter
279 2187 697 2243 ronmderararumnumerum
710 2203 775 2259 quae
784 2187 931 2244 dicuutur:
987 2187 1217 2259 scandalizetur,
1229 2204 1325 2261 neque
1338 2189 1435 2244 dicat:
1460 2190 1532 2246 Ecce
1548 2190 1721 2262 peccatoris

105 2277 366 2348 spinosissimam,
383 2275 443 2332 sive
456 2278 586 2347 naimone
599 2278 725 2332 veniebat
739 2276 774 2332 ot
787 2276 932 2349 Aquilone,
988 2280 1090 2332 saneto
1106 2276 1193 2332 astsi
1206 2276 1261 2333 boo
1276 2276 1353 2349 licet,
1369 2277 1395 2333 si
1411 2277 1466 2334 boc
1484 2278 1668 2348 conceditur,
1682 2292 1721 2355 qa

10 2426 24 2445 ,
105 2380 172 2422 ecca
186 2381 247 2420 una
258 2381 315 2421 res.
331 2367 365 2421 Et
377 2365 464 2421 nubes
475 2381 577 2437 mooun
591 2373 652 2421 erat
665 2367 697 2420 ia
711 2381 759 2422 eo:
774 2380 841 2422 eece
855 2367 930 2424 due.
986 2380 1039 2438 ego
1055 2380 1113 2421 non
1125 2365 1266 2437 peccem?
1279 2369 1354 2421 Dum
1369 2365 1399 2420 in
1415 2365 1551 2437 presenti
1574 2366 1686 2426 seculo
1700 2380 1721 2429 a

104 2454 138 2510 ec
150 2454 280 2526 splendor
292 2456 324 2510 ie
337 2456 460 2510 circuita
471 2456 627 2528 masteces
636 2458 706 2510 tres.
722 2455 931 2525 litipairretol·
986 2453 1016 2509 id
1033 2455 1078 2509 est
1092 2453 1122 2508 in
1137 2457 1247 2510 areuet
1270 2453 1300 2508 in
1329 2468 1448 2526 sagena
1478 2457 1507 2510 et
1522 2453 1591 2511 boni
1605 2455 1721 2515 simul

103 2559 192 2612 gete:
207 2559 274 2599 ecce
288 2546 424 2614 quatuor.
439 2544 610 2601 litiomodio
624 2544 684 2616 ejas
699 2544 931 2600 simtoisioelec·
986 2542 1161 2597 continetur.
1191 2541 1312 2605 Quando
1342 2546 1441 2597 autem
1468 2543 1582 2600 venerit
1607 2543 1721 2604 Christi

104 2633 142 2688 tri
155 2633 186 2688 to
200 2632 288 2688 medio
313 2634 403 2702 ionae:
421 2648 487 2688 ecoe
509 2632 650 2705 quinque.
669 2633 703 2688 Et
729 2633 823 2689 lumea
837 2634 868 2688 in
881 2648 930 2690 eo:
985 2630 1165 2699 discretio,et
1179 2630 1349 2703 implebitur
1359 2630 1432 2687 illud
1449 2633 1526 2703 quod
1538 2633 1575 2688 ab
1589 2632 1721 2706 Apostoll

107 2737 175 2778 eece
189 2738 249 2778 sex.
261 2723 327 2778 Post
341 2720 398 2776 lsaec
412 2721 565 2778 similitudo
580 2725 698 2794 quotuor
711 2721 889 2788 curmontium,
905 2729 933 2778 ct
984 2721 1051 2774 tur:
1064 2719 1161 2774 Omnes
1174 2734 1223 2774 aas
1236 2722 1340 2790 oporiet
1354 2721 1554 2776 madaurensis
1564 2720 1721 2781 mamea

102 2811 463 2876 marcomannorum
485 2811 620 2866 oisiomm
634 2826 700 2866 ecoe
715 2815 838 2883 septem.
854 2811 887 2866 lit
900 2812 930 2866 in
984 2815 1015 2864 ut
1028 2812 1148 2880 reportet
1156 2810 1342 2881 uuusquisque
1350 2810 1464 2881 proprio
1473 2812 1596 2882 corporis
1608 2810 1666 2881 sui,
1680 2826 1721 2887 gu

102 2899 191 2956 medio
205 2900 385 2968 animalium,
400 2900 480 2972 qaosi
493 2900 626 2956 cortem
650 2899 739 2967 ipris:
769 2915 836 2955 ecce
850 2903 924 2954 octo.
983 2897 1018 2952 sit
1032 2899 1089 2953 stoc
1104 2897 1173 2954 boon
1187 2897 1243 2953 eisc
1257 2898 1333 2953 mab
1356 2898 1379 2969 (l
1394 2897 1455 2953 Cor.
1471 2899 1521 2970 rr).
1542 2899 1609 2956 llere
1623 2898 1654 2956 in
1669 2912 1721 2975 pro

102 2987 158 3053 Qui
173 2991 271 3060 potest
285 2988 343 3044 iata
359 2988 527 3044 minutatim
556 2987 930 3061 exponereiouieitaest
983 2986 1019 3041 de
1034 2985 1324 3058 interpretationibus
1338 2985 1483 3043 visionum
1495 2992 1622 3045 estuans
1635 2988 1720 3047 anim

103 3092 194 3150 capax
208 3076 330 3149 spiritus
346 3076 406 3149 Dei,
423 3080 457 3133 ut
471 3076 532 3132 bec
553 3076 743 3133 Sacramenta
764 3075 929 3133 dilucidet?
983 3071 1075 3142 locus,
1092 3078 1121 3130 et
1143 3074 1297 3146 ambigens
1321 3090 1386 3146 qua
1401 3075 1496 3146 sileat,
1511 3092 1576 3148 quse
1589 3077 1721 3150 proferat

102 3167 259 3239 Oportebat
271 3170 459 3223 accusatores
481 3165 635 3234 creatoris,
654 3169 684 3221 et
707 3165 756 3222 Dei
771 3165 926 3239 propheta·
942 3147 964 3215 G
982 3162 1084 3220 leviter
1096 3166 1174 3220 tacta
1188 3163 1329 3230 dimittat,
1347 3179 1411 3235 que
1425 3179 1460 3221 ex
1474 3163 1511 3220 iis
1531 3164 1721 3235 manifestias

102 3271 168 3313 rum
184 3255 313 3329 primum
329 3254 491 3330 intelligere
506 3272 570 3328 que
580 3255 751 3311 dicuntora
766 3253 925 3327 prophetie,
980 3252 1136 3309 obscurius
1151 3252 1322 3323 exponenda
1335 3251 1405 3320 sint,
1422 3252 1446 3308 si
1461 3257 1561 3309 tamen
1576 3252 1721 3327 poterium

101 3348 131 3401 el
142 3349 243 3417 postea
257 3343 417 3401 criminari.
434 3345 488 3412 Qui
503 3343 581 3401 euim
595 3359 660 3400 vere
674 3346 803 3412 accusat,
820 3360 854 3399 ea
876 3343 926 3399 de·
981 3340 1147 3414 pleraquod
1162 3341 1309 3413 cupimus.
1323 3341 1455 3397 Pmmum
1472 3358 1541 3416 ergo
1556 3342 1676 3402 videtur
1686 3358 1721 3419 ap

101 3432 150 3490 bet
164 3449 313 3501 accusare,
330 3451 394 3507 qua
408 3434 497 3489 novit.
512 3433 540 3489 si
556 3449 622 3489 vero
643 3431 771 3488 heretici
786 3448 823 3489 ne
837 3448 927 3506 prope
981 3429 1131 3487 auferens:
1143 3429 1172 3486 id
1184 3430 1260 3502 quod
1273 3429 1361 3502 paulo
1372 3429 1721 3505 antediximus,quialtoa

102 3522 220 3595 quidam
233 3526 302 3579 eunt
313 3521 473 3579 intellectui
484 3521 593 3590 divino,
606 3522 753 3594 quomodo
768 3521 926 3578 rationabi·
982 3523 1082 3576 noster
1096 3518 1173 3592 ignis
1188 3534 1366 3575 consumens
1374 3519 1424 3592 sil,
1439 3519 1529 3577 etiam
1542 3536 1622 3578 nuuc
1634 3524 1721 3597 repet¹

101 3611 167 3668 liter
178 3616 406 3685 accusant‚quos
420 3626 470 3667 eos
486 3610 598 3668 nescire
613 3609 840 3667 convincimus?
861 3610 926 3667 Dis·
981 3611 1011 3665 et
1042 3607 1169 3667 dicimus
1202 3607 1272 3665 huic
1309 3608 1478 3665 testimonio
1520 3624 1689 3684 congruere

101 3699 251 3773 oaut,quia
265 3698 294 3754 in
310 3698 487 3756 haovisione
502 3699 541 3756 sit
557 3715 672 3756 seusus.
691 3697 821 3754 Primum
836 3715 926 3771 appa·
981 3696 1132 3762 Quomodo
1147 3697 1267 3770 ponitur
1281 3697 1404 3769 spiritus
1433 3697 1721 3773 aulerenslllmcp

100 3793 145 3845 ret
155 3788 438 3862 spiritusauloreus;
455 3788 584 3845 seeundo
600 3787 694 3844 nubes
705 3787 851 3860 magnoin
867 3787 927 3859 epi·
982 3791 1022 3843 eet
1036 3787 1126 3859 (loca.
1151 3786 1200 3858 ιν),
1226 3791 1255 3842 et
1277 3785 1400 3858 spiritus
1427 3787 1564 3845 auterens
1576 3786 1718 3846 comitur.

100 3879 160 3935 ritu
182 3878 349 3944 ualerente;
366 3877 452 3934 tertio
468 3876 607 3950 splendor
618 3876 649 3932 in
664 3875 788 3932 circuitu
805 3875 927 3949 spiritus
983 3891 1062 3932 ame
1077 3874 1181 3939 aufert,
1197 3879 1226 3929 et
1239 3876 1275 3931 ab
1290 3874 1390 3931 anima
1414 3892 1489 3943 mea,
1507 3881 1542 3934 ut
1556 3876 1661 3935 merito
1674 3880 1721 3935 aut

101 3964 260 4024 auferentis
271 3982 279 4034 3
291 3965 482 4038 quartoignis
493 3965 641 4038 refulgens
653 3982 659 4034 ;
672 3965 775 4036 quinto
785 3964 815 4020 in
832 3964 927 4021 medio
982 3963 1179 4037 predicetur?
1194 3963 1299 4035 Utique
1314 3962 1406 4019 malm
1423 3968 1531 4021 sttuuc
1540 3965 1636 4022 sentio
1649 3965 1721 4025 baal

100 4056 166 4127 ejus
176 4055 253 4112 sicut
263 4055 337 4110 visio
349 4053 458 4122 electri,
474 4054 553 4111 haud
564 4053 687 4110 dubium
705 4053 776 4125 quin
787 4036 817 4108 in
831 4053 927 4110 medio
981 4053 1084 4126 ejus,si
1101 4070 1118 4109 a
1133 4069 1180 4109 me
1195 4053 1323 4126 pessima
1334 4069 1456 4125 quaque
1467 4052 1721 4129 sustuleritliequ

100 4143 198 4216 ignis;
224 4146 305 4200 sexto
321 4143 460 4216 splendor
473 4143 503 4199 in
530 4141 632 4198 eodem
648 4143 766 4198 electro.
783 4141 928 4198 Confiteor
982 4143 1146 4214 putandum
1174 4145 1220 4197 aet
1244 4142 1333 4198 linem
1354 4158 1419 4198 esse
1435 4141 1635 4215 beatitudinis,
1651 4144 1713 4203 sia

100 4232 226 4290 libenter
240 4248 257 4289 a
271 4232 444 4304 sapientam
456 4231 533 4288 lideli
547 4230 609 4288 viro
624 4231 732 4286 dictam
740 4230 926 4299 senteutiam,
982 4231 1152 4297 liberemur,
1168 4229 1286 4286 initium
1303 4229 1451 4287 felicitatis
1465 4235 1510 4288 est
1524 4247 1623 4290 carere
1632 4246 1721 4307 ροωι

101 4336 190 4395 quam
206 4337 283 4394 sepe
297 4320 436 4393 suscipio.
454 4325 494 4377 De
506 4320 565 4376 Deo
580 4323 609 4376 et
622 4335 691 4375 vera
704 4319 800 4376 dicere
814 4320 928 4392 pericu·
984 4337 1014 4376 .n
1023 4320 1148 4376 leramia
1157 4319 1416 4392 scribiturlomnia
1425 4320 1646 4394 quippequain
1658 4322 1721 4397 Puer

100 4410 162 4468 lum
173 4409 461 4483 est.Nequeenimea
472 4412 588 4465 tantum
603 4408 767 4481 periculosa
781 4412 852 4465 sunt
864 4425 928 4482 qua
982 4409 1092 4481 scripta
1103 4413 1174 4465 eunt
1185 4408 1414 4466 clementissimo
1429 4409 1488 4466 Deo
1498 4410 1652 4482 vendioolt
1667 4412 1721 4471 Ιω

101 4501 175 4558 lalm
189 4501 226 4557 de
239 4515 274 4557 eo
289 4498 447 4556 dicuntur:
463 4499 512 4555 sed
529 4497 618 4555 etiam
631 4514 696 4572 qua
721 4514 790 4554 vera
803 4501 884 4570 eunt,
900 4501 929 4554 st
943 4516 967 4584 0
982 4514 1121 4557 semones
1133 4513 1206 4555 meos
1221 4500 1252 4553 iu
1265 4514 1296 4554 oa
1311 4501 1464 4570 tuameres
1473 4501 1604 4557 mutius·
1616 4503 1643 4558 te
1656 4514 1721 4577 σιμ

101 4606 159 4648 nou
172 4585 828 4664 opportuneproferuntur‚dicentlpericulum
843 4602 928 4660 gene·
981 4592 1159 4658 teretesque
1173 4587 1328 4656 eradicare,
1344 4595 1370 4644 et
1391 4587 1536 4662 suffodere,
1565 4589 1721 4663 sidiam

100 4683 176 4737 rant.
189 4680 347 4752 Margarita
360 4694 428 4735 vera
442 4681 496 4750 est,
511 4677 562 4734 sed
572 4677 597 4734 ai
608 4691 752 4750 perverse,
768 4674 925 4732 ducamen
979 4677 1127 4750 edificare,
1155 4679 1184 4733 ct
1204 4677 1336 4749 plantare
1359 4677 1425 4750 (ter.
1439 4678 1473 4749 r).
1497 4677 1649 4753 Benignas
1661 4684 1721 4738 eat*

100 4771 164 4842 ejus
179 4773 233 4838 est,
249 4768 328 4841 quod
339 4767 378 4841 (o)
394 4766 465 4823 dicit
478 4766 604 4840 pedibus
618 4780 730 4822 eorum.
748 4765 831 4821 Et-ut
841 4765 927 4836 juxta
981 4768 1055 4825 dans
1070 4781 1221 4824 sermones
1235 4765 1272 4822 ad
1301 4767 1520 4823 eradicandum.
1548 4766 1659 4825 Verum
1679 4782 1721 4843 qn

100 4875 155 4916 noe
170 4858 289 4931 aliquod
305 4872 450 4930 ponamus
464 4854 642 4928 exemplum,
661 4852 849 4911 collectiones
863 4852 926 4910 iste
980 4855 1058 4928 quod
1074 4854 1216 4911 eradicari
1229 4854 1375 4921 debeat‚et
1385 4855 1514 4913 subverti
1525 4857 1580 4914 isi
1590 4872 1650 4930 qua
1665 4856 1721 4932 plu

100 4963 159 5004 non
188 4946 285 5003 solum
314 4946 344 5002 in
367 4944 450 5015 AEliu,
480 4947 668 5001 nontantum
697 4943 805 5008 Roma,
822 4943 925 4999 nonin
979 4944 1124 5001 inanimo
1142 4943 1219 5000 mala
1238 4943 1321 5000 estzsi
1342 4945 1721 5019 quassataueqnam,but

101 5034 283 5105 Alexandria,
299 5034 349 5090 aad
366 5033 492 5090 inomni
509 5031 599 5089 semel
614 5031 684 5089 orbe
696 5030 775 5089 ΒΜ
785 5030 925 5088 similitu·
979 5033 1067 5100 dicat,
1084 5033 1160 5089 hanc
1174 5034 1320 5090 subvertit
1349 5048 1446 5090 sermo
1472 5034 1673 5107 propheticus.
1686 5028 1721 5095 iu

101 5124 199 5180 dinem
211 5124 583 5196 reseruntsaganc,queeex
593 5120 673 5178 omni
684 5136 788 5194 genere
799 5120 925 5194 piscium
979 5128 1078 5180 autem
1094 5121 1245 5195 contingat
1260 5125 1293 5178 ut
1317 5122 1389 5178 mihi
1403 5122 1472 5180 talis
1493 5138 1592 5181 sermo
1604 5124 1721 5183 dunelm

100 5214 188 5288 capit.
200 5213 261 5270 Nou
274 5217 400 5286 possunt
409 5212 631 5269 uuiversabooa
641 5227 705 5267 esse
717 5227 782 5284 que
791 5209 926 5267 incidunt
979 5212 1107 5270 eradicet
1116 5211 1318 5269 hereticorum
1325 5212 1481 5285 semina‚et
1492 5213 1721 5273 docuinamatl

100 5303 130 5360 iu
145 5318 221 5361 eam.
236 5302 284 5358 Ait
298 5301 406 5375 quippe
431 5300 582 5358 Salvator:
611 5300 678 5356 Cam
702 5301 885 5367 extraxerint,
899 5302 925 5356 et
979 5301 1059 5358 ionte
1073 5303 1253 5370 manantem,
1269 5299 1321 5372 qui
1336 5301 1372 5358 de
1385 5302 1451 5373 ejus
1464 5301 1575 5370 anima,
1589 5301 1642 5375 qui
1655 5318 1721 5361 uu

99 5407 176 5451 seem
191 5393 268 5448 littae
283 5391 602 5463 remurmuratione
616 5389 923 5464 quademiaoocoeuo,
979 5404 1062 5447 mum
1077 5388 1236 5446 Ecclesiam
1246 5387 1719 5461 ingredituridololatrieaulmt

136 5534 175 5605 (ot
185 5534 232 5589 Sic
241 5533 454 5616 etGenebrardi
461 5531 673 5590 etBasileeosis
684 5530 827 5588 vetustior
835 5530 924 5588 editio
979 5535 1031 5590 aut
1044 5531 1207 5603 mutilum,
1234 5530 1286 5588 scd
1302 5531 1420 5615 quando
1441 5535 1554 5591 vetem
1571 5531 1639 5592 ubil
1653 5550 1721 5617 “Pl

101 5601 220 5661 babent.
241 5604 299 5662 Nec
314 5603 417 5662 dubito
431 5608 541 5677 umen,
550 5607 722 5678 corruptum
736 5602 833 5662 locum
847 5618 924 5676 asse,
978 5620 1037 5663 aen
1052 5603 1161 5676 lerum,
1175 5618 1212 5662 ax
1226 5601 1479 5680 ingeascmilgsre
1490 5618 1549 5665 sou
1560 5604 1643 5665 libat.
