3840 6098
49 186 109 251 hta
405 125 778 247 doNNthamoaual
798 176 839 240 ΙΝ
859 175 1064 239 atalenum
1085 177 1213 239 alaha.
1235 179 1321 241 GAP.
1343 182 1395 244 lV.
1681 182 1746 246 'trs

52 334 82 373 aa
96 314 410 389 posteamlsesioordis
418 314 470 372 Dei
497 315 652 371 restitutus
679 313 710 368 iu
732 328 867 384 reguum,
882 320 910 384 Α
925 328 982 382 quo
997 320 1026 365 et
1040 310 1309 369 Nabuchodonosor
1321 312 1448 371 visiones
1463 330 1522 372 aon
1540 316 1692 374 oculorum
1716 321 1746 375 ot

47 405 211 465 haosvuit
224 408 254 463 et
267 403 472 478 glorificaverit
481 418 579 476 rogem
590 402 665 470 cosli,
682 399 752 474 quia
769 399 870 457 omnia
925 397 1031 470 cordis,
1047 399 1099 455 sod
1113 398 1222 472 capitis
1238 401 1363 458 novarit:
1380 403 1450 475 quia
1476 408 1597 477 propter
1622 405 1747 477 gloriam

43 510 131 568 opera
144 495 213 566 ejus
226 509 313 562 verm
323 497 354 549 et
367 493 419 549 vis
433 493 500 564 ejus
510 491 634 564 judicia,
650 495 679 547 et
702 491 870 564 gradientes
926 503 1076 544 sorvorum
1092 487 1141 544 Dei
1167 489 1330 546 futororum
1346 490 1389 546 illi
1416 493 1556 566 mysteria
1569 493 1745 552 revelantur.

42 584 74 643 {a
86 582 232 655 superbia
244 586 342 655 potest
352 580 579 639 humiliorassd
588 580 640 652 qui
650 578 809 652 voluntper
818 578 872 633 Na·
960 576 1055 647 (Vera.
1070 578 1110 648 6.)
1125 579 1214 635 Donec
1226 579 1333 649 collega
1343 582 1482 652 ingressus
1496 594 1537 640 eat
1551 585 1581 639 in
1604 591 1749 657 conspecta

43 671 273 733 hoohodooosor
285 671 464 729 contrariam
478 668 643 742 intelligere
657 667 869 733 tortitudinem,
923 680 983 721 socc
996 666 1106 735 Daniel,
1122 666 1160 739 (b)
1175 667 1221 722 oui
1229 682 1330 724 nomen
1340 669 1639 728 Baithetersecuodvm
1649 689 1749 730 nomen

43 761 148 832 dequo
156 758 447 832 Dominusloquilur
457 759 488 815 in
494 757 649 830 Evangelio
661 775 668 813 :
686 757 813 813 Videbam
820 755 872 811 So·
924 754 974 809 Dci
989 756 1053 810 mei.
1071 755 1201 827 Dxceptis
1213 755 1283 812 LXX
1293 758 1370 813 640
1379 759 1614 830 translatoribus,
1627 763 1675 835 qui
1688 763 1748 819 horo

44 851 235 920 mmqsosi
246 849 346 919 [mcor
358 848 500 905 maculam
514 847 547 902 dc
561 847 625 903 ooelo
635 848 711 918 (Lao.
728 864 755 912 r,
774 844 828 916 18).
839 845 872 899 Dt
926 842 1026 897 omnia
1036 843 1133 898 nescio
1145 859 1203 914 qua
1213 844 1324 902 ratione
1336 847 1619 919 preterierunttrss,
1633 851 1749 925 reliqui,

43 937 215 1003 monasio
229 937 414 1010 Apocalypsi,
425 936 502 1009 quod
518 936 606 991 hraoo
628 935 736 991 cadem
764 934 795 989 in
818 936 873 988 ter
925 930 962 1001 (c)
972 929 1111 1001 collegam
1124 931 1311 1004 interpretati
1326 940 1404 991 suut.
1422 936 1503 994 Unde
1514 939 1627 1010 judicio
1643 940 1751 1014 magis-

47 1026 367 1099 nm,tertiampartom
377 1024 636 1083 stellarumaeoum
647 1023 767 1080 traxerit
777 1023 871 1094 (Apoc.
925 1022 1038 1075 trorum
1054 1019 1199 1083 Doclesio,
1213 1023 1303 1078 editio
1318 1040 1418 1081 eorum
1435 1026 1464 1082 in
1480 1027 1535 1083 hoo
1549 1028 1750 1088 volumiuere·

50 1117 108 1187 m).
124 1114 290 1171 Dtlsaias:
308 1114 444 1182 Quomodo
456 1114 553 1170 ceordic
574 1115 685 1184 lootter,
716 1114 764 1184 qai
792 1126 874 1167 mone
927 1108 1049 1179 pudiata
1064 1114 1126 1175 ost;
1146 1111 1393 1170 et'l'heorloticnis
1407 1114 1494 1189 vulgo
1509 1115 1626 1190 legitur,
1643 1135 1708 1191 quas
1722 1124 1751 1177 et

47 1204 276 1275 namurci.
291 1202 430 1274 nazal?
442 1205 579 1258 asserunt
605 1215 792 1272 nequaquam
822 1215 872 1271 po·
927 1197 1058 1265 Hebraeo,
1072 1199 1224 1255 electoris
1236 1202 1617 1280 translatoribusoongrult.
1630 1206 1752 1283 Undejet

50 1293 141 1351 misse
155 1292 233 1357 Dori,
249 1291 363 1348 utleno
378 1307 430 1363 per
444 1294 558 1363 septem
585 1305 679 1345 annos
708 1291 874 1344 vesceretur
927 1285 1067 1358 Origenes
1081 1287 1111 1342 in
1130 1289 1401 1347 nonoStromatum
1416 1292 1565 1351 volumine
1589 1299 1693 1354 asserit
1721 1316 1752 1357 se

49 1382 134 1441 houm
149 1381 205 1455 qui
220 1377 592 1445 ouuiooscstindcliciis‚
607 1381 762 1450 etseptem
787 1375 873 1432 anuis
928 1390 993 1447 qua
1008 1378 1224 1446 sequuntorsb
1239 1377 1293 1433 hoc
1308 1379 1370 1435 loco
1399 1380 1428 1436 in
1452 1383 1593 1456 propheta
1621 1385 1751 1459 Daniele,

49 1471 161 1542 absque
175 1468 240 1527 nlla
265 1468 440 1526 laceratione
463 1466 592 1540 corporis
612 1466 659 1522 sui
675 1466 751 1522 inter
765 1465 874 1521 bestias
928 1479 987 1518 non
1000 1465 1086 1535 juata
1099 1463 1293 1538 Septuaginta
1307 1467 1491 1542 interpretes,
1507 1473 1557 1546 qui
1574 1473 1699 1532 multum
1714 1479 1750 1535 ah

50 1557 158 1617 riserit.
174 1558 212 1615 ht
227 1557 375 1629 quomodo
390 1556 499 1613 amenti
513 1555 627 1612 homini
640 1557 810 1628 perseptem
822 1569 873 1609 ao·
929 1550 1069 1608 Hebraico
1084 1555 1204 1610 veritate
1229 1554 1407 1627 discordant,
1433 1560 1483 1615 sed
1507 1561 1606 1634 juxta}
1619 1565 1751 1623 Theodo-

52 1663 99 1705 ιω
108 1647 188 1705 ω
201 1645 362 1718 imperium
371 1648 554 1702 reservatum
564 1643 612 1709 sit,
631 1658 816 1716 regnumque
826 1657 874 1714 po·
890 1680 915 1749 B
929 1639 1019 1697 tionis
1033 1640 1193 1697 editionem
1206 1643 1358 1701 disserere.
1831 1640 1833 1645 ⁵

54 1734 252 1792 lentissimum
267 1733 379 1806 absque
393 1749 461 1806 rege
471 1735 552 1788 tanto
563 1735 694 1804 temporo
705 1731 792 1787 fucrit
804 1746 811 1784 ι
825 1732 876 1786 aut
967 1729 1022 1798 oui
1036 1728 1117 1785 lohet
1130 1733 1259 1802 spiritum
1265 1733 1542 1793 dooromsonotorom
1553 1743 1581 1795 io
1590 1745 1750 1816 senetipso:

55 1822 166 1881 sialius
180 1822 226 1879 illi
239 1822 417 1879 successerit
432 1821 463 1877 in
477 1836 613 1893 ragnum,
628 1821 713 1890 cujus
737 1818 876 1875 vecordia
931 1823 958 1875 et
969 1821 1107 1874 romeiam
1120 1835 1213 1875 coram
1227 1822 1288 1894 ipso
1303 1823 1551 1897 locatoseom,feto.
1560 1826 1618 1887 'Pro
1633 1846 1666 1887 eo
1675 1834 1753 1905 quod

57 1911 246 1969 estimandus
267 1911 316 1977 sit,
338 1910 501 1968 utcederet
526 1909 658 1982 imperio,
689 1908 768 1980 quod
796 1909 877 1963 tauto
931 1907 979 1963 hio
993 1907 1110 1976 dicitur,
1126 1909 1248 1965 deorum
1263 1915 1443 1984 sanctorum,
1459 1913 1562 1988 lingua
1584 1918 1752 1990 Chaldaioa,

59 2003 184 2075 hmposa
199 1998 388 2072 possidebat:
404 1994 878 2071 presertimcumhistoriechal·
932 2012 991 2068 qua
1019 1996 1146 2069 scriptus
1171 2001 1216 2054 cst
1240 1998 1350 2071 Daniel,
1375 2000 1502 2074 legimus
1528 2020 1611 2062 snam
1639 2025 1753 2071 oaorsua

59 2088 184 2147 dsomm
193 2087 270 2145 nihil
283 2087 343 2145 tale
356 2088 544 2155 contineant3
561 2102 614 2143 neo
629 2086 759 2158 potuisse
770 2084 879 2154 fierint
933 2094 1038 2173 pmitp
1055 2070 1226 2174 l'iDqu'Od
1255 2088 1322 2143 ⁰⁶0⁸
1348 2095 1464 2159 mma
1494 2097 1523 2149 ‘t
1565 2113 1623 2153 ‘¹⁰¹¹
1663 2105 1753 2159 Deum

60 2176 105 2249 qni
117 2176 155 2233 de
169 2176 340 2235 minoribus
353 2177 541 2248 scripserant,
567 2176 682 2246 maiora
710 2172 876 2230 retinerent.
932 2182 1057 2229 mechom
1070 2174 1225 2247 signifieat,
1242 2181 1275 2231 ut
1288 2177 1447 2236 Theodotio
1463 2181 1670 2256 interpretatus
1698 2196 1752 2249 est.

60 2264 118 2323 llos
130 2268 236 2323 antem
245 2265 347 2323 omnia
359 2264 399 2336 (a)
414 2262 757 2337 quaruntotreplioaut:
770 2267 878 2318 utoom
932 2262 990 2318 Neo
1005 2263 1113 2318 mirum
1124 2263 1149 2319 si
1161 2268 1237 2320 erret
1252 2265 1540 2337 Nabuchodonosor;
1558 2277 1586 2329 ct
1609 2278 1752 2352 quidquid

59 2352 178 2413 historia
188 2369 251 2412 non
261 2352 386 2420 steterit,
401 2369 453 2425 per
464 2351 735 2409 Nabuchodonosor
744 2349 879 2407 diabolus
934 2366 1023 2422 super
1038 2367 1069 2408 se
1084 2352 1187 2424 cernit,
1205 2370 1263 2409 non
1279 2355 1383 2422 Deum,
1407 2359 1458 2413 scd
1486 2361 1555 2417 deos
1584 2365 1752 2426 arbitretur.

60 2441 250 2515 siguitiestur.
260 2441 343 2506 Quod
358 2457 615 2513 nosnequaquam
643 2439 812 2512 recipimus,
844 2454 879 2494 ne
933 2439 1064 2512 Denique
1077 2445 1108 2496 ct
1120 2440 1150 2495 in
1172 2444 1435 2514 consequentibus:
1463 2448 1617 2519 belthasar,
1647 2455 1752 2528 inquit,

57 2531 151 2589 emnia
164 2547 234 2603 quaa
248 2530 376 2603 legimus
390 2531 502 2586 umbra
526 2530 681 2586 videantur
709 2532 738 2584 et
764 2527 878 2584 labala.
931 2531 1059 2601 prinecps
1074 2529 1255 2597 hariolorum,
1270 2548 1351 2602 qoem
1370 2549 1418 2604 eqo
1445 2539 1502 2592 scio
1527 2541 1598 2611 qood
1624 2544 1755 2615 spiritum

59 2619 122 2685 Quis
140 2619 224 2676 enim
236 2623 366 2675 amentes
383 2618 581 2675 hominesnon
592 2621 693 2675 cernat
703 2617 797 2673 instar
809 2617 880 2671 bru·
933 2616 1047 2674 amam
1059 2618 1215 2675 edoctorum
1228 2620 1330 2677 hahens
1346 2623 1377 2677 in
1390 2625 1426 2679 tc.
1443 2624 1597 2685 Baithasar
1616 2631 1753 2709 princeps

58 2711 150 2767 torum
160 2707 363 2766 animantium
371 2707 401 2764 iu
413 2707 492 2780 agris
502 2708 598 2763 vivere
607 2705 737 2779 looisquo
748 2704 880 2778 sylvesti·
934 2706 1112 2763 hariolorum
1132 2707 1192 2764 sive
1206 2709 1435 2782 incantatorum,
1451 2718 1485 2770 ut
1497 2715 1546 2771 alli
1571 2718 1755 2793 interpretati

57 2795 187 2855 host-N
201 2800 237 2854 ut
249 2801 354 2854 cuncta
368 2801 549 2868 preteream,
563 2811 631 2852 oum
646 2794 739 2851 multo
755 2794 880 2850 incredi-
935 2800 1016 2854 sunt.
1031 2797 1093 2853 Non
1109 2798 1217 2853 mirum
1229 2799 1254 2853 si
1270 2800 1406 2873 princeps
1417 2801 1596 2862 hariolorum
1621 2811 1755 2868 omnium

58 2882 169 2953 liliors,
185 2888 216 2940 ot
234 2883 340 2941 Grecos
367 2889 396 2941 ot
417 2884 553 2940 Romane
582 2883 713 2941 historiae
737 2882 880 2939 accidisse
935 2885 1113 2943 constitutus
1129 2886 1178 2952 sit,
1195 2887 1245 2958 qui
1257 2887 1293 2943 ad
1303 2895 1481 2962 preceptum
1492 2893 1570 2966 regis
1581 2897 1755 2969 sapientiam

58 2970 228 3031 hominibus
244 2972 441 3044 pmdiderint;
457 2971 584 3045 Scyllam
599 2976 754 3045 quoqueel
764 2971 880 3027 Chime-
936 2973 1076 3031 didicerat
1089 2975 1308 3046 chaldeorum
1324 2981 1353 3034 et
1365 2979 1524 3054 decuplum
1549 2985 1682 3043 omnium
1709 3004 1755 3045 sa·

59 3061 282 3134 magonam,
296 3066 385 3134 atque
402 3062 573 3129 Centauros,
588 3077 655 3117 aves
675 3066 703 3117 ot
722 3060 807 3128 forae,
824 3059 879 3116 ho·
895 3047 918 3116 G
936 3062 1059 3136 pientior
1074 3065 1168 3120 luerat
1181 3064 1327 3122 iuventus.
1343 3068 1513 3132 Quaeramus
1529 3072 1565 3127 ab
1585 3071 1633 3130 his
1648 3076 1698 3147 qui
1726 3076 1756 3133 in

58 3148 579 3222 uetmhoms,stcllacot1apioaa
596 3148 879 3206 laotosexhomini·
935 3153 989 3208 hac
1003 3152 1114 3209 visione
1130 3169 1186 3209 non
1204 3154 1350 3227 recipiunt
1363 3156 1527 3229 historiam,
1554 3162 1604 3233 qul
1634 3163 1689 3220 isle
1718 3165 1757 3224 sit

59 3237 108 3297 bos
117 3242 248 3297 nunant
257 3238 377 3295 tabula:
391 3238 462 3311 quid
472 3239 582 3295 miram
591 3239 670 3296 estsi
682 3239 880 3295 adestenden·
934 3241 1203 3299 Nabuchodonosor
1212 3243 1262 3316 qui
1275 3246 1424 3303 somnium
1437 3248 1541 3306 viderit
1550 3267 1557 3319 ;
1567 3255 1595 3308 et
1611 3253 1677 3326 quis
1701 3254 1757 3312 Da·

60 3326 305 3402 &inpotentiam
319 3327 380 3394 Dei,
396 3332 425 3384 et
438 3326 653 3384 humiliandam
663 3343 765 3400 regum
777 3342 879 3398 super·
935 3329 993 3386 niel
1005 3330 1056 3403 qui
1072 3333 1221 3389 somnium
1236 3335 1301 3405 ejus
1319 3334 1470 3402 edisserat,
1486 3342 1515 3393 et
1541 3346 1663 3397 ventura
1688 3360 1759 3415 pras-
1850 3381 1859 3395 ·

61 3414 143 3488 biom,
159 3416 221 3475 hoo
235 3415 288 3473 Dei
300 3415 411 3487 judicio
426 3416 467 3472 sit
476 3415 650 3488 patratum?
664 3415 785 3481 Quietus
799 3431 879 3472 eram
935 3418 1031 3475 dicat:
1048 3425 1077 3476 et
1091 3423 1237 3494 quomodo
1247 3422 1368 3495 hicipse
1379 3423 1490 3494 Daniel,
1504 3428 1554 3498 qui
1565 3429 1758 3501 utiquejuxta

61 3502 189 3563 hdomo
204 3519 285 3571 mea,
299 3505 444 3562 etiloreos
454 3504 484 3560 in
498 3503 793 3576 palatiomeo‚eivoio
805 3506 880 3560 thro·
935 3524 995 3580 cos,
1011 3513 1113 3566 sancta
1127 3509 1371 3583 intelligendacst
1383 3513 1534 3583 tortitudo,
1557 3533 1574 3572 a
1600 3517 1757 3577 Nabucho-

62 3593 611 3665 ss,utinterpretatasestTheodotio.
627 3593 753 3649 Domum
782 3601 879 3650 autem
935 3599 1063 3655 donosor
1078 3599 1212 3671 princeps
1226 3599 1406 3657 hariolorum
1416 3602 1481 3675 ojus
1510 3606 1699 3663 constituitur
1727 3613 1757 3666 et

63 3681 176 3749 diaboli,
192 3681 248 3755 qui
262 3698 385 3740 sensum
398 3686 566 3755 sequuntur
584 3684 776 3750 contrarium,
793 3698 882 3738 mun·
935 3686 1243 3760 collegaappellatur‘l

63 3770 126 3829 lan
141 3771 241 3831 istam
258 3770 436 3844 intelligunt.
448 3771 554 3843 Dequo
569 3776 598 3828 et
610 3771 642 3828 in
654 3770 809 3844 Evangelio
819 3772 882 3844 ipse
972 3775 1065 3848 (Vers.
1081 3776 1120 3848 7.)
1140 3776 1276 3844 Videbam,
1287 3785 1313 3833 ct
1326 3793 1387 3834 eccs
1400 3779 1484 3835 orbor
1495 3783 1524 3837 in
1542 3783 1631 3839 owdio
1660 3791 1753 3857 terrm,

62 3857 447 3933 loquitursrlSalvatorem:
477 3862 539 3916 llaec
561 3862 656 3916 omnio
680 3861 750 3915 milia
779 3858 882 3919 madito
935 3863 1278 3934 stultitarloqocnimio,
1293 3869 1348 3922 cto.
1377 3866 1440 3923 Non
1469 3867 1566 3926 solum
1594 3870 1755 3931 Nabucho-

63 3949 225 4019 ustfflstt.
239 3964 280 4018 ιν,
295 3950 336 4021 9).
348 3949 383 4004 lit
394 3950 553 4022 Apostolus
581 3950 672 4006 dicit:
703 3949 822 4008 mancos
851 3952 882 4007 io
936 3954 1064 4009 donosor
1079 3968 1145 4026 roge
1160 3952 1372 4026 Chaldaeorum,
1388 3958 1440 4013 sed
1452 3958 1488 4014 de
1505 3959 1642 4019 omnihus
1657 3962 1759 4039 impiis

64 4038 295 4111 wopam
309 4046 350 4094 m
363 4038 386 4109 (Ι
399 4040 478 4095 Jcan,
494 4042 534 4107 v),
936 4042 1080 4116 propheta
1098 4039 1244 4116 loquitur:
1262 4044 1323 4100 Vidi
1336 4045 1453 4118 impium
1468 4051 1714 4122 superexaltatam,
1731 4056 1757 4110 et

90 4128 185 4199 (Vera.
198 4127 394 4199 &laetaniam
418 4127 476 4183 vidi
502 4128 573 4200 qood
600 4131 750 4201 pertormit
765 4146 828 4187 mc:
852 4120 882 4186 ¹ct
935 4133 1148 4188 clcootomcicot
1173 4133 1265 4189 cedros
1280 4133 1381 4190 liborii
1407 4136 1465 4208 (Pa.
1489 4155 1585 4209 xxxvi,
1615 4140 1678 4213 35);
1708 4144 1759 4215 qui

66 4219 319 4285 maaca
334 4217 366 4271 io
392 4219 481 4272 otroto
500 4232 569 4288 meo,
596 4222 651 4273 eto.
677 4218 883 4291 Respondeant
937 4236 995 4277 non
1004 4221 1145 4277 virtutum
1155 4221 1367 4295 magnitudine,
1379 4226 1493 4284 sedsua
1502 4228 1759 4303 elevantursuper·

67 4305 883 4375 qssbsomniumrideritooutrariosortitudo:nisiforte
937 4311 1002 4367 bia:
1020 4318 1048 4366 et
1064 4310 1128 4367 ideo
1143 4312 1327 4381 exciduntur,
1341 4316 1371 4369 et
1399 4322 1548 4373 corruunt.
1579 4320 1654 4375 w
1680 4319 1759 4376 Unde

68 4406 141 4454 omno
154 4393 282 4469 quadiu
295 4393 351 4450 hoo
365 4396 477 4452 mando
492 4394 601 4452 habere
624 4396 752 4464 videtur,
777 4396 883 4451 umbra
897 4416 921 4483 B
936 4398 1525 4474 honumestilludscotariquodDominus
1537 4406 1760 4464 docatianan·

70 4493 253 4551 “mnium
267 4496 324 4549 ω,
938 4488 1032 4562 gelio:
1049 4490 1148 4545 Discite
1162 4506 1179 4545 o
1192 4506 1244 4559 me,
1260 4493 1326 4562 quio
1339 4494 1414 4548 mitis
1428 4510 1490 4549 sum
1500 4499 1526 4550 et
1541 4494 1654 4551 bomilia
1681 4497 1761 4557 corde

93 4580 260 4640 ham‘oiosoes
286 4582 385 4654 ospitis
406 4585 463 4639 mci
488 4583 726 4639 conturbateront.
741 4581 885 4640 melloto
938 4578 1171 4649 (North.x1,29).
1188 4579 1269 4644 Quod
1285 4584 1383 4636 autom
1410 4581 1451 4637 ait
1474 4583 1559 4653 juxto
1587 4583 1760 4641 'theodotio-

104 4810 120 4849 s
140 4793 309 4868 ltaquihus
319 4793 619 4852 utimurmssetl'ict.
632 4811 666 4851 ex
675 4795 884 4854 vetustioribus
938 4793 1089 4850 codicibus
1104 4794 1470 4865 ususparumomendalis,
1482 4796 1760 4870 utocoiperatoolls·

9 4868 11 4879 '
71 4794 183 4939 nigrim
198 4864 370 4939 proferunt.
387 4866 521 4925 Martian.
538 4883 605 4923 cuni
621 4871 745 4936 Erusm„
771 4874 886 4940 querant
938 4881 1001 4936 gom
1016 4880 1068 4937 pro
1083 4863 1168 4920 altero
1183 4864 1243 4921 sive
1258 4864 1363 4937 troipas
1380 4883 1431 4938 pro
1447 4860 1536 4940 ἕτερον
1552 4868 1582 4922 iu
1595 4869 1694 4924 Graeoo
1721 4869 1761 4926 le-

71 4940 123 4991 ttre
155 4940 241 4994 irent.
938 4940 1027 5009 geret.
1053 4934 1151 4990 Potuit
1173 4935 1528 5011 vero-Nabuchodonosor
1546 4938 1698 4997 Danielem
1724 4957 1759 4999 eo

8 5040 16 5053 ·
94 4938 238 5077 {laniat
257 5008 373 5066 Omisso
388 5007 499 5082 reliquo
510 5023 605 5077 versu,
618 5009 882 5068 continuosubdit:
939 5007 1057 5062 nomine
1072 5004 1214 5079 collegam
1229 5007 1356 5063 voluisse
1368 5009 1524 5081 appellare,
1536 5010 1606 5081 quia
1616 5011 1705 5068 alteri
1728 5029 1759 5069 se

8 5128 17 5140 .
73 5072 768 5154 &mimidonexoeptiahlliquilmcomcio
795 5082 885 5138 nascio
938 5084 968 5135 et
982 5077 1243 5150 socundusarege
1258 5083 1343 5134 essct.
1360 5078 1468 5137 Notum
1483 5079 1591 5153 quippe
1606 5081 1679 5139 illud
1717 5084 1760 5140 lo-

73 5152 237 5216 lucratione
249 5155 456 5223 proetoriemnt.
475 5150 549 5210 [leuc
557 5152 677 5223 judicio,
693 5156 747 5208 etc.
939 5150 1047 5206 mentis
1060 5148 1215 5206 alexandr.
1227 5148 1346 5206 allatum
1358 5154 1437 5206 Ceut.
1449 5152 1576 5208 secundo
1589 5150 1603 5206 ὀ
1615 5149 1643 5208 δὲ
1654 5153 1759 5229 ἑταῖρος

8 5220 21 5231 “
97 5220 127 5295 lc)
136 5222 204 5280 Nou
215 5222 372 5299 collegam,
382 5223 434 5280 sed
445 5223 644 5296 alterum,sive
656 5218 885 5299 nonirclpooscd
938 5216 981 5275 ἳτε
1000 5240 1030 5281 ος
1045 5218 1110 5294 ἐγὼ.
1128 5221 1256 5292 lleoique
1266 5220 1512 5293 Origencshomil.
1525 5223 1594 5282 lain
1605 5225 1759 5297 Numeros,

8 5308 26 5327 ·
74 5284 166 5421 ἭΙ
225 5293 885 5368 rontvcteres,etnominatimChryaostomus
941 5239 1098 5363 habeamus
1112 5308 1144 5349 eo
1159 5306 1220 5376 qooe
1234 5293 1264 5349 in
1288 5292 1404 5377 Daniele
1431 5295 1534 5379 scripto
1559 5305 1623 5354 cont
1642 5297 1676 5353 cie
1700 5298 1759 5368 ipso

75 5372 102 5416 ὓ
151 5382 188 5423 so
211 5366 436 5440 oratusllstquc
449 5364 502 5423 illa
515 5365 728 5439 interpretatio,
745 5365 806 5422 sive
821 5382 886 5440 quaa
938 5364 1062 5431 Daniele,
1082 5368 1108 5422 et
1132 5365 1219 5421 tribua
1244 5379 1347 5422 omma
1369 5381 1446 5439 epos:
1478 5371 1635 5441 scripserat
1661 5371 1759 5431 Graeca

8 5468 26 5515 q
77 5436 189 5494 micum
203 5442 259 5495 ant
272 5436 416 5523 collegam
431 5438 558 5513 prefert,
571 5436 705 5522 longiora
728 5436 886 5494 chaldaica
939 5433 1067 5517 irolporr.

77 5504 197 5571 nina:
214 5525 310 5587 quaro
320 5526 403 5574 visus
417 5513 462 5571 ost
476 5509 580 5572 docilia
595 5525 667 5569 viris
690 5506 885 5587 Hieronymus
