3818 6104
100 245 183 307 ates
458 249 834 314 cuunsnvsnlonun
855 251 895 313 tlt
916 251 1112 317 MthlAEAM
1135 255 1379 321 malacae.
1403 258 1454 323 IV.
1555 337 1562 344 .
1727 264 1807 331 llil

101 394 180 445 eam,
195 381 226 434 et
239 395 291 436 rex
303 384 333 437 et
347 380 534 439 consiliarius
548 399 606 439 non
622 383 663 439 sit
676 383 706 445 in
717 399 761 455 ea,
774 387 802 439 et
812 383 928 442 colores
941 388 969 454 Α
984 390 1083 443 aerato
1099 386 1194 444 dicere
1208 406 1216 445 ε
1231 389 1297 446 Dole
1309 397 1337 447 et
1348 391 1469 448 uiriliter
1487 408 1549 463 ope,
1572 393 1687 452 sustine
1713 395 1807 469 sitim,

100 469 181 523 sicut
190 469 400 540 parturientem
412 471 631 544 apprehendant
642 489 717 541 eam,
731 474 808 545 quod
820 474 930 530 trustra
983 479 1067 546 porta
1094 477 1268 550 cauterium,
1293 478 1370 536 485
1394 484 1427 537 ut
1448 481 1555 538 certior
1574 482 1687 540 sanitas
1701 501 1807 544 conso·

100 557 225 628 peperit,
247 558 349 614 videns
363 565 460 617 tantos
477 559 553 617 filios
569 561 749 618 interlectos.
983 568 1100 634 quatur.

139 663 231 735 (vers.
249 665 304 736 lit.)
321 667 539 736 Doleetsatape,
556 668 708 753 pticSion,
731 670 816 740 quasi
830 678 929 740 partu·
1018 669 1111 742 (Vera.
1140 671 1249 740 11-13.)
1272 675 1305 729 Et
1327 691 1401 730 nnnc
1417 684 1596 749 conpreootse
1609 683 1674 736 sunt
1687 687 1809 752 superte

99 755 196 807 rictu:
212 756 279 826 auin
289 771 364 810 nune
376 756 525 825 enredieris
535 757 566 812 de
579 759 704 823 ciuitate,
714 767 740 813 et
751 757 889 813 habitabis
899 761 929 814 in
982 762 1073 826 perdes
1098 760 1201 825 inulta,
1225 777 1286 832 qun
1300 762 1396 818 dicunt
1412 783 1421 818 .·
1441 765 1594 837 Lapidetur
1607 776 1633 823 et
1646 771 1764 841 aspiciat
1777 772 1808 827 in

98 843 222 913 rapiente,
246 847 272 897 ot
293 846 386 899 uenies
410 861 494 917 usque
514 845 549 900 ad
565 845 756 916 Babylonem:
772 846 813 901 ibi
827 847 928 902 libera·
983 846 1046 903 Sion
1067 849 1162 903 oculus
1177 853 1276 905 noster.
1293 853 1348 924 lpsi
1361 856 1454 908 autem
1469 870 1524 910 non
1538 863 1721 927 coenaverunt
1734 861 1809 929 coni·

99 930 184 1002 beris,
209 931 250 986 ibi
272 933 387 988 redimet
410 943 435 989 te
456 936 585 989 Dominus
605 934 638 990 de
652 951 737 990 manu
752 936 929 991 inimicorum
983 937 1096 992 tationes
1111 937 1231 1004 Domini,
1247 943 1273 996 et
1287 957 1341 996 non
1357 943 1719 1003 intetleeemmtconsilium
1731 963 1807 1021 epus:

98 1020 220 1074 incorum.
238 1020 327 1077 Lxx:
343 1023 420 1088 Date,
434 1031 462 1077 et
478 1024 598 1079 uiriliter
612 1040 672 1091 ope,
689 1025 750 1094 fitia
761 1024 837 1092 Sion,
851 1026 930 1096 otiosi
982 1028 1050 1097 qnia
1063 1030 1237 1097 conprobauit
1251 1045 1304 1101 eos,
1320 1033 1400 1101 quusi
1412 1033 1509 1102 fenum
1524 1049 1605 1089 area.
1621 1035 1708 1107 Surae
1719 1040 1745 1091 et
1756 1037 1808 1094 tri·

96 1109 223 1179 pariens,
238 1110 303 1181 quic
318 1127 393 1166 niuno
405 1111 555 1180 enredieris
570 1111 776 1184 desivissent
791 1114 928 1170 habitabis
982 1123 1056 1183 turo,
1072 1115 1132 1184 fitia
1147 1115 1223 1184 Sion,
1239 1120 1304 1189 quio
1317 1134 1403 1175 coma
1417 1124 1494 1176 tuum
1507 1138 1609 1194 ponam
1622 1123 1757 1197 (meum,
1780 1132 1808 1182 et

96 1198 131 1252 in
145 1213 250 1270 campo,
272 1207 299 1255 et
317 1203 410 1255 venies
424 1217 508 1272 nsque
521 1201 560 1258 od
573 1202 762 1275 Babylonem:
779 1203 843 1259 inde
858 1204 928 1259 bbe-
982 1205 1099 1274 ananius
1117 1209 1177 1260 tuos
1187 1221 1288 1275 ponam
1300 1224 1397 1274 ereas,
1408 1211 1809 1284 eteomminuespoputosmul·

97 1287 176 1341 robii
198 1289 235 1356 te,
261 1292 287 1343 et
309 1289 375 1345 inde
399 1290 515 1346 redimet
541 1295 566 1347 te
589 1291 722 1346 Dominus
736 1293 806 1347 Deus
820 1300 882 1348 tuus
896 1293 929 1349 de
982 1300 1047 1348 tos:
1072 1301 1098 1349 et
1111 1295 1262 1366 interficies
1286 1296 1341 1368 (Al.
1366 1299 1544 1369 interficiam)
1560 1303 1681 1357 Domino
1696 1302 1810 1374 rupim

96 1391 187 1430 amna
201 1376 378 1433 inimicorum
392 1381 512 1434 tuorum.
529 1379 579 1436 Cui
597 1379 765 1452 praecipitur
776 1385 808 1436 ut
819 1380 926 1450 doleat,
982 1395 1086 1452 eorum,
1097 1390 1123 1438 et
1136 1384 1328 1454 fortitudinem
1340 1401 1435 1442 eanum
1447 1388 1561 1445 Domino
1570 1391 1708 1448 univerae
1716 1392 1807 1447 terre.

97 1461 160 1518 sive
176 1465 330 1536 parturiat,
347 1470 376 1522 et
390 1471 491 1539 postca
505 1467 640 1537 infertur,
657 1467 780 1524 viriliter
794 1485 857 1542 age,
869 1486 928 1525 non
984 1469 1073 1525 LXX:
1088 1471 1121 1526 Bt
1134 1487 1209 1528 nnnc
1221 1482 1392 1546 conarepctae
1404 1485 1469 1532 sunt
1483 1485 1601 1549 superte
1610 1485 1702 1550 pentes
1711 1479 1808 1536 mutto

96 1552 211 1608 frustra
226 1554 409 1627 praecipitum
426 1557 477 1613 sed
489 1556 645 1613 utdolores
662 1558 806 1629 patienter
821 1559 926 1629 serens,
982 1557 1151 1615 dicentium:
1166 1562 1331 1618 lnsnltemus
1345 1572 1372 1620 et
1385 1565 1535 1621 uideantin
1548 1566 1614 1624 Sion
1624 1567 1806 1625 oculincstri.

95 1640 268 1714 egrediatur
283 1644 459 1711 decivitate,
484 1649 512 1701 et
530 1645 686 1703 habitatin
702 1664 806 1720 canapo
823 1648 927 1705 sivein
944 1691 946 1696 -
982 1655 1037 1726 lpsi
1050 1664 1141 1711 autem
1156 1661 1313 1714 nescierunt
1326 1663 1502 1731 manationes
1516 1663 1637 1731 Domini,
1653 1668 1681 1721 et
1693 1679 1749 1722 non
1764 1664 1808 1722 in·

95 1729 228 1802 regione,
255 1736 284 1787 et
307 1732 405 1789 veniat
429 1750 524 1805 usque
548 1734 585 1789 ad
609 1734 799 1808 Babylonem,
816 1740 927 1792 etcum
942 1743 1388 1824 Btelteaernntconsiiiumeius,
1416 1753 1482 1821 quia
1504 1755 1678 1824 conprobauit
1696 1769 1752 1823 eos,
1777 1758 1810 1810 ut
1841 1778 1845 1785 ·

95 1834 152 1891 pro
177 1818 255 1875 484
279 1826 396 1892 peccato
421 1823 571 1880 sustinens
596 1824 794 1895 captivitatem
811 1825 928 1881 fortiter
980 1835 1137 1904 manipulos
1152 1851 1232 1892 oreae.
1249 1837 1335 1909 Surye
1349 1845 1376 1894 et
1388 1839 1552 1908 triturueos,
1563 1839 1726 1913 fiiiaSion:
1740 1843 1808 1915 quib

95 1906 201 1964 tulerit
215 1910 294 1980 quod
307 1909 422 1966 illatum
434 1916 488 1979 est,
499 1915 570 1967 tunc
582 1910 761 1969 libereteam
772 1913 925 1983 Dominus,
981 1937 1087 1978 minuo
1097 1931 1146 1979 tuo
1155 1927 1401 1996 pestomserrea,et
1410 1929 1527 2000 ananias
1534 1936 1595 1986 tuas
1602 1945 1808 2002 noviomenses,

95 2000 126 2051 at
138 1997 265 2053 redimat
277 2003 351 2055 Deus
362 2016 435 2056 suus
445 1999 480 2056 de
491 2016 581 2056 manu
592 2000 780 2058 inimicorum
794 2019 926 2074 suorum,
981 2017 1007 2067 ea
1020 2013 1186 2067 cornminues
1199 2014 1312 2084 populos
1326 2016 1435 2083 multos,
1452 2021 1479 2072 et
1493 2018 1600 2074 nocebis
1610 2018 1724 2075 Domino
1732 2019 1807 2076 mul·

94 2090 131 2142 ut
145 2090 302 2159 postquam
318 2087 405 2143 inerit
428 2087 562 2157 liberata,
586 2089 800 2146 insultantibus
824 2090 924 2147 dicat:
980 2098 1129 2156 titudinem
1145 2117 1250 2173 porum,
1276 2107 1303 2158 et
1324 2103 1409 2160 robur
1430 2121 1527 2162 eornm
1540 2107 1655 2164 Domino
1669 2107 1809 2166 „niam

97 2183 164 2239 Doti
187 2185 320 2240 insultare
344 2185 426 2254 mibi,
451 2188 569 2243 inimica
583 2203 659 2255 mea,
684 2189 749 2259 quic
763 2189 850 2245 cecidi
858 2205 868 2242 .·
883 2205 928 2244 re·
980 2190 1073 2244 terrae.
1091 2189 1301 2259 Oderusalem,
1319 2209 1336 2248 o
1351 2191 1412 2249 illis
1425 2193 1507 2264 Sion,
1522 2210 1587 2266 que
1601 2194 1699 2253 venies
1713 2210 1809 2269 usque

93 2290 230 2344 acroama
244 2276 298 2330 etsi
311 2276 386 2330 enim
398 2275 575 2332 ambulavero
591 2277 622 2331 in
645 2277 774 2347 tenebris,
793 2278 926 2334 Dominus
982 2275 1169 2350 Babylonem,
1187 2282 1215 2334 et
1229 2279 1269 2334 ibi
1285 2278 1468 2350 liberaberis,
1485 2287 1514 2339 et
1528 2284 1652 2340 redimet
1665 2287 1694 2340 ic
1707 2283 1807 2341 Domi·

93 2363 150 2420 tate
162 2380 230 2420 ntea
245 2368 303 2420 est:
319 2366 393 2420 iram
404 2366 514 2420 Domini
524 2365 663 2421 sustinebo
676 2368 808 2437 quoniam
816 2369 926 2438 peccaui
980 2381 1037 2419 nus
1049 2365 1083 2420 de
1092 2381 1180 2422 manu
1192 2366 1379 2424 inimicorum
1388 2373 1508 2426 tuorum
1519 2386 1526 2425 :
1539 2388 1618 2428 nunc
1626 2370 1744 2428 interim
1753 2370 1805 2439 [sl.

93 2454 132 2525 ei,
148 2451 233 2509 donee
242 2453 376 2526 justificet
390 2470 502 2510 causam
515 2470 616 2522 meam,
643 2459 671 2510 et
683 2457 770 2526 [noim
792 2455 927 2527 indicium
980 2451 1097 2523 iterum]
1107 2459 1287 2527 congregatae
1299 2462 1368 2512 sunt
1379 2461 1612 2532 supertegeutes
1621 2460 1730 2531 multe,
1740 2475 1805 2534 ques

94 2558 201 2607 nereum,
227 2546 253 2598 et
274 2543 370 2597 educat
395 2559 438 2599 me
453 2544 484 2598 in
508 2544 604 2611 lucem,
629 2550 655 2597 et
677 2543 769 2600 videbo
789 2544 927 2613 iustitiam
979 2541 1063 2613 quasi
1081 2542 1116 2598 da
1131 2542 1262 2599 adultera
1277 2543 1448 2617 loquuntur,
1462 2553 1491 2602 et
1504 2548 1626 2605 dicunt:
1642 2548 1805 2621 lapidetur,

94 2632 167 2703 eius,
184 2638 210 2687 et
224 2632 336 2703 aspiciet
357 2633 472 2687 inimica
485 2648 557 2697 mea,
573 2634 599 2688 et
613 2633 751 2703 operietur
773 2633 927 2704 ipnominic
979 2635 1005 2686 et
1019 2629 1461 2702 aspiciatinecmoculusnoster.
1472 2635 1537 2692 Sive
1550 2636 1622 2693 utin
1634 2637 1701 2694 LXX
1712 2635 1805 2711 scrip·

95 2722 192 2791 (Infra
205 2720 320 2792 vianti).
347 2719 428 2776 Unde
452 2724 481 2776 et
504 2720 533 2775 in
559 2718 683 2776 Psalmis
708 2735 838 2793 congrua
856 2737 926 2777 voce
979 2709 1117 2776 tumeat:
1134 2721 1806 2799 lnsultemusetpcudeamus‚etdespiciantsuper

96 2813 253 2865 cantatur:
267 2809 324 2866 Non
336 2811 535 2880 inperpetuum
546 2810 694 2877 irascetur,
706 2825 791 2881 neque
803 2811 832 2864 in
843 2813 925 2867 aeter-
972 2806 1046 2864 ‘Sion
1060 2809 1133 2864 oculi
1146 2811 1235 2865 nostri
1248 2828 1255 2865 :
1271 2819 1299 2867 et
1311 2828 1368 2867 non
1383 2820 1565 2883 manaverunt
1578 2813 1690 2870 Domini
1702 2814 1804 2872 uolun-

95 2915 167 2954 num
181 2899 393 2954 emnminobitnr
406 2898 539 2953 Dominus
554 2898 637 2970 (Psoi.
654 2915 703 2964 cu,
719 2899 758 2969 9).
775 2898 856 2962 Quod
871 2916 926 2954 au·
978 2899 1061 2953 tutem
1075 2900 1156 2969 atque
1168 2899 1316 2954 consilium
1331 2916 1338 2954 :
1355 2902 1425 2971 quia
1439 2905 1592 2973 propterea
1606 2902 1761 2959 adversum
1774 2905 1805 2960 be

96 2990 161 3043 tam
175 2987 252 3052 Dola,
267 2994 292 3042 et
305 2988 426 3043 viriliter
438 3003 502 3056 ape,
513 2987 549 3042 ad
561 2986 685 3043 odotem
697 2985 822 3042 dolentis
835 2987 925 3060 perti·
979 2991 1159 3058 congregate
1176 2986 1235 3043 sint
1250 2988 1394 3055 nationes,
1408 2992 1441 3043 ut
1451 2994 1584 3046 conteras
1594 3006 1656 3059 eas,
1667 2991 1752 3063 qussl
1761 2989 1804 3048 lc·

100 3078 181 3145 neat,
195 3078 222 3131 et
236 3076 349 3148 agentis
363 3074 496 3142 viriliter,
512 3075 599 3131 Jesus
615 3092 731 3148 quoque
754 3075 833 3132 filius
848 3076 925 3132 Nava
980 3092 1051 3131 num
1066 3074 1109 3130 vel
1125 3075 1265 3147 stipulam
1281 3093 1363 3133 areae.
1380 3078 1473 3151 Surge
1490 3077 1589 3151 igitur,
1605 3078 1667 3134 iilia
1680 3079 1762 3150 Sion,
1773 3081 1805 3137 et
1886 3072 1892 3087 ’

98 3162 186 3219 tastis
196 3167 249 3230 est,
261 3164 308 3219 oui
319 3163 462 3220 Dominus
476 3163 566 3220 dicit:
584 3163 753 3236 Censoe-tore,
769 3172 794 3220 et
806 3165 926 3220 uiriliter
939 3123 961 3192 c
979 3164 1009 3219 in
1021 3164 1158 3219 cornibus
1169 3165 1282 3233 ferreis,
1290 3182 1353 3239 quac
1364 3165 1417 3222 tibi
1428 3167 1497 3223 dara
1507 3183 1554 3224 me
1564 3168 1704 3240 spondeo,
1716 3172 1805 3242 utque

94 3268 151 3320 nqe
164 3253 257 3321 (iosus
271 3269 291 3319 1,
309 3253 345 3324 1).
370 3250 454 3308 Dolet
478 3257 577 3308 autem
602 3256 630 3308 et
654 3251 714 3326 agit
728 3252 852 3309 viriliter
866 3251 926 3307 lilia
979 3253 1010 3308 in
1027 3251 1145 3325 ungulis
1161 3253 1256 3323 areis,
1271 3270 1345 3326 quas
1358 3259 1513 3323 acceptura
1527 3272 1569 3323 es,
1580 3257 1687 3313 ventila
1699 3260 1807 3314 eicon·

94 3342 180 3408 Bion,
188 3341 259 3414 quia
270 3341 427 3397 excalciata
437 3346 464 3397 et
475 3342 555 3397 nuda
567 3358 685 3415 egressa
696 3347 740 3398 est
753 3342 924 3411 decivitate,
979 3344 1039 3396 tere
1051 3340 1184 3413 populos,
1192 3346 1220 3396 ei
1230 3341 1360 3398 interfice
1371 3359 1420 3398 eos
1429 3344 1550 3401 Domino
1561 3344 1805 3403 universatem.

94 3438 481 3511 etcaptivaducendaestin
494 3440 818 3511 campumSennaar,et
828 3439 926 3494 lutura
980 3440 1044 3495 'lali
1059 3440 1137 3494 enirn
1152 3440 1272 3495 victima
1288 3444 1317 3494 et
1331 3439 1380 3495 tali
1397 3441 1540 3496 sacrificio
1555 3441 1725 3498 delectatur.
1739 3443 1807 3500 Haeo

93 3528 125 3584 in
144 3527 292 3601 babylone
307 3528 398 3583 donec
413 3527 569 3583 Zorobabcl
586 3527 692 3594 venial,
709 3532 738 3583 et
753 3527 859 3582 Bzdras
876 3526 925 3597 qui
979 3526 1807 3600 iudaeinecdumexpletacernentes,infuturosibiChrls-

94 3616 309 3690 interpretatur
321 3617 441 3689 adjectae,
462 3622 490 3672 et
505 3617 540 3673 do
556 3633 646 3671 manu
668 3616 872 3673 Chaldaeorum
889 3615 926 3670 li·
980 3616 1002 3671 ti
1018 3615 1192 3688 pollicentur
1207 3617 1344 3683 adventu,
1356 3620 1384 3672 ct
1394 3615 1658 3673 dicuntuniversas
1669 3617 1803 3675 nationes

94 3707 180 3763 beret
190 3706 354 3770 eam.0uod
366 3706 524 3777 cumjuxta
536 3704 663 3761 litterum
676 3703 865 3760 manifestum
876 3703 926 3770 sit,
979 3705 1099 3760 ludaico
1111 3703 1217 3776 populo
1230 3705 1398 3776 servituras,
1412 3704 1568 3776 ipsumque
1577 3703 1736 3777 imperium
1748 3705 1805 3763 Rc·

96 3793 263 3868 intelligere
279 3794 352 3850 mihi
367 3795 482 3851 videtur
496 3794 625 3850 animam
641 3797 760 3867 propter
774 3796 926 3864 peccatum
981 3810 1149 3860 manorum,
1165 3793 1243 3864 quod
1259 3794 1315 3848 sub
1330 3793 1448 3849 nomine
1460 3792 1805 3865 interpretanturlldom,

95 3884 135 3940 dc
151 3883 281 3940 Ecclesia
296 3883 423 3956 pulsam,
445 3888 474 3938 ct
489 3882 608 3938 inimico
624 3887 653 3937 et
676 3881 763 3937 ultori
779 3879 926 3937 contradi·
981 3883 1190 3938 oouterendum
1202 3896 1266 3938 esso
1276 3880 1395 3954 ungulis
1406 3881 1467 3937 suis
1478 3885 1507 3937 et
1517 3881 1656 3945 cornibus
1666 3881 1808 3938 ventilan-

95 3979 161 4030 tam
171 3973 203 4028 in
216 3972 370 4029 interitum
381 3971 489 4039 carnis,
502 3975 534 4026 ut
545 3970 666 4043 spiritus
679 3969 777 4026 salvus
788 3971 839 4025 bat
849 3969 927 4026 exire
981 3971 1151 4035 dum.0u0d
1160 3986 1248 4041 quam
1260 3970 1385 4026 stultum
1395 3971 1444 4042 sit,
1454 3987 1488 4026 ex
1498 3969 1637 4027 omnibus
1647 3970 1805 4045 Scriptnris

94 4064 133 4120 de
149 4061 266 4118 civitate
278 4078 365 4132 quam
378 4060 507 4117 fluminis
520 4061 646 4132 impetus
656 4059 793 4125 laetificat,
805 4057 927 4115 ethabi-
981 4059 1065 4116 facile
1080 4059 1304 4132 comprobatum
1321 4060 1370 4115 sed
1387 4060 1442 4116 hoc
1458 4059 1578 4116 alterius
1592 4060 1734 4132 temporis
1749 4063 1805 4117 est.

95 4156 161 4209 tare
177 4167 236 4207 non
252 4151 282 4205 in
298 4154 408 4220 monte,
425 4149 474 4204 ubi
492 4149 574 4220 prius
590 4150 693 4213 luerat,
711 4147 800 4203 sedin
813 4163 926 4218 campo,
980 4153 1045 4204 Non
1056 4165 1125 4220 ergo
1136 4148 1186 4220 qui
1197 4165 1254 4204 non
1266 4148 1445 4205 occidentem
1456 4148 1596 4218 litteram,
1608 4149 1659 4205 sed
1671 4148 1808 4220 spiritum

94 4239 126 4296 in
145 4256 206 4311 quo
221 4239 408 4311 Assyriorum
431 4242 555 4310 vagatur
578 4236 732 4305 exercitus,
758 4240 786 4291 et
808 4252 873 4292 esse
897 4235 927 4290 in
979 4236 1808 4308 vivificantemsequimur,dicimusadversumfiliamSion,

94 4324 929 4398 confusionevitiorumsuorum,etpostquambabuerit
982 4325 1361 4398 quainterpretasurasc
1376 4325 1514 4398 Ecclesia,
1542 4327 1650 4383 multas
1673 4326 1808 4383 nationes

95 4417 269 4490 compedes,
284 4415 573 4483 attraxeritmolam,
586 4419 613 4469 et
627 4414 749 4469 lerinam
761 4411 927 4485 Babyloniis
982 4415 1149 4471 damonum
1165 4416 1345 4487 congregari,
1363 4419 1392 4470 et
1406 4416 1435 4470 in
1452 4413 1587 4487 presenti
1599 4413 1807 4486 seculo,quod
1902 4474 1905 4479 Δ

94 4507 212 4576 iecerit,
229 4506 259 4561 in
275 4511 369 4562 semet
389 4521 534 4560 reversam
557 4503 675 4559 dicere:
702 4504 805 4571 Quanti
827 4517 928 4557 merce·
943 4491 967 4556 D
982 4504 1013 4560 in
1031 4503 1160 4576 maligno
1176 4503 1302 4576 positum
1320 4508 1374 4573 est,
1391 4503 1543 4573 insultare,
1568 4506 1597 4559 et
1615 4501 1645 4558 in
1660 4500 1807 4559 occisione

93 4597 178 4653 aurii
188 4604 281 4667 patras
295 4595 351 4650 mei
364 4596 528 4649 saturantur
541 4592 677 4664 panibus,
693 4599 718 4647 et
732 4607 780 4662 epo
796 4589 841 4646 bic
855 4592 928 4661 same
982 4593 1109 4649 filiorum
1119 4593 1183 4663 ejus
1193 4591 1503 4664 gaudere,nescientes
1513 4588 1808 4662 cogitationesllomi·

95 4700 178 4759 pereo
193 4683 269 4755 (Luc.
285 4700 332 4749 xv,
350 4681 413 4754 17l¹
431 4685 460 4737 st
477 4682 511 4736 ad
529 4685 681 4752 paternam
693 4680 813 4735 domum
828 4683 929 4751 postea
983 4681 1024 4748 ni,
1040 4698 1093 4737 nec
1108 4683 1172 4752 ejus
1187 4678 1342 4736 eonsilium
1355 4682 1556 4751 agnoscentes.
1568 4678 1596 4732 si
1608 4676 1686 4733 enim
1699 4692 1808 4750 cogno·

96 4777 294 4831 revertentem
311 4770 420 4841 suscipi
436 4787 453 4825 a
468 4767 699 4825 clementissimo
716 4770 808 4839 patre,
833 4771 862 4823 et
880 4783 927 4823 re·
983 4769 1105 4835 cissent,
1121 4784 1284 4838 numquam
1301 4768 1456 4822 Dominum
1473 4765 1636 4837 majestatis
1651 4765 1809 4822 crucillxis·

94 4861 171 4919 dimi
188 4861 225 4917 de
240 4877 328 4916 manu
345 4859 499 4915 durissimi
515 4857 640 4914 domini.
666 4862 815 4913 Donamus
831 4872 929 4912 esem·
983 4862 1049 4914 sent
1064 4858 1085 4928 (l
1102 4857 1161 4913 Cor.
1174 4873 1204 4922 11,
1221 4858 1258 4927 8).
1273 4855 1576 4928 Congregabititaqus
1591 4855 1808 4927 eosquaeima·

95 4950 183 5024 plum
195 4954 228 5005 ut
239 4950 316 5022 quad
330 4949 493 5020 imperatur
503 4947 568 5002 lilim
579 4946 662 5012 Sion,
674 4951 703 5002 et.
713 4945 838 5001 dicitur:
855 4946 929 5013 Dole,
984 4945 1100 5018 nipuloa
1123 4962 1205 5012 arcae,
1231 4948 1265 4999 ut
1280 4944 1421 5016 quidquid
1439 4944 1592 5015 spinosum
1607 4943 1715 4999 babere
1728 4941 1809 4999 vide·

96 5051 123 5096 ec
139 5039 261 5094 uiriliter
274 5053 325 5109 ope
338 5038 418 5108 quasi
430 5038 553 5108 pariens,
570 5052 627 5090 non
643 5035 679 5089 ad
691 5050 818 5106 prunam,
831 5033 881 5089 sad
894 5034 929 5089 ad
984 5033 1091 5088 bantur
1101 5037 1129 5088 ct
1140 5048 1496 5105 aspersum,vaonumque
1505 5028 1809 5105 etleve,uagulissuis

98 5128 260 5185 utilitatem
275 5126 355 5183 illius
371 5127 542 5182 reseramus.
561 5123 698 5195 loquitur
710 5123 817 5179 Paulus
830 5124 865 5178 ad
876 5123 930 5179 Ga·
983 5127 1125 5187 conterat,
1141 5128 1170 5177 et
1184 5122 1323 5177 cornibus
1338 5120 1467 5188 ventilet,
1488 5125 1517 5177 et
1531 5137 1638 5192 purum
1654 5133 1810 5176 remanens

97 5216 206 5275 latas:
237 5216 335 5274 filioli
361 5217 427 5283 mci,
457 5231 522 5286 qnos
551 5216 652 5269 iterum
677 5215 817 5285 parturio,
846 5213 930 5269 donec
984 5207 1811 5283 frumentum,inDominlofferaturdonaria.0uidautem

97 5307 228 5364 carneus
241 5306 378 5376 fanneam
393 5307 423 5360 in
437 5305 514 5359 cobis
530 5301 629 5374 (Galat.
647 5320 685 5366 ιν,
703 5303 757 5374 19).
771 5307 805 5357 Bt
815 5300 928 5357 tamdiu
984 5301 1014 5357 iu
1026 5317 1058 5357 oo
1072 5300 1217 5372 significet
1227 5299 1304 5367 quod
1316 5299 1376 5354 ait:
1394 5301 1427 5354 Bt
1440 5299 1609 5355 comminues
1616 5293 1812 5370 poputosmul·

98 5394 207 5462 doluit,
223 5394 337 5450 tamdiu
352 5393 406 5466 [nt.
423 5391 577 5465 quamdiu]
593 5391 758 5463 parturivit,
774 5391 866 5446 donec
881 5406 930 5447 eos
984 5394 1034 5456 tos,
1051 5392 1076 5444 ei
1091 5391 1263 5445 consecrabis
1286 5388 1400 5443 Domino
1423 5385 1629 5443 multitudinem
1653 5400 1759 5453 comm,
1785 5388 1813 5440 ei

98 5500 223 5544 rursum
239 5499 291 5557 per
304 5483 504 5556 paenitentiam
521 5485 683 5554 generaret,
706 5479 757 5552 qui
772 5497 824 5552 per
839 5479 930 5536 delio·
984 5481 1068 5535 robur
1087 5495 1183 5535 eorum
1198 5479 1314 5533 Domino
1332 5476 1466 5532 uniuersa
1480 5481 1575 5533 terrae.
1592 5475 1737 5548 Legamus
1750 5469 1811 5529 Nu-

96 5579 168 5637 turn
182 5571 341 5653 perierant.
356 5575 431 5628 Puta
445 5569 594 5628 medicum
608 5568 797 5641 febricitanti,
811 5566 856 5628 vel
870 5567 930 5630 vul·
985 5584 1092 5644 maros,
1106 5566 1251 5629 otiosum
1267 5565 1356 5642 Nave,
1380 5567 1410 5627 et
1431 5561 1562 5641 panau
1584 5561 1753 5642 morum
1772 5557 1811 5645 il·

264 5699 398 5769 Damon.
411 5696 507 5767 xxv.
1610 5687 1651 5766 ii
