3840 6098
120 263 181 332 een
360 264 607 334 ramesense
627 264 876 332 noerntsenn
898 261 1082 330 cetensis
1103 264 1145 329 nn
1164 266 1377 332 ensesue.
1401 266 1498 331 uon.
1520 267 1589 332 ιιι.
1768 268 1829 331 ees

119 395 502 479 tgmdiseteedepreeentl
514 399 634 468 seculo,
646 401 670 456 si
682 392 954 455 habuerimusvitie
969 401 993 466 Α
1010 401 1045 455 ad
1063 400 1262 470 penitentium
1284 403 1503 469 convertuntur,
1519 398 1673 473 Scriptura
1701 401 1831 458 dicente:

117 491 162 549 nel
176 491 313 558 virtutae,
329 489 504 562 recipiemus
520 505 572 561 pre
597 488 758 546 virtutibus
773 489 904 561 premia,
921 496 949 544 et
1008 490 1218 573 iteimproperee
1229 491 1287 544 uiro
1297 489 1467 546 convertenti
1481 505 1498 544 u
1511 491 1633 560 peccatis
1646 490 1758 562 (lleclee.
1770 506 1833 563 vnn,

118 579 311 637 dimittentur
325 578 410 634 nubis
427 593 461 634 ea
477 593 540 650 que
554 578 680 635 seientes
694 577 880 651 peccavimus
895 592 953 640 zan
1006 578 1045 649 6).
1063 576 1248 649 opprobrium
1262 593 1319 634 non
1329 580 1433 650 occepit
1447 579 1576 634 odoereue
1589 580 1731 651 prosimos
1754 595 1835 636 suos:

120 669 289 743 plectemur
304 683 357 740 pru
378 666 502 738 delictis,
525 683 621 739 neque
643 666 819 738 recipiemus
833 665 954 738 prumia
1008 667 1043 722 od
1057 667 1179 722 nibilum
1191 667 1323 723 deductos
1336 674 1376 723 eet
1399 670 1429 722 in
1452 676 1596 741 conspectu
1609 669 1668 723 elue
1682 668 1835 738 mulipnus,

117 773 169 831 pro
180 756 351 813 virtutibus.
365 757 422 813 Sed
431 756 685 813 neutrumhorum
697 758 866 823 verumest,
883 754 953 826 quie
1007 755 1238 812 tienenteeoutem
1253 757 1401 812 uncinum
1427 757 1587 827 mopnificnt
1614 756 1833 829 (Pe.nv1,3·l).

119 850 210 919 atpru
222 845 350 919 peccatis
363 843 578 917 torquebimur,
595 851 625 901 et
635 861 687 917 pro
701 842 820 916 justitia
832 843 952 916 recipis·
995 845 1213 918 ¹0mnesigitur
1223 843 1402 917 quicumque
1412 844 1835 918 materiamilliusiguishabc·

119 932 319 1006 suumne
330 949 394 1006 que
406 948 564 989 meremur.
577 934 608 990 Si
619 933 697 989 enim
711 933 953 1004 postlundameu·
1005 933 1112 990 musin
1121 933 1352 1006 nobis,primum
1360 934 1533 1006 recipiemus
1542 934 1765 990 nostradelieta.
1774 934 1831 990 Sed

119 1022 267 1080 tamdem
279 1021 397 1090 christi,
409 1038 467 1078 nen
486 1021 581 1079 solum
606 1023 635 1077 in
661 1025 712 1078 tuo
731 1022 818 1078 corde
832 1037 949 1088 aurum,
1005 1024 1081 1079 dicet
1092 1022 1165 1079 mibi
1175 1022 1283 1095 aliquis
1294 1023 1330 1078 de
1342 1022 1540 1090 audientibus,
1551 1038 1663 1095 expone
1673 1028 1701 1079 et
1709 1024 1738 1079 id
1750 1024 1828 1096 quod

119 1115 330 1185 stupentem,
353 1108 950 1184 etlepidempretiosum(sitamenhabes
1004 1111 1156 1185 sequitur:
1172 1113 1297 1185 Duplieee
1321 1113 1475 1180 iniustitiae
1495 1127 1600 1168 eorum.
1625 1114 1692 1169 Esto
1707 1113 1826 1185 quippe,
1868 1157 1873 1168 .
1910 1135 1914 1147 ·

119 1199 232 1273 aliquid
246 1198 312 1256 euri
325 1199 370 1256 nel
385 1198 508 1272 argenti)
528 1197 813 1271 superedificaverie
825 1216 833 1267 ;
847 1214 949 1255 verum
1004 1200 1110 1274 recipio
1121 1214 1187 1257 mea
1197 1200 1251 1273 [lt.
1263 1201 1391 1274 recipere
1402 1200 1459 1274 me]
1480 1205 1609 1274 peccata,
1632 1204 1665 1256 ut
1679 1201 1826 1274 complea-

119 1294 148 1346 et
156 1288 251 1362 ligne,
262 1288 372 1356 lenum
388 1287 580 1360 etetipulam,
594 1287 664 1361 quid
679 1287 733 1344 tibi
755 1287 798 1344 eie
808 1288 870 1344 llsri
881 1303 948 1344 cum
1003 1293 1051 1345 tur
1065 1289 1094 1345 id
1110 1290 1188 1362 quod
1202 1290 1238 1346 ab
1252 1289 1390 1362 Apostulc
1405 1290 1515 1345 dictum
1531 1295 1594 1346 eet:
1619 1290 1651 1346 St
1663 1291 1743 1361 cujus
1756 1306 1825 1362 opus

120 1375 948 1451 animaeejuuctaplt.seductaJl'usritacorpore‘lutrum
1002 1379 1634 1450 ermitttetrinrentnmpntietur:tpeeentem
1644 1379 1826 1436 §Stratone

119 1465 314 1540 uemingredi
324 1466 354 1523 in
366 1469 545 1523 eductecum
557 1465 646 1537 lignis
656 1466 729 1532 tuis,
748 1481 816 1521 cum
839 1467 905 1521 lenc
920 1470 950 1522 et
1000 1469 1064 1534 erit,
1077 1468 1119 1523 sie
1132 1469 1223 1523 tumen
1237 1470 1319 1540 quaet
1329 1483 1381 1539 per
1395 1469 1488 1536 ipuem
1512 1468 1535 1539 (l
1551 1467 1611 1524 Cor.
1630 1484 1674 1539 ιιι,
1690 1469 1755 1538 15):
1772 1484 1826 1524 cur

119 1554 241 1629 repnte,
252 1554 349 1629 utut.
361 1555 400 1626 et]
418 1554 532 1628 polluce
558 1570 681 1626 regnum
693 1553 743 1610 Dei
757 1570 764 1609 ι
778 1569 815 1610 an
830 1561 950 1627 propter
1000 1570 1069 1613 vere
1083 1555 1211 1629 duplicia
1226 1557 1334 1629 recipio
1350 1557 1489 1630 peccata?
1517 1556 1568 1612 Cui
1584 1558 1824 1631 respondendum

118 1645 254 1719 liguum,
268 1644 380 1712 tenum,
397 1649 428 1700 et
441 1643 580 1716 stipulam
602 1643 673 1700 loris
688 1642 839 1699 residere?
853 1646 882 1700 et
895 1659 947 1716 pro
1001 1648 1056 1712 eet,
1071 1645 1142 1717 quie
1154 1661 1251 1702 seruus
1274 1649 1324 1718 qui
1347 1648 1399 1702 ecit
1412 1647 1580 1702 uoluntatem
1605 1648 1717 1703 Domini
1729 1647 1783 1718 sut,
1799 1649 1826 1703 et

119 1748 205 1800 auru,
218 1738 350 1808 urgento,
360 1732 494 1806 etlapide
506 1732 635 1806 pretioso
648 1731 721 1787 nibil
742 1731 885 1788 mercedis
899 1748 946 1789 ac·
963 1735 1131 1834 Bnontocit
1140 1751 1212 1801 euni,
1221 1735 1469 1808 ptope'eruputcbit
1487 1737 1583 1791 multis
1604 1735 1679 1806 (tue.
1691 1753 1742 1806 xri,
1759 1736 1823 1807 t'l):

118 1822 216 1896 cipere
226 1820 304 1878 ised
319 1820 482 1895 usquehuc
498 1837 615 1892 equum
639 1824 694 1877 est.
706 1821 781 1886 Quid
797 1821 889 1893 igitur
900 1836 948 1877 se·
1003 1822 1125 1896 dignum
1141 1824 1290 1895 siquidem
1306 1827 1351 1880 est
1365 1840 1415 1880 eos
1430 1823 1479 1895 qui
1495 1824 1530 1879 de
1540 1823 1747 1895 Gentibuslilt.
1758 1839 1827 1897 geu·

117 1912 233 1984 quitur,
244 1909 302 1967 nisi
325 1915 359 1967 ut
367 1908 947 1984 primumpropterlignaignistibidetur,
1001 1912 1057 1984 tes]
1068 1916 1146 1983 eunt,
1158 1911 1304 1985 simplicia
1312 1913 1439 1986 recipere
1450 1915 1578 1985 peccata,
1587 1916 1677 1968 atnoe
1686 1912 1826 1984 duplicia,

116 1999 169 2073 qui
184 2003 346 2057 consumat
358 1997 485 2071 lignum,
502 1998 613 2070 buum,
629 1996 674 2054 vel
690 1995 854 2070 stipulam?
871 2001 948 2053 Deus
1001 2000 1116 2057 dicente
1131 2000 1289 2073 apostolo:
1309 2002 1473 2057 Voluntarie
1489 2002 1666 2073 peccantibus
1677 2001 1756 2058 nobis
1767 2009 1829 2073 poet

113 2089 228 2162 quippe
242 2091 345 2145 noster
357 2087 435 2160 apud
456 2101 507 2143 soe
520 2086 572 2158 qui
586 2091 713 2159 possunt
726 2084 888 2157 intelligere
902 2086 947 2141 di·
1000 2091 1181 2161 copuiticnenn
1192 2090 1826 2163 uerttotisjcmultronocremunetpropeccoto

111 2177 197 2245 viee,
212 2176 293 2250 iguis
308 2176 417 2233 dieltrrr
429 2191 495 2233 esee
516 2191 705 2232 consumens.
728 2176 763 2231 llt
788 2190 855 2230 cum
870 2173 948 2230 dicat
1000 2177 1099 2235 hostio.
1117 2179 1268 2234 llorrititte
1291 2183 1385 2234 eutem
1407 2178 1535 2251 western
1550 2181 1714 2251 exspectatio
1721 2179 1826 2250 judicii

106 2266 282 2340 propbeta:
299 2267 369 2322 Deru
384 2271 474 2322 noser
489 2265 740 2358 ipne‘eicousnmene
753 2274 794 2320 eet
804 2263 893 2336 (lleut.
906 2280 945 2333 ιν,
1000 2269 1086 2339 senes
1096 2267 1318 2324 cetmeomedere
1331 2267 1433 2324 lolem
1444 2267 1614 2325 moerentes
1629 2268 1721 2340 (licor.
1738 2285 1766 2338 x,
1778 2269 1826 2339 26,

105 2356 152 2412 2t
164 2373 173 2424 ;
186 2354 267 2411 eeu.
291 2370 343 2424 ιιι,
363 2353 420 2427 29),
436 2371 496 2410 nun
520 2353 657 2426 apposuit
684 2353 756 2427 quid
780 2355 945 2424 consumat,
998 2355 1055 2429 27).
1072 2352 1279 2428 prophetatum
1296 2360 1341 2412 eet
1355 2357 1392 2412 de
1407 2356 1454 2412 his
1469 2356 1518 2429 qui
1544 2373 1561 2413 a
1580 2355 1782 2428 peccatoribus
1797 2361 1827 2413 st

105 2442 387 2515 tibidarelinquens
405 2441 878 2499 demaniiestoribueintellectum
891 2441 946 2497 Ne·
999 2445 1187 2501 venatoribus
1197 2445 1233 2500 de
1243 2444 1426 2518 proiuudein
1436 2445 1586 2501 montibus
1596 2448 1665 2501 sunt
1673 2444 1823 2511 abstracti,

102 2529 946 2607 quaesiissentquodstinaginemetsimilitudinem
999 2532 1300 2604 quomodorseipiant
1322 2533 1450 2604 primum
1474 2532 1604 2604 duplicia
1624 2536 1744 2605 peccata
1758 2548 1823 2588 eus.

103 2637 207 2681 suem
223 2623 386 2694 permanet,
400 2617 478 2692 ignis
491 2618 547 2675 ists
562 2618 719 2688 consumit,
740 2631 798 2673 nou
814 2617 948 2690 proprias
1002 2620 1130 2676 Pustbaee
1142 2620 1338 2676 devocatione
1348 2620 1479 2693 gentium
1488 2620 1756 2692 prophetatumeet,
1766 2637 1824 2677 nou

98 2714 269 2769 emtum
280 2724 288 2764 ι
301 2709 352 2765 sed
371 2707 604 2780 superedificata
627 2707 717 2780 ligna,
730 2707 841 2776 tenum,
853 2705 947 2778 stipu·
1000 2724 1101 2765 eurum
1113 2709 1164 2781 qui
1175 2710 1301 2764 necdum
1313 2708 1680 2781 coguoveruntChrietum,
1703 2709 1754 2765 sed
1776 2709 1825 2779 qui

98 2800 187 2858 lem.
207 2804 300 2854 tosus
309 2794 520 2860 estditlcilia,et
534 2795 570 2852 ed
589 2794 844 2869 interpretendum
857 2794 942 2852 nimii
997 2798 1060 2869 jam
1072 2797 1164 2853 vocati
1174 2803 1255 2866 sunt,
1268 2802 1301 2853 ut
1311 2798 1406 2853 sciant
1416 2797 1518 2854 laudes
1533 2797 1639 2854 reterre
1649 2813 1700 2870 pro
1710 2796 1823 2870 gretia:

101 2887 237 2947 sudoris
256 2901 356 2960 egene,
371 2888 405 2940 ut
419 2898 486 2940 cum
503 2883 606 2957 primic
617 2884 945 2940 secuudaccusentiant.
1000 2891 1030 2941 et
1040 2885 1069 2941 in
1084 2885 1424 2952 llcclesiaconeistentss,
1439 2887 1644 2953 conllteantur,
1664 2890 1693 2941 et
1704 2886 1826 2942 adorent

102 2974 376 3050 Repromieerones
389 2973 526 3046 legimus,
542 2976 571 3029 et
585 2977 653 3044 poet
675 2988 816 3045 prospera
830 2977 947 3045 repente
1000 2989 1108 3030 noman
1123 2975 1203 3045 ejde:
1221 2975 1336 3031 Domine
1362 2975 1499 3050 sortitssdc
1512 2991 1586 3042 mec,
1609 2978 1636 3031 et
1656 2975 1825 3045 adjutorium

105 3065 218 3122 tristia
230 3063 447 3136 predicantur:
464 3065 497 3118 et
510 3061 673 3131 retribuum,
690 3060 795 3133 inquit,
814 3062 873 3117 illie
887 3063 946 3134 pri·
1000 3063 1055 3136 [lt.
1073 3064 1167 3136 robur]
1182 3066 1207 3120 et
1221 3065 1362 3135 cereptum
1374 3079 1467 3119 oneum
1482 3065 1513 3119 in
1527 3064 1572 3119 dte
1584 3064 1735 3134 motorum,
1751 3062 1786 3117 ad
1798 3067 1824 3118 te

110 3152 327 3225 mmduptim
336 3152 488 3221 iniustitias
497 3149 947 3222 eorum;necessario(u)appoei·
962 3133 983 3200 C
1001 3161 1094 3223 pentec
1108 3154 1219 3209 venient
1231 3152 1266 3208 ab
1280 3161 1400 3209 eetrenro
1414 3155 1503 3220 tene,
1518 3157 1545 3208 et
1565 3152 1673 3208 dicent:
1689 3153 1825 3221 Quoniam

116 3247 183 3300 tum
194 3245 252 3310 est,
262 3243 401 3313 priscum:
412 3239 542 3313 primum
562 3238 671 3311 quippe
695 3243 813 3311 propter
826 3239 947 3311 injusti·
999 3243 1073 3316 soleo
1082 3242 1261 3314 possederunt
1268 3246 1361 3313 potres
1375 3243 1464 3298 nostri
1485 3243 1646 3310 etmutcero,
1675 3256 1724 3323 esec
1740 3243 1779 3296 cet
1791 3256 1822 3296 en

120 3333 178 3389 ties
191 3333 340 3388 tormenta
353 3326 946 3401 perpetimur,deindepropterjustitiem
1002 3332 1060 3387 illis
1089 3332 1200 3386 utititas
1229 3331 1343 3401 (terem.
1372 3329 1428 3399 l9).
1459 3329 1608 3397 Quomodo
1636 3330 1673 3386 ab
1693 3333 1821 3386 extremo

127 3434 310 3478 mansur.
325 3418 426 3490 llequs
441 3417 520 3474 euim
535 3415 697 3473 econtrario
712 3420 779 3472 ante
792 3416 949 3473 tribuenda
1001 3423 1084 3476 terre
1099 3422 1240 3476 venerunt
1254 3420 1360 3475 Gentes
1375 3419 1411 3474 ad
1426 3419 1591 3487 Dominum,
1614 3421 1642 3473 et
1665 3418 1820 3473 dixerunt:

130 3507 296 3579 suutlueta,
313 3509 343 3562 et
363 3505 408 3562 sie
421 3504 570 3562 reddenda
594 3508 722 3577 peecata,
738 3509 771 3561 ut
785 3505 949 3561 cessantibe
1003 3507 1217 3579 Quoniomfntsn
1226 3505 1827 3578 possederuntpotreenostrietnentocre,nec
1900 3575 1903 3583 Ι

131 3594 210 3654 boum
217 3594 618 3666 sitientemapermansaut,
629 3593 681 3649 sed
692 3595 759 3649 anm
774 3595 950 3666 recipiemus
1003 3597 1082 3653 estin
1097 3596 1156 3651 ittae
1164 3595 1428 3659 utilitostouluem
1441 3595 1490 3651 isti
1500 3593 1550 3665 qui
1560 3592 1681 3649 veniunt
1689 3593 1727 3649 ab
1737 3596 1829 3649 entre·

132 3684 215 3753 mele,
228 3687 260 3741 et
273 3683 380 3741 deiude
393 3683 483 3751 bone,
498 3687 541 3748 ut,
571 3682 695 3739 sublatis
723 3682 813 3748 vitiis,
829 3683 951 3739 virtutes
1005 3683 1169 3741 mistSuut
1179 3683 1228 3740 ulii
1239 3683 1325 3756 primi
1337 3687 1431 3751 terre,
1442 3681 1573 3738 suntalii
1592 3681 1756 3738 novissimi.
1773 3679 1829 3745 Qui

132 3771 353 3845 permaueeutin
360 3771 770 3828 etemum.0bservaomnem
778 3770 952 3828 thesaurum
1006 3778 1077 3831 sunt
1087 3773 1173 3845 primi
1182 3772 1197 3827 ‘l
1207 3771 1352 3844 Sapientis
1364 3769 1473 3837 seculi,
1485 3769 1610 3837 nobiles,
1626 3769 1741 3825 divites:
1754 3769 1829 3842 opti·

132 3859 765 3933 Scriptumrum,etinvenieesemperDeum
777 3859 952 3931 caprimum
1007 3866 1110 3919 matus.
1125 3860 1178 3926 Qui
1190 3863 1260 3917 sunt
1269 3861 1391 3916 extremi
1402 3860 1416 3915 t
1427 3858 1518 3916 Stulti
1533 3856 1635 3914 mundi
1646 3857 1832 3931 elegitDsus,

133 3948 432 4022 cummlemtemquae
443 3947 539 4005 tristia
548 3952 632 4017 sunt;
644 3952 673 4004 et
684 3964 718 4004 ea
730 3948 867 4021 deinceps
878 3949 954 4005 inie-
1009 3954 1042 4006 ut
1056 3950 1217 4006 contundat
1232 3949 1328 4018 sortia,
1345 3952 1374 4005 et
1401 3965 1435 4004 sa
1462 3964 1527 4020 que
1556 3963 1613 4004 nen
1626 3952 1718 4015 erant,
1735 3952 1769 4003 ut
1782 3947 1833 4002 de-

132 4043 316 4111 restemque
327 4036 459 4095 letitiam
473 4037 606 4110 prebent
618 4036 819 4094 audientibus.
832 4036 954 4107 Occidit,
1010 4042 1104 4096 struet
1119 4055 1183 4110 que
1198 4042 1279 4094 suut.
1298 4038 1413 4096 Venient
1427 4036 1522 4093 Gentes
1536 4037 1573 4094 ab
1586 4041 1711 4093 extremo
1732 4044 1834 4094 terroe:

132 4127 315 4186 strieiilcat:
330 4126 456 4201 percutit
474 4132 503 4183 et
516 4130 621 4194 sauat;
648 4125 713 4199 ipss
727 4126 858 4183 dolorem
874 4128 955 4197 lacit,
1011 4128 1095 4200 quasi
1111 4127 1216 4183 dixerit
1230 4145 1237 4183 ι
1253 4128 1290 4182 ds
1305 4127 1352 4184 his
1366 4125 1506 4183 omuibus
1529 4126 1578 4198 qui
1596 4129 1667 4183 eunt
1681 4125 1834 4182 novissimi

133 4221 159 4274 at
170 4232 292 4274 mesum
307 4215 447 4284 restituit,
464 4214 621 4287 percussit,
635 4218 665 4270 et
679 4231 785 4272 manus
795 4216 860 4287 ejus
870 4230 957 4272 sane·
1011 4221 1232 4290 superterram,
1249 4216 1285 4272 de
1295 4215 1395 4281 fatuis,
1406 4215 1641 4288 deignobilibue‚
1654 4215 1689 4271 de
1701 4214 1833 4285 abjectis.

133 4310 235 4364 venant
252 4305 344 4376 (Dent.
359 4320 448 4373 narr,
465 4303 522 4377 39).
539 4303 635 4376 Super
648 4302 695 4360 his
709 4319 789 4376 ergo,
801 4304 959 4377 quijustue
1012 4307 1046 4362 dt
1060 4305 1150 4362 dicent
1170 4306 1318 4374 :Quoniam
1345 4304 1418 4376 tube
1439 4305 1619 4375 possederunt
1640 4314 1733 4376 potres
1746 4306 1836 4361 nostri

134 4399 184 4464 eet,
198 4392 352 4452 intellectu
367 4393 416 4466 pio
425 4392 615 4450 considerans
630 4408 695 4466 que
711 4393 860 4459 dicuutur,
876 4393 959 4466 inge·
1011 4395 1175 4463 etmutocro,
1186 4410 1237 4451 nec
1249 4398 1289 4450 est
1304 4394 1361 4449 itte
1375 4393 1501 4449 utititas:
1528 4410 1587 4449 non
1611 4394 1761 4466 quievere
1774 4393 1836 4450 sint

135 4485 249 4553 miscet,
265 4486 295 4541 st
308 4483 408 4540 dicat:
422 4483 545 4554 limae,
563 4483 624 4554 quie
637 4481 773 4538 tolitodit
785 4483 816 4537 in
832 4482 960 4538 uberne-
975 4483 1102 4570 D‘idela,
1118 4484 1153 4539 ad
1170 4499 1297 4556 quorum
1313 4480 1530 4538 distinctionem
1551 4497 1629 4538 nunc
1649 4481 1722 4538 lalee
1736 4481 1836 4537 diean-

136 4573 261 4644 calotao,
270 4573 390 4645 osope
406 4572 556 4643 requiescet
569 4573 603 4627 in
613 4579 703 4627 monte
717 4574 811 4627 coneto
822 4574 892 4628 tuot
905 4572 959 4641 Qut
1013 4580 1072 4640 tur,
1083 4573 1134 4629 sed
1145 4571 1296 4645 idolaque
1308 4570 1381 4626 llslsa
1392 4574 1462 4625 suut
1473 4586 1524 4642 per
1536 4573 1683 4640 naturam,
1695 4569 1777 4626 nulla
1791 4575 1838 4627 est

134 4661 300 4733 wraditnn
311 4659 419 4734 iuquit,
429 4661 491 4716 aine
500 4660 622 4731 meniu,
633 4667 660 4716 et
669 4663 800 4732 operetur
805 4662 958 4731 justitium,
1013 4662 1044 4718 iu
1054 4661 1098 4718 eis
1108 4660 1229 4717 utilitas.
1251 4658 1378 4716 Sileciet
1397 4657 1453 4712 sibi
1474 4658 1660 4727 homedeus,
1680 4658 1767 4714 etisti
1779 4674 1837 4715 non

136 4751 462 4824 pulopeitorueritotem
472 4750 503 4804 in
513 4749 591 4806 corde
600 4764 660 4816 eno,
676 4751 789 4822 quinon
802 4752 857 4822 epit
866 4750 960 4806 dolum
1015 4750 1144 4808 auntdii.
1158 4749 1220 4805 Non
1232 4748 1326 4804 solum
1341 4747 1376 4805 de
1386 4747 1534 4819 corporeis
1545 4746 1712 4803 simulacris
1728 4747 1839 4805 iaciunt

137 4840 165 4895 ie
178 4839 284 4912 ttnpea‘
293 4855 355 4906 auu,
372 4854 422 4894 nee
434 4840 501 4910 tecit
520 4840 649 4911 proximo
672 4854 721 4894 suo
743 4841 861 4908 neotum
874 4843 901 4895 et
913 4855 960 4912 op-
1015 4840 1071 4897 sibi
1085 4838 1220 4894 homines
1230 4837 1311 4906 daos,
1323 4838 1373 4892 sed
1384 4842 1413 4892 et
1427 4836 1464 4892 de
1479 4838 1564 4892 corde
1581 4837 1772 4907 confingunt:
1788 4836 1840 4910 qui

137 4928 277 4999 mosee
287 4929 457 5000 nonoccepit
467 4927 595 4984 aduersus
603 4929 817 5000 proximorrum
833 4928 891 5000 (Pe.
902 4944 960 5001 xiv,
1016 4929 1093 4985 enim
1109 4930 1234 5000 possunt
1252 4925 1393 4982 simulare
1404 4925 1495 5007 alium
1511 4928 1670 4980 creatorem
1686 4928 1767 4981 extra
1777 4925 1841 4981 uni·

142 5018 213 5090 le).
222 5016 284 5075 Noe
295 5017 386 5074 etiam
398 5033 456 5073 non
467 5017 513 5073 bie
523 5017 735 5090 opprobremus
744 5017 795 5090 qui
806 5033 824 5073 a
835 5016 963 5090 peccetis
1015 5015 1162 5075 versitatis
1172 5015 1276 5083 Deum,
1288 5015 1326 5087 (b)
1337 5014 1428 5070 alium
1439 5013 1586 5086 Scriptum
1595 5014 1840 5082 sanctum,slium

169 5224 324 5301 (olllctam
336 5227 438 5285 exhoc
455 5227 600 5302 precipue
616 5229 679 5287 loco
694 5228 813 5299 Origeni
829 5230 962 5301 inurunt,
1018 5231 1065 5291 Ori
1088 5231 1218 5290 enianer.
1232 5228 1285 5287 lib.
1303 5245 1335 5297 ιι,
1351 5231 1456 5291 uuest.
1474 5229 1517 5298 ll,
1534 5244 1619 5286 num.
1641 5228 1684 5285 17.

142 5301 212 5372 qnod
230 5298 431 5382 piacularibus
442 5303 539 5372 modo,
552 5318 609 5357 nen
620 5302 737 5358 eternis
747 5301 894 5358 addixisse
904 5319 964 5374 pte·
1055 5249 1277 5376 (ilsddidimus
1301 5317 1335 5362 ex
1361 5301 1471 5356 Rabanl
1485 5299 1607 5357 lectione
1618 5304 1647 5355 et
1656 5299 1753 5355 Graeco
1764 5301 1844 5354 textu

142 5371 184 5428 nis
192 5371 349 5428 hominum
359 5371 470 5427 scelera
479 5372 613 5429 videatur
624 5389 630 5428 :
643 5377 757 5430 constet
775 5390 842 5429 vero
859 5389 894 5429 ex
908 5374 965 5430 ilde
1019 5392 1119 5432 vocem
1134 5376 1232 5440 otium,
1249 5390 1313 5445 quse
1328 5371 1435 5428 deerat.
1452 5371 1543 5428 Paulo
1564 5386 1681 5454 queque
1693 5371 1779 5439 inira,
1796 5370 1845 5428 lio·

143 5443 465 5514 puet‘resursectionem
480 5448 510 5499 et
532 5443 679 5516 judicium
701 5443 812 5500 nullam
828 5462 862 5501 su
885 5460 965 5503 rosso
1019 5449 1118 5511 mines,
1134 5444 1343 5502 substituimus
1358 5460 1409 5517 pro
1420 5456 1513 5500 omnes
1525 5459 1559 5499 en
1571 5443 1674 5498 iisdem
1686 5441 1806 5499 Rabano
1816 5446 1846 5499 et

143 5512 353 5570 emendationis
368 5530 461 5586 spem.
477 5516 579 5572 conler
595 5516 625 5571 lu
640 5514 716 5572 hanc
732 5531 795 5572 rem
810 5461 965 5574 sallient-
1019 5524 1136 5575 ttrece:
1152 5516 1292 5592 pleraque
1307 5518 1406 5575 autem
1435 5515 1482 5574 his
1511 5514 1621 5575 similia
1635 5513 1748 5588 passim
1763 5513 1845 5575 testu

144 5599 222 5663 rou,
237 5583 291 5648 ltb.
310 5601 332 5645 n
357 5584 528 5661 Purgaterio
553 5603 617 5666 cap.
646 5588 674 5663 9,
701 5590 788 5670 atque
814 5587 964 5670 Suetium,
1020 5589 1211 5673 castigamus.

299 5710 436 5787 esum
448 5710 544 5788 aer.
1432 5765 1434 5769 -
1644 5713 1685 5788 tt
