3818 6104
76 327 160 397 589
359 331 610 394 marsuano
632 331 886 397 eonlnlasure
908 330 1093 397 delensis
1114 332 1155 395 IN
1176 332 1390 399 lancellam.
1414 334 1509 400 HOM.
1532 333 1560 399 l.
1748 331 1808 401 890

76 457 179 524 rualli
193 458 345 518 intelleotu
361 463 397 519 ad
412 480 480 520 eum
491 463 667 520 referuntur.
683 463 783 520 Dicere
792 480 859 521 vero
872 465 930 521 alia
943 470 969 533 Α
987 468 1163 537 conjungere
1177 466 1341 524 Salvatorit
1355 467 1408 523 Det
1421 465 1496 524 mihi
1508 464 1710 524 testimonium
1724 472 1810 526 vetus

76 563 191 620 ‚uper
205 548 346 620 Jeremia,
369 551 427 608 alia
445 568 535 626 super
549 551 697 609 salvatore
712 553 930 625 interpretanda
985 554 1226 611 Testamentum:
1242 557 1316 626 Quin
1324 558 1485 628 prinsquam
1494 562 1621 628 cpncuct
1628 571 1700 628 puer
1708 558 1810 614 tonum

76 636 176 702 us
188 654 266 705 esse,
277 655 336 696 non
349 641 512 712 pessimum
522 645 576 698 est.
588 641 645 699 Sed
657 642 707 713 qui
719 643 792 699 bene
803 644 932 717 Scriptu-
984 650 1034 697 ent
1043 643 1149 698 maium
1160 643 1236 715 (lsai.
1248 661 1300 713 vu,
1311 644 1368 716 ld),
1380 651 1409 700 et
1418 649 1530 702 namra.
1541 645 1594 701 Det
1603 644 1692 700 etiam
1703 645 1808 703 lsaias:

76 741 141 792 ras
153 742 249 782 nosse
262 733 396 796 conatur,
413 730 601 786 vehementer
610 729 640 785 in
654 730 710 787 isto
721 731 843 787 instabit
856 731 931 805 loco,
986 732 1050 786 licre
1076 733 1155 802 Virqo
1173 732 1306 804 concipiet
1319 734 1351 789 in
1362 736 1450 801 utero,
1465 733 1707 806 aperientium,
1723 741 1749 790 et
1763 749 1810 791 uc·

76 813 201 879 ridens
212 815 269 871 sub
282 833 341 872 uno
352 821 431 873 textu
443 818 588 874 sermonis
598 818 690 895 dividiv
698 818 889 888 intellectum,
903 827 932 878 et
986 819 1095 874 cabitur
1107 835 1207 876 nomen
1220 821 1280 891 ejus
1294 822 1459 878 Emmanuel
1473 822 1548 894 (leci.
1562 839 1614 892 vn,
1631 821 1675 893 ll)
1688 837 1695 876 :
1712 821 1810 894 ibique

76 901 166 969 aiei,
193 902 268 970 haic,
293 905 432 976 quoniam
449 907 564 962 minora
585 910 664 975 sunt,
680 923 740 963 nou
756 909 933 965 conveniunt
987 906 1123 964 additur:
1145 909 1311 981 Priusquam
1324 914 1466 982 coqnescut
1477 925 1556 983 puer.
1572 910 1603 966 si
1619 914 1716 967 autem
1731 915 1760 968 et
1774 910 1811 966 de
1877 923 1884 938 ·

76 989 254 1060 salvatori,
272 993 323 1049 sed
338 993 488 1051 ieremias:
503 994 554 1051 illa
568 1012 646 1062 vcro,
662 996 803 1068 quoniam
820 999 932 1070 majora
985 994 1140 1069 Evangelio
1154 997 1285 1069 accipere
1295 999 1633 1070 oportettestimonium,
1644 983 1731 1055 Jeeus
1745 1013 1811 1055 nee·

79 1083 178 1149 mne,
189 1082 405 1152 neuteremie,
416 1084 467 1141 sed
479 1084 604 1140 Christo.
618 1083 661 1140 Ob
672 1083 701 1140 id
713 1088 818 1141 cuncta
828 1103 882 1143 nos
894 1087 930 1143 ad
985 1084 1057 1140 dum
1076 1084 1129 1155 vir,
1155 1086 1207 1142 aad
1223 1087 1319 1143 adhuc
1333 1087 1441 1156 iulans,
1466 1088 1536 1160 quia
1557 1102 1588 1143 se
1611 1087 1810 1143 exinaniverat

86 1168 259 1233 leremiam
275 1172 382 1228 referre
396 1172 597 1229 tentabimus:
615 1173 739 1242 honest,
763 1179 849 1245 ntea,
866 1191 931 1247 qne
986 1173 1110 1229 sormam
1126 1173 1201 1230 servi
1216 1174 1373 1248 accipiens,
1399 1175 1569 1248 proficiebat
1592 1175 1668 1247 (baec.
1693 1192 1726 1246 11,
1751 1174 1807 1248 32).

98 1273 169 1318 sum
183 1258 300 1330 majora
314 1258 386 1330 sint,
404 1260 543 1317 videntur
556 1262 754 1318 conditionem
768 1264 833 1335 ejus
847 1280 931 1322 exce·
986 1260 1077 1320 Nemo
1092 1265 1190 1318 autem
1206 1263 1331 1335 proficit,
1358 1265 1408 1336 qui
1429 1267 1473 1322 est
1496 1264 1663 1337 perlectus3
1688 1263 1740 1320 sed
1763 1262 1813 1320 ille

104 1349 179 1405 dare.
193 1347 379 1421 Quicumque
394 1366 411 1406 a
426 1349 485 1406 Deo
495 1351 608 1422 accepit
620 1352 720 1422 verba,
731 1368 853 1408 sumens
863 1368 930 1425 gra·
985 1349 1111 1422 proficit,
1128 1350 1179 1423 qui
1194 1350 1307 1424 indiget
1320 1353 1462 1424 prolecto.
1478 1352 1552 1425 Ergo
1567 1351 1740 1424 proficiebat
1748 1354 1816 1408 eta·

111 1435 174 1492 dam
189 1435 317 1494 celestis
341 1436 460 1510 eloquii,
485 1439 592 1495 idcirco
614 1455 650 1495 ea
664 1439 778 1512 accipit,
795 1446 828 1497 ut
842 1457 932 1514 regna
984 1442 1023 1509 te,
1041 1437 1211 1511 proficiebat
1225 1440 1380 1513 sapientia,
1396 1439 1566 1515 proficiebat
1575 1440 1680 1513 gratia,
1696 1444 1726 1498 et
1734 1440 1813 1513 apud

118 1529 260 1598 motuque
272 1525 402 1583 eradicet
411 1530 501 1598 atquo
512 1528 671 1584 subvertat.
686 1529 741 1584 Sed
756 1544 823 1585 cum
838 1530 932 1585 nomi·
985 1527 1090 1597 Deum,
1116 1532 1145 1584 et
1168 1529 1247 1600 apud
1271 1528 1416 1587 homines.
1441 1530 1516 1585 Nam
1537 1529 1562 1586 si
1577 1532 1767 1586 evacuaverat
1781 1542 1813 1585 se

120 1616 327 1686 nenturgentes,
341 1619 370 1671 at
381 1631 481 1688 regna,
494 1616 590 1672 omnis
598 1617 648 1688 qui
659 1615 758 1673 divina
766 1617 856 1673 verba
866 1635 932 1676 sus·
987 1615 1085 1688 ipsum
1098 1616 1134 1671 ad
1146 1633 1199 1672 nos
1210 1617 1402 1686 descendeus,
1418 1621 1448 1674 et
1461 1633 1604 1675 evacuans
1617 1617 1748 1690 seipsum
1764 1632 1812 1674 re·

123 1701 182 1773 cipit,
204 1703 271 1759 nolo
297 1718 367 1760 eum
391 1704 580 1777 corporaliter
594 1704 755 1778 intelligere
779 1722 878 1779 regne,
904 1712 933 1764 et
987 1703 1117 1776 sumpsit
1130 1703 1237 1760 iterum
1251 1722 1286 1761 ea
1301 1706 1336 1762 de
1351 1706 1460 1778 quibus
1476 1722 1507 1761 se
1520 1705 1604 1778 prius
1614 1708 1813 1776 evacuaverat,

124 1791 932 1868 pube,sedconsideraneanimashominum(u)regnatas
987 1792 1057 1864 quid
1073 1791 1229 1866 indignum
1244 1798 1289 1849 est
1299 1794 1535 1872 proiecisseeum
1546 1793 1700 1866 sapientia,
1717 1795 1813 1867 prole·

125 1885 257 1952 apeecatn,
270 1881 358 1953 juxta
373 1881 402 1937 id
419 1883 496 1954 quod
514 1882 543 1937 in
557 1881 697 1955 Apostolo
713 1883 929 1954 scriptumest:
987 1880 1062 1937 cisse
1077 1885 1170 1951 atate,
1196 1882 1355 1954 proiecisse
1370 1883 1465 1955 gratia
1480 1884 1557 1956 apud
1572 1883 1675 1954 Deum,
1692 1887 1721 1938 et
1735 1882 1815 1955 apud

124 1965 166 2023 llm
176 1976 266 2040 regnet
286 1984 353 2042 erpo
374 1974 517 2042 peccatum
531 1972 562 2026 in
577 1978 661 2027 nestro
684 1972 801 2028 mortali
821 1988 933 2045 corpore
987 1969 1132 2042 homiues,
1157 1973 1186 2026 et
1206 1988 1273 2027 vera
1288 1971 1324 2027 de
1338 1987 1388 2028 eoa
1403 1987 1468 2028 esse
1483 1970 1540 2027 ieta
1554 1986 1617 2042 qua
1633 1969 1815 2032 dictasunt:

124 2054 191 2126 (lun.
202 2075 242 2126 v1,
255 2058 317 2128 12):
330 2058 433 2114 videns
443 2075 558 2132 quoque
568 2058 678 2116 multas
689 2059 802 2132 species
812 2060 933 2117 delicto·
986 2058 1154 2130 Priusquam
1176 2066 1317 2131 requescet
1339 2075 1410 2132 puer
1431 2060 1532 2116 benum
1554 2067 1603 2116 unt
1616 2059 1721 2116 melum
1736 2059 1815 2130 (leui.

125 2160 175 2201 rum
183 2144 347 2220 allegorizet
358 2162 448 2220 regns
459 2151 488 2203 et
497 2151 599 2220 gentes
610 2164 662 2219 per
670 2148 708 2220 (b)
719 2149 800 2204 varia
815 2149 932 2218 delicta,
986 2164 1038 2213 vu,
1056 2147 1112 2219 16),
1137 2152 1166 2202 et
1180 2163 1215 2203 ea
1229 2164 1294 2220 qua
1308 2148 1345 2204 de
1359 2149 1461 2205 eodem
1475 2146 1734 2221 interposuimus?
1756 2147 1815 2204 Sed

125 2247 176 2304 qua
187 2233 329 2292 humanas
346 2235 461 2292 animas
482 2237 701 2309 possederunt:
726 2240 755 2291 et
768 2236 831 2293 bae
844 2242 934 2295 eruut
988 2235 1065 2292 dicet
1072 2234 1145 2291 mihi
1154 2233 1412 2307 aliquistsstiamsi
1421 2238 1456 2308 (ῃ
1464 2240 1561 2309 potest
1570 2237 1606 2293 de
1616 2235 1765 2293 salvatore
1774 2235 1818 2293 iu-

127 2319 434 2393 quaevelleuturetque
446 2322 932 2395 suffodienturasermonibusDei,
987 2322 1078 2396 telligi
1103 2323 1214 2380 dictum
1236 2340 1300 2382 esse
1315 2325 1384 2396 quia
1398 2325 1519 2392 nesciat,
1543 2329 1573 2381 st
1592 2328 1695 2382 cetera
1709 2323 1816 2396 hinjus·

125 2406 166 2480 qui
176 2408 232 2465 dati
243 2410 376 2467 suntsive
390 2410 535 2482 ieremiae,
555 2411 615 2467 sive
628 2411 740 2467 caeteris
755 2411 876 2468 sanctis.
892 2413 935 2469 Ita
989 2412 1068 2469 modi
1083 2428 1148 2484 que
1162 2413 1276 2484 majora
1286 2417 1366 2480 suut,
1382 2399 1411 2469 et
1421 2413 1447 2469 si
1460 2429 1584 2486 puerum
1595 2429 1663 2469 eum
1674 2412 1814 2484 accipias,

124 2495 170 2564 let,
182 2498 384 2571 ntprimaquae
395 2515 454 2555 non
465 2499 935 2573 videbannturcongruereSalva-
989 2515 1085 2557 nonne
1100 2499 1222 2557 offendis
1237 2500 1295 2557 ista
1311 2500 1463 2558 sentiendo
1484 2501 1521 2559 de
1536 2499 1694 2575 unigenito,
1711 2505 1740 2557 et
1754 2499 1814 2573 pri·

123 2586 177 2655 teri,
189 2587 226 2644 ad
240 2587 401 2644 Jaremiam
413 2589 594 2646 referantur:
611 2593 641 2646 et
651 2590 780 2646 secunda
790 2590 827 2646 ab
838 2606 872 2646 eo
884 2590 935 2663 qui
989 2587 1136 2662 mogenito
1153 2587 1294 2645 universa
1309 2591 1467 2657 creaturae3
1489 2590 1525 2646 de
1541 2605 1574 2646 eo
1589 2588 1641 2661 qui
1656 2594 1816 2662 antequam

123 2673 166 2731 erit
176 2675 209 2749 (c)
221 2676 347 2750 figurate
360 2677 439 2734 dicta
451 2695 515 2750 quie
526 2678 691 2750 dictasunt,
699 2678 831 2735 deremie
843 2679 934 2752 dep'u·
989 2676 1200 2750 conciperetur,
1223 2678 1417 2735 annuntiatus
1432 2683 1489 2747 est,
1511 2676 1649 2750 loquente
1663 2675 1813 2734 Gabriele:

123 2766 213 2821 tantur.
989 2766 1232 2840 Spirituamnetus
1246 2767 1335 2822 veniet
1354 2782 1438 2838 anper
1459 2770 1497 2835 te,
1520 2773 1546 2823 et
1567 2767 1656 2823 virtus
1678 2764 1815 2823 ditissimi

149 2853 223 2913 [ticet
237 2854 313 2911 mihi
327 2853 435 2927 aliquis
445 2855 624 2925 auditorum,
637 2856 726 2913 etiam
736 2856 827 2914 alium
839 2857 936 2929 pande
989 2855 1161 2913 obrumbabit
1176 2863 1201 2911 te
1215 2854 1291 2926 (Luc.
1303 2872 1323 2927 1,
1336 2855 1402 2928 37):
1419 2859 1448 2911 et
1462 2855 1553 2912 audes
1568 2853 1664 2911 dicare
1680 2853 1748 2926 quia
1763 2868 1815 2910 ne·

76 3004 78 3025 Ι
121 2957 281 3015 ermonem,
298 2947 329 3000 et
349 2948 455 3001 cuncta
469 2961 533 3017 quie
560 2945 667 3018 scripta
684 2950 755 3003 sunt
769 2962 857 3018 snper
870 2944 937 3002 Sal·
989 2944 1063 3003 sciat
1086 2943 1195 3017 loqui?
1218 2944 1413 3010 Quamobrem
1428 2944 1530 3001 videbo
1546 2943 1571 3000 si
1586 2947 1686 3016 putero
1701 2941 1814 3016 aliquid

122 3036 216 3102 utere,
240 3033 328 3106 quasi
344 3033 380 3089 de
396 3032 434 3106 (d)
450 3050 483 3091 eo
497 3034 558 3090 sint
572 3035 691 3107 scripta,
707 3035 876 3092 constitue:
899 3035 935 3091 de
989 3033 1112 3106 dignum
1127 3033 1164 3089 de
1177 3031 1325 3089 salvatore
1339 3031 1369 3088 in
1385 3031 1440 3089 hoc
1455 3031 1518 3089 loco
1533 3031 1637 3088 allerre
1656 3030 1734 3103 quod
1758 3029 1813 3100 [Al.

123 3123 243 3180 mundis
254 3121 316 3180 noli
325 3138 391 3180 esse
404 3121 555 3180 sollicitus.
568 3126 694 3195 Apparet
703 3124 782 3179 enim
795 3123 864 3196 quia
873 3122 933 3180 Sal·
989 3122 1147 3195 quomodo]
1159 3122 1295 3194 quedam
1307 3121 1442 3178 nesciens
1452 3122 1547 3194 major
1557 3121 1605 3191 sit,
1617 3120 1642 3177 si
1652 3120 1814 3195 seignura-

121 3214 187 3266 utor
195 3208 388 3267 eradicaverit
398 3226 488 3283 regna
498 3210 616 3279 diaboli,
628 3216 658 3268 et
668 3211 801 3268 nationes
812 3212 931 3268 subver·
947 3194 969 3262 C
986 3211 1069 3278 verit,
1087 3227 1176 3282 quam
1191 3210 1216 3266 si
1231 3210 1340 3267 scierit.
1356 3211 1480 3267 Utamur
1494 3226 1562 3267 voce
1574 3211 1650 3282 ejus,
1666 3211 1813 3283 quomodo

123 3298 183 3369 terit,
199 3298 341 3373 gentilem
353 3299 509 3356 destruens
518 3299 618 3356 vitam.
638 3300 669 3355 ln
682 3300 748 3356 istie
759 3301 837 3372 quod
848 3300 933 3356 intel-
988 3300 1048 3356 sint
1062 3299 1162 3371 aliqua
1176 3315 1241 3371 quae
1256 3300 1378 3356 nesciat.
1405 3298 1566 3372 Respondit
1586 3298 1663 3357 πθ
1684 3298 1738 3368 eis,
1763 3297 1814 3371 qui

124 3383 213 3445 tectum
222 3387 377 3445 difficilem
389 3389 469 3459 lacit,
481 3388 535 3444 boc
545 3393 599 3457 est,
611 3389 759 3461 quomodo
770 3389 863 3461 possit
872 3388 933 3445 Sal·
988 3387 1045 3445 sibi
1061 3388 1215 3444 dicebant:
1231 3388 1327 3444 Nonne
1349 3390 1379 3444 in
1402 3390 1513 3444 nemine
1535 3397 1583 3444 tuo
1597 3387 1772 3458 comedimus,
1787 3393 1815 3443 et

126 3480 189 3533 mbr
200 3477 318 3534 dicere:
342 3477 437 3534 Nncie
453 3478 539 3550 toqui,
555 3479 621 3549 quic
631 3479 743 3549 juvenis
757 3493 806 3547 epo
820 3494 890 3548 aum,
906 3482 935 3534 et
988 3478 1020 3532 in
1033 3479 1145 3532 nomine
1157 3476 1341 3546 imbibimus,
1356 3484 1383 3533 et
1393 3477 1544 3533 innomine
1554 3483 1600 3532 tue
1611 3475 1749 3533 damonia
1759 3475 1814 3547 eje-

127 3569 218 3624 nura
233 3566 267 3622 ln
284 3565 340 3621 hoc
353 3580 489 3622 sermone
505 3566 730 3638 interpretantes
741 3565 777 3638 (e)
789 3582 935 3639 coangus·
988 3567 1086 3632 cimus,
1101 3567 1128 3621 et
1142 3567 1258 3620 uirtutes
1272 3563 1375 3621 multae
1398 3567 1541 3634 fecimus?
1564 3562 1698 3619 discedite
1720 3579 1738 3620 u
1759 3577 1814 3632 me,

128 3653 215 3710 batur.
230 3655 337 3712 iesum
353 3653 503 3709 Christum
518 3654 630 3711 solmus
645 3658 757 3712 Deum:
774 3655 935 3727 querimus
988 3669 1045 3709 nen
1058 3654 1122 3710 noui
1135 3668 1193 3724 vor,
1209 3653 1282 3725 (Μαι.
1300 3669 1350 3721 vu,
1366 3654 1424 3723 22).
1451 3657 1577 3709 Putasne
1590 3650 1646 3708 hoc
1660 3650 1737 3723 quod
1752 3650 1814 3707 ait:

128 3742 196 3798 verbs
217 3758 284 3815 qus
298 3742 461 3799 dictasunt
477 3743 562 3815 juxta
591 3759 720 3817 munnae
735 3758 877 3816 exponere
890 3744 935 3800 di·
988 3741 1048 3799 Non
1062 3744 1126 3797 noui
1140 3756 1196 3808 vos,
1212 3740 1355 3796 minorem
1371 3742 1436 3813 ejus
1451 3741 1588 3798 virtutem
1602 3740 1755 3813 approbat,
1776 3755 1815 3796 an

128 3828 267 3897 murem:
292 3836 473 3905 quapropter
498 3847 616 3888 necesse
639 3835 684 3890 est
703 3831 789 3888 nobie
803 3832 935 3904 Scriptu-
989 3827 1817 3902 majorematquemirnbilem,quiamalosperituroequs

128 3928 166 3972 ras
177 3923 288 3977 unctu
297 3921 329 3976 in
346 3919 547 3977 testimonium
563 3936 684 3977 vocare:
706 3936 814 3977 sensus
828 3919 937 3993 quippe
990 3916 1121 3976 nesciat?
1133 3917 1194 3974 Soit
1206 3917 1285 3974 enim
1297 3917 1336 3990 (q)
1346 3918 1383 3974 ab
1394 3917 1441 3974 his
1452 3917 1641 3987 differentiae,
1652 3916 1818 3975 scitmeliu·

131 4002 288 4065 'Monstri
298 4012 328 4066 et
338 4009 538 4065 enarrationes
548 4009 613 4066 sine
623 4008 660 4065 iis
670 4007 796 4066 testibus
810 4025 868 4065 non
884 4009 936 4065 ba·
990 4024 1032 4078 ra,
1042 4006 1248 4064 scitDuminus
1259 4021 1309 4063 eos
1319 4007 1370 4078 qui
1379 4006 1444 4078 ejus
1454 4010 1535 4074 sunt,
1544 4015 1572 4064 et
1582 4006 1607 4064 si
1615 4006 1817 4081 quisignorat,

128 4088 182 4152 tart
192 4095 300 4154 fldem:
316 4101 346 4154 et
359 4096 416 4153 boc
428 4098 505 4170 quod
517 4097 630 4154 dictum
643 4102 706 4154 est:
723 4099 755 4154 ln
765 4097 937 4154 oreduorum
989 4095 1154 4169 ignoratur.
1170 4096 1264 4169 lgitur
1278 4095 1323 4167 (ut
1337 4098 1463 4166 constat)
1486 4099 1621 4169 peccator
1634 4095 1787 4170 ignoratur
1801 4110 1820 4153 s

76 4187 77 4191 ’
129 4182 252 4243 nimium
264 4187 378 4243 testium
391 4187 475 4242 stetit
487 4202 567 4243 omne
577 4187 688 4243 vntum
702 4186 776 4260 (dut.
787 4203 869 4258 xviri,
881 4186 937 4260 16),
991 4189 1060 4241 Deo.
1084 4183 1167 4241 Dicet
1180 4183 1254 4240 mihi
1269 4183 1377 4256 aliquis
1392 4184 1429 4240 de
1443 4185 1647 4242 auditoribus:
1663 4183 1820 4243 ostendisti

76 4274 80 4343 ’,
130 4274 937 4349 mglsmnvenitadinterpretantisprobationem‚quam
992 4273 1061 4346 quis
1076 4271 1188 4329 nesciat
1202 4276 1368 4345 peccatores
1383 4276 1470 4344 Deus,
1487 4273 1640 4330 ostendisti
1655 4273 1818 4345 quisigno·

76 4358 80 4371 “
131 4360 414 4436 uquornmcumque
425 4364 579 4420 bominum
591 4380 766 4421 numerum:
780 4367 813 4421 ut
822 4365 938 4421 tlrmem
992 4365 1094 4419 rateos
1105 4361 1156 4434 qui
1168 4361 1532 4435 operantnriniqnitatem,
1542 4361 1723 4434 nequeenim
1735 4358 1819 4433 digni

76 4522 81 4531 ¹
131 4450 228 4509 mum
253 4450 423 4509 intellectus
447 4453 516 4525 mei,
536 4451 683 4525 accipiens
708 4452 888 4511 duostestes
902 4454 938 4509 de
993 4454 1064 4509 sunt
1073 4450 1221 4524 agnitione
1232 4451 1315 4522 ejus:
1333 4451 1480 4523 quomodo
1491 4449 1667 4523 approbabis
1677 4463 1820 4523 magnum

133 4548 185 4596 ture
198 4546 227 4598 et
240 4539 335 4598 veteri
348 4541 545 4609 Testamento,
562 4539 708 4613 accipiens
723 4546 783 4597 tres
798 4544 888 4599 testes
902 4542 938 4599 de
953 4560 976 4625 D
991 4546 1021 4597 et
1034 4539 1196 4614 gloriosum
1221 4554 1286 4595 esse
1310 4539 1387 4611 quod
1412 4539 1448 4594 ab
1468 4554 1502 4594 so
1518 4538 1628 4594 dictum
1644 4541 1707 4594 ost:
1722 4538 1819 4594 Nescio

134 4619 277 4703 bugella,
292 4629 329 4686 de
343 4628 497 4702 Propheta,
513 4630 549 4686 de
559 4629 706 4698 apostolo.
724 4629 771 4687 Sic
786 4629 865 4686 enim
875 4632 938 4687 sta-
993 4630 1086 4701 toqui?
1096 4627 1186 4701 Loqui
1196 4626 1407 4700 (b)bumanum
1417 4629 1509 4694 estet
1516 4625 1633 4700 eloquio
1640 4642 1758 4699 semper
1765 4625 1836 4683 uti·.

76 4714 86 4747 ¹
136 4707 255 4776 tuumne
270 4718 406 4775 verbum.
430 4718 581 4785 Quomodo
596 4718 686 4792 igitur
700 4717 864 4776 valebimus
883 4718 940 4776 ista
993 4718 1267 4787 mnr,verbicausa,
1278 4715 1465 4773 Hebraeorum
1476 4731 1556 4785 voce,
1571 4716 1818 4787 sivetlrscorum,

162 4928 739 5059 [ismenuspudemctusprorepuctuu
750 4933 940 4991 contraestin
995 4951 1069 5004 qere,
1085 4938 1114 4991 et
1127 4933 1214 5006 paulo
1230 4935 1306 5005 post,
1323 4948 1383 5004 qnae
1397 4934 1506 4989 minora
1520 4937 1595 4989 aunt.

140 4996 226 5060 Gletes
237 5001 466 5078 βασιλευομένας.
478 5004 615 5069 Quaedam
636 5005 741 5061 evloris
749 5005 890 5062 momenti
900 5006 942 5062 iu·
1032 5007 1069 5079 (q)
1077 4999 1340 5078 lnGraecoesltqvm
1348 5004 1399 5079 γὰρ
1408 5003 1441 5057 τὰ
1449 4999 1659 5080 dinqtpovrunul
1667 5022 1684 5057 κ
1703 5000 1818 5063 είττονα.

142 5065 210 5131 ledus
222 5076 416 5149 castigamus.
997 5076 1050 5133 Hic
1069 5076 1171 5149 lapsus
1183 5080 1227 5133 est
1247 5074 1459 5148 Hieronymus:
1476 5074 1532 5131 Scit
1545 5076 1620 5131 enim
1633 5075 1666 5132 et
1682 5021 1725 5131 die
1739 5075 1820 5149 diffe-

164 5142 271 5215 (billinc
279 5152 357 5204 recte
364 5147 602 5214 moestitudine,
610 5147 863 5204 emendandumin
870 5147 944 5204 Gra-
996 5150 1113 5215 reatina,
1142 5149 1191 5203 scit
1219 5147 1344 5215 metium,
1372 5147 1424 5202 ecit
1450 5147 1581 5202 Dominus
1603 5162 1657 5216 eos,
1686 5147 1734 5219 qut
1760 5149 1821 5219 rjais

143 5216 279 5272 umbre
291 5215 383 5295 φαῦλα
417 5221 483 5275 rout
491 5218 686 5290 Hieronymus
698 5217 817 5292 legerat,
833 5235 885 5291 pro
897 5217 943 5273 nul
997 5228 1072 5277 sunt.
1098 5219 1204 5276 Verte:
1229 5219 1312 5274 Novit
1334 5219 1408 5273 enim
1428 5219 1623 5289 praestantiore
1645 5220 1671 5274 et
1693 5218 1819 5277 meliora.

143 5278 266 5360 desta,
279 5291 358 5363 quod
373 5236 484 5346 lidrarii
499 5294 543 5346 eet
556 5290 706 5346 mendum.
998 5295 1140 5347 Euenus.

171 5356 256 5483 epla.
266 5364 336 5435 Reg.
348 5361 426 5435 apud
437 5360 586 5432 lluetium,
595 5359 939 5432 flqurctequaedictcsunt.
1034 5363 1073 5435 (t)
1089 5366 1144 5418 Pro
1161 5360 1255 5432 toqui,
1278 5360 1357 5431 quod
1372 5360 1459 5432 jnxta
1473 5358 1605 5416 Graecum
1619 5359 1651 5414 τὸ
1666 5357 1772 5434 λαλεῖν,
1787 5377 1821 5419 οι

209 5430 297 5489 lidum
312 5449 398 5500 mss,
412 5431 446 5488 de
459 5434 523 5488 lieo.
1000 5434 1119 5489 Rabano
1135 5430 1331 5504 reposuimus,
1346 5435 1409 5488 erat
1422 5430 1502 5503 qued,
1518 5434 1629 5504 nispe
1638 5449 1690 5506 pro
1704 5447 1819 5505 semper.

170 5514 185 5554 e
203 5500 292 5560 Penes
305 5503 470 5569 babucum,
485 5518 575 5559 sermo
590 5504 798 5574 interpretantis
812 5518 944 5575 cocnpus·
1000 5505 1056 5561 Sed
1072 5503 1185 5560 utillud
1207 5502 1293 5573 paulo
1313 5505 1393 5574 post,
1417 5503 1474 5559 sive
1497 5503 1664 5576 reliquorum
1686 5519 1821 5575 amone,

136 5572 205 5641 fler,
229 5575 359 5645 pressius
382 5575 418 5631 ad
441 5573 573 5631 Granum
589 5573 603 5626 ὁ
619 5569 652 5627 ld
673 5593 703 5635 ος
719 5578 939 5649 monogamiam.
1000 5575 1116 5647 longius
1132 5590 1150 5630 a
1164 5574 1262 5631 Gracc
1278 5572 1377 5641 distat,
1392 5589 1480 5646 quam
1495 5575 1572 5648 quod
1587 5574 1659 5660 legit
1669 5575 1820 5654 Manus,

162 5641 635 5720 (daummeurminmunu
689 5645 946 5708 sutveureinutti'·
1001 5647 1236 5724 Qmmmcumqne
1248 5661 1314 5729 erge
1327 5645 1665 5728 nummiiuundmr,
1678 5650 1734 5713 eta.
