3818 6104
51 263 133 329 mii
396 266 771 334 conmuusaulouuat
792 271 832 331 lN
854 265 1088 331 ZACHARIAM
1109 271 1185 332 LlB.
1207 269 1231 332 l.
1255 269 1341 333 che.
1363 267 1417 333 lv.
1678 274 1761 338 late

50 397 139 456 tium.
155 398 240 458 Sicut
250 399 329 457 enim
343 401 419 459 812
434 404 574 458 amanum
589 401 627 458 ab
653 400 720 475 igne
744 400 803 460 alia
817 416 878 458 me·
893 407 922 475 A
936 417 999 474 que
1006 378 1397 475 Hebraioesruruoaoralll.
1412 402 1598 477 Sinthurotb]
1613 405 1759 482 (naama),

49 487 124 545 telle
138 487 279 558 defendit,
293 494 401 547 etcum
417 490 457 548 sit
469 494 576 547 natura
590 507 629 547 ses
645 491 813 563 ferrumque
829 491 880 547 du·
933 494 1029 546 Graece
1038 488 1195 565 μυξωτῆρες
1205 490 1399 564 appellantur,
1412 491 1461 564 qui
1477 496 1507 549 et
1518 492 1575 564 ipsi
1590 494 1649 550 duo
1665 493 1760 567 μυξω-

50 577 217 646 rissimum,
235 578 259 635 si
276 579 389 653 absque
404 584 510 636 amnuo
525 579 623 650 tuerit,
653 579 750 635 uritur
775 583 805 636 et
818 596 879 636 ore·
932 598 1026 653 τηρες,
1041 582 1288 652 superquosdue
1299 580 1386 652 apicas
1397 580 1524 651 sunt,vel
1540 581 1598 639 duo
1614 582 1688 639 rami
1704 583 1758 640 oli·

49 671 161 735 matur,
177 666 220 723 sio
235 667 512 741 omnisangalorum
523 671 553 725 et
563 666 716 724 hominum
729 668 880 733 tortitudo,
933 685 1036 725 varum
1046 669 1081 724 de
1091 668 1587 742 europurissimosuntcumqueet
1597 671 1633 727 de
1644 672 1760 730 duobus

49 754 78 813 ei
93 770 151 810 non
167 754 303 812 babuerit
316 755 459 812 auxilium
471 754 640 825 Salvatoria,
653 755 801 813 imbecilla
815 772 880 829 pro·
935 757 1027 813 ramis
1041 757 1182 830 propbeta
1195 761 1346 829 quareret,
1356 762 1386 813 et
1395 774 1514 813 rursum
1529 758 1761 834 interrogaretur

50 842 323 916 baturetlragilis.
340 844 538 917 Lapiaautam
555 844 621 913 iste,
650 843 680 901 id
695 849 750 912 eet,
771 860 881 911 massa,
936 847 972 903 ab
983 844 1096 918 angelo,
1108 849 1277 902 utrumnam
1289 845 1376 901 sciret
1388 846 1437 919 qui
1449 845 1506 902 duo
1521 847 1595 903 rami
1609 847 1760 921 signitica-

51 931 107 1004 qul
121 931 199 1004 apud
215 932 450 989 llebraoeaanu.
464 930 612 1000 scribitur,
626 931 656 988 id
670 937 725 1004 est,
740 937 880 1001 stanneus,
936 939 1011 1005 rent,
1022 940 1051 991 et
1060 932 1110 990 illa
1120 934 1261 991 dixisset:
1290 950 1356 1002 nou,
1375 936 1509 991 Domine:
1540 937 1690 1009 respondit
1704 954 1761 993 an·
1803 1003 1805 1007 ,

50 1015 262 1094 ἰτυμολογεῑται
278 1019 473 1095 ἀποχωρὶζων,
490 1020 519 1076 id
545 1025 590 1078 est
602 1036 743 1094 separans,
758 1024 787 1077 et
800 1037 885 1078 secem
936 1023 1020 1097 gelus
1034 1023 1167 1080 Domini.-
1177 1025 1226 1080 lsti
1239 1033 1304 1080 sunt
1318 1023 1372 1080 duo
1384 1025 1439 1094 {ilii
1454 1025 1553 1091 otei,ut
1566 1026 1760 1099 Symmachus

50 1110 487 1182 mutquomodostaunum
499 1109 883 1167 mixtaetadulteratainter
935 1112 1038 1178 voluit,
1054 1111 1168 1184 sive(a)
1191 1107 1400 1181 στιλπνότητος,
1429 1119 1461 1168 ut
1488 1113 1699 1185 interpretatus
1714 1117 1760 1170 oet

52 1214 88 1256 se
101 1197 263 1272 perignem
275 1197 617 1255 metalladisaociattita
638 1197 782 1255 Dominus
796 1215 883 1257 verus
936 1200 1051 1273 Aquila,
1066 1201 1094 1256 id
1111 1204 1166 1271 est,
1179 1201 1350 1273 splendoris:
1378 1201 1423 1258 vel
1452 1199 1613 1269 ποὶοτητος,
1634 1201 1689 1257 boc
1704 1207 1760 1270 est,

52 1286 195 1361 probator
209 1290 238 1343 et
251 1287 395 1361 χωνευτὴς
410 1287 446 1344 ab
461 1303 534 1345 auro
548 1291 577 1344 et
592 1292 713 1361 argento
737 1287 883 1345 bonorum
934 1288 1127 1363 pinquedmrs,
1143 1294 1176 1346 ut
1188 1293 1337 1346 verterunt
1352 1290 1561 1363 Septuaginta:
1574 1286 1761 1366 autlaprrpt·

52 1391 178 1448 operum
193 1392 232 1432 es
246 1376 385 1432 vitiorum
401 1374 616 1449 plumbumque
631 1380 774 1444 secernat,
785 1380 818 1432 ut
832 1392 884 1449 pu·
936 1397 1031 1446 τητος,
1045 1376 1073 1433 id
1084 1381 1138 1446 est,
1149 1377 1301 1449 claritatis,
1319 1382 1351 1434 ut
1359 1377 1519 1435 'l'beodotio
1527 1378 1696 1437 transtulit:
1712 1381 1764 1453 qui

52 1479 122 1520 rum
133 1480 240 1520 aurum
255 1468 441 1520 remaneatel
453 1463 807 1537 argeutumhliisverbis
818 1463 883 1520 dero·
937 1467 1395 1524 assiduntDomirratoriaaiuersae
1404 1477 1496 1525 terrae.
1507 1467 1762 1526 Deduabusolivis

52 1549 254 1629 puplquniate
269 1556 299 1608 et
313 1556 463 1624 separator
478 1554 508 1608 iu
537 1550 692 1626 Evangelio
723 1553 882 1610 scribitur:
937 1572 1002 1628 qua
1013 1556 1136 1613 erantud
1145 1557 1294 1613 dexteram
1306 1555 1450 1628 lampadis
1460 1561 1488 1613 et
1498 1557 1762 1630 sinistram,eupra

59 1639 148 1711 Cuius
157 1641 380 1698 cmtitabrumiu
387 1657 472 1697 manu
491 1650 583 1706 sua,et
592 1643 884 1715 ipsepurqotitareum
937 1644 1075 1717 legimus,
1085 1645 1121 1700 lit
1130 1645 1324 1701 idcirconunc
1336 1645 1520 1718 interrogans
1531 1663 1620 1718 super
1633 1646 1679 1703 his
1694 1663 1761 1718 pro-

48 1745 146 1798 sucsu,
160 1735 188 1786 et
201 1731 341 1802 separabit
350 1731 447 1803 pateas
461 1746 479 1785 c
493 1731 585 1787 tritico
596 1733 672 1801 (luc.
690 1747 733 1800 111,
750 1731 807 1802 17),
832 1729 882 1803 qui
939 1733 1038 1806 pheta,
1051 1749 1110 1789 non
1122 1739 1251 1790 meretur
1261 1734 1373 1802 audire,
1385 1735 1455 1806 quia
1467 1735 1630 1807 prioranon
1642 1735 1761 1804 retinet,

53 1816 668 1891 clamatperteremirmzouidpatcs'sad
691 1822 885 1891 trumentum!
938 1821 998 1876 sive
1008 1821 1085 1894 quod
1098 1820 1138 1877 ibi
1154 1821 1308 1878 obscurius
1322 1822 1432 1877 dictum
1448 1822 1561 1892 aethio
1577 1823 1762 1881 manifestius
1793 1858 1797 1865 ·

50 1907 125 1966 dicit
138 1908 271 1963 Dominus
285 1908 350 1975 (ter.
367 1907 800 1980 xx1u,28).lllultinoetrorum
817 1925 883 1967 ma·
938 1909 1040 1965 audire
1053 1908 1209 1977 desiderat,
1219 1915 1269 1967 aut
1278 1914 1354 1967 certe
1364 1909 1478 1966 silentio
1487 1910 1583 1984 angeli
1595 1912 1763 1969 contutatur

52 2011 116 2053 nna
129 1995 299 2065 Zorobabel,
315 1996 364 2068 qui
383 1997 547 2053 fundaverit
561 1997 694 2066 domum,
710 2001 740 2053 et
749 1998 811 2070 ipse
822 2014 884 2070 per·
938 1999 1001 2069 ejus
1017 1995 1187 2070 pertinacia,
1203 1998 1282 2070 quod
1297 1998 1411 2070 majora
1438 2013 1470 2054 ae
1498 1999 1572 2054 scire
1592 2000 1763 2069 contendat,

50 2084 158 2143 recem
169 2101 244 2151 eam,
256 2084 405 2141 Christum
418 2085 657 2158 interpretentur.
675 2086 796 2152 Quodsi
813 2086 884 2143 reoi-
938 2102 1120 2160 quamquam
1136 2086 1248 2142 llebrei
1262 2086 1328 2143 ideo
1344 2102 1410 2143 eum
1427 2088 1463 2143 de
1477 2085 1561 2144 olivia
1575 2087 1763 2161 interrogan-

50 2173 165 2248 pimua,
180 2189 321 2246 cogemur
334 2190 478 2246 exponere
493 2174 563 2247 quid
579 2173 619 2233 eit
645 2173 722 2247 lapis
741 2181 884 2233 stanneus
938 2179 1010 2243 tem,
1023 2174 1096 2231 nihil
1111 2175 1231 2232 audisse
1240 2173 1424 2247 confirment,
1437 2175 1508 2246 quia
1518 2191 1576 2232 non
1589 2176 1663 2232 bene
1676 2177 1765 2234 inter·

50 2261 84 2321 in
100 2261 371 2320 manuZorobabel.
388 2263 488 2335 Neque
504 2262 628 2319 enimin
654 2280 743 2320 manu
765 2263 882 2337 Christi,
938 2262 1060 2335 rogavit,
1077 2267 1233 2319 nectatum
1250 2263 1400 2335 quesierit
1411 2265 1490 2334 quod
1515 2264 1590 2319 scire
1608 2263 1762 2322 debuerat.

49 2350 189 2408 Christus
203 2351 279 2408 alius
294 2352 503 2425 approbandus
513 2352 581 2408 esti
591 2352 667 2409 Licet
677 2352 799 2425 quidam
810 2351 883 2426 lapi·
938 2350 1069 2422 Denique
1077 2354 1178 2422 postea
1188 2350 1302 2423 plenius
1310 2350 1476 2406 sciscitatur
1486 2351 1707 2424 addens,spioas
1717 2351 1762 2410 vel

51 2440 125 2498 dem
151 2445 308 2497 stanneum
337 2457 443 2514 corpus
471 2439 588 2498 Domini
616 2441 789 2514 acceperint,
806 2442 883 2514 quod
938 2438 1763 2511 ramosolivarum,dequibussupratacuerat:ibienim

50 2528 148 2589 nullis
162 2534 347 2603 peccatorum
363 2528 449 2586 luerit
469 2529 594 2587 maculis
621 2530 814 2599 sordidatum,
831 2547 884 2588 nec
938 2527 1032 2582 dixit:
1048 2526 1119 2596 Quid
1134 2526 1276 2584 suatduae
1303 2528 1382 2583 oliva
1409 2527 1493 2583 istut
1520 2527 1568 2583 hic
1582 2529 1762 2603 interrogat:

48 2615 196 2693 plumbus
218 2619 384 2687 vocetur,ad
396 2622 535 2675 amanum
548 2619 751 2691 purissimum.
767 2620 883 2692 Septem
939 2615 1010 2684 Ouid
1024 2620 1089 2672 suut
1098 2615 1252 2688 duaespica
1261 2616 1426 2672 olivarum?
1438 2620 1627 2693 μεταφορικῶς
1639 2619 1718 2689 quod
1731 2618 1763 2675 in

48 2711 155 2764 autem
170 2707 281 2779 oculos,
298 2708 348 2781 qui
363 2707 534 2764 discurrunt
546 2707 577 2763 in
602 2707 739 2764 universa
753 2713 840 2777 terra,
854 2712 885 2766 et
939 2704 1763 2778 moremapicarum(hlreotesintarborea,etquasiepicsr

48 2800 160 2854 cuncta
174 2794 347 2868 dijudicant,
364 2813 456 2868 supra
471 2795 674 2869 exposuimus,
692 2800 805 2869 septem
819 2813 884 2854 case
939 2793 1049 2860 aristis,
1064 2793 1106 2850 sic
1119 2793 1182 2849 iste
1197 2791 1273 2850 vallo
1281 2793 1410 2865 quodam
1418 2810 1568 2851 ramorum
1578 2800 1668 2868 atque
1678 2795 1762 2853 lolio·

50 2882 198 2958 spiritus:
216 2889 245 2941 et
259 2885 336 2958 quod
348 2884 442 2941 Deum
466 2883 540 2940 nibil
561 2883 661 2953 lateat,
684 2884 735 2956 qui
759 2889 788 2945 et
811 2901 884 2957 pre·
938 2881 1245 2939 rumtecteaintetin
1257 2883 1385 2939 sublime
1400 2887 1564 2957 surgentes.
1584 2885 1659 2940 Duas
1671 2884 1763 2943 olivas

13 2976 24 2987 '
50 2973 223 3042 teritorum,
239 2973 527 3046 etpraaentium,et
554 2973 720 3029 futurorum
744 2972 880 3029 conscius
938 2971 1216 3045 quidameuostris
1231 2971 1308 3029 814
1336 2973 1442 3029 lilium
1471 2974 1712 3046 interprotantur,
1734 2980 1765 3033 ot

48 3067 109 3130 est,
124 3065 153 3119 et
168 3061 265 3120 reddit
281 3061 440 3134 unicuique
456 3062 619 3118 secundum
635 3077 723 3134 opera
738 3077 804 3130 sua,
818 3077 882 3118 ma·
937 3060 1078 3134 Spiritum
1093 3065 1240 3128 sanctum,
1253 3066 1282 3117 et
1292 3060 1419 3118 mediam
1429 3059 1597 3135 lampadem
1607 3063 1700 3120 Deum
1712 3063 1764 3121 Pe-

47 3149 133 3207 xime
146 3167 214 3207 cum
229 3151 259 3206 in
275 3167 399 3222 persona
414 3151 577 3223 separantis
591 3150 685 3207 bonos
699 3167 717 3207 a
740 3149 837 3218 molis,
852 3137 917 3207 etC
935 3154 1021 3206 trem.
1033 3150 1089 3206 Sed
1100 3149 1198 3206 nescio
1209 3150 1355 3222 quomodo
1367 3150 1677 3225 absqueblaspbemia,
1692 3152 1763 3211 alte·

50 3238 222 3296 conflatoris
237 3238 394 3296 advenerit.
936 3255 1002 3294 rum
1019 3255 1037 3295 a
1051 3239 1174 3307 dextris,
1183 3237 1308 3295 alterum
1319 3239 1466 3312 accipiant
1476 3256 1493 3295 a
1503 3240 1643 3299 sinistris.
1655 3241 1765 3300 Remos

88 3327 184 3400 (Vera.
200 3329 231 3384 11
248 3328 343 3401 seqq.)
358 3329 390 3383 lit
404 3328 540 3400 respondi,
555 3328 653 3385 ctdr'zet
666 3327 702 3384 ad
711 3345 794 3385 eum:
812 3327 882 3397 Ouid
937 3345 1063 3401 quoque,
1076 3329 1137 3382 sive
1148 3328 1242 3400 apicas
1253 3327 1406 3395 olivarum,
1417 3328 1648 3387 incarnationem
1664 3331 1764 3388 Salva-

48 3425 120 3474 suat
130 3417 285 3475 tuaeoiivec
295 3419 356 3474 istae
365 3416 403 3473 ad
412 3416 882 3486 dexterumcundetobriptcdsini·
935 3417 1007 3472 toris
1017 3420 1047 3472 et
1056 3415 1279 3472 similitudinem
1291 3414 1434 3472 columbe
1447 3417 1574 3490 Spiritus
1585 3419 1677 3474 sancti
1688 3419 1765 3475 edie-

48 3511 141 3564 strum
155 3506 272 3577 ejectus
285 3505 415 3579 respondi
422 3504 552 3572 secundo,
562 3507 590 3561 ct
598 3504 882 3572 dicicdeum:Quid
936 3508 1047 3574 serunt,
1063 3503 1134 3576 quia
1154 3508 1230 3559 totas
1257 3503 1347 3559 olives
1375 3503 1473 3560 videre
1502 3521 1694 3576 nequeamus,
1710 3506 1764 3562 sed

47 3593 189 3653 suatduae
202 3596 283 3667 spicae
296 3596 446 3660 olivarum,
462 3607 527 3666 quac
540 3597 604 3650 sunt
614 3593 699 3665 juata
714 3593 769 3665 [Al.
785 3593 879 3665 super]
935 3598 1046 3666 partem
1056 3593 1215 3665 quamdam
1225 3594 1264 3658 et,
1275 3598 1308 3647 nt
1318 3591 1360 3648 ita
1369 3592 1464 3648 dicam
1471 3593 1655 3651 ramusculos
1667 3595 1762 3652 incar-

52 3683 112 3740 duo
125 3687 217 3739 rostra
228 3685 355 3751 aeremia
365 3685 540 3755 quitassent
549 3680 883 3754 suffusoriaeueurotdt
936 3680 1062 3737 nationis
1072 3679 1190 3749 Christi,
1206 3683 1235 3737 et
1245 3679 1423 3736 ostensionis
1431 3681 1559 3753 Spiritus
1569 3682 1663 3738 sancti
1676 3683 1762 3741 nobis

47 3775 98 3830 uit
112 3771 149 3828 ad
161 3787 206 3828 me
217 3772 308 3828 dicem
319 3790 328 3827 :
340 3771 480 3844 Numquid
489 3773 578 3828 nescis
587 3769 654 3843 quid
672 3774 739 3828 suat
752 3769 833 3828 hac‘l
847 3771 882 3827 Et
935 3785 1000 3825 esse
1015 3772 1204 3826 monstratos.
1218 3768 1272 3824 Alii
1285 3769 1343 3824 duo
1358 3767 1527 3842 intelligunt
1535 3774 1732 3843 Testamenta,
1744 3788 1762 3828 a

48 3860 196 3932 diximum,
206 3860 316 3917 domim
334 3861 425 3917 milli
438 3861 527 3916 dicit:
541 3861 591 3915 lstr'
603 3864 667 3916 suut
679 3860 733 3917 duo
747 3860 803 3931 filii
815 3860 880 3931 otei,
936 3858 1046 3915 dextris
1060 3858 1263 3935 Evangelinm,
1278 3874 1296 3914 a
1310 3857 1440 3913 sinistris
1455 3857 1572 3931 Legem,
1587 3874 1622 3915 oo
1637 3861 1716 3932 quod
1727 3860 1758 3917 in

49 3952 103 4024 qru‘
116 3951 249 4005 assistunt
263 3949 437 4006 Domiaatori
450 3950 585 4005 uniuersa
614 3952 707 4006 terrem
734 3948 826 4006 bllll:
848 3950 881 4006 lit
935 3945 1026 4002 altero
1042 3945 1205 4019 spiritualis
1219 3962 1324 4003 sensus
1335 3945 1384 4018 sit,
1394 3945 1425 4002 in
1436 3947 1527 4003 altero
1537 3947 1764 4021 corporalis:et

48 4038 195 4111 respondi,
209 4047 235 4095 et
249 4038 311 4094 dici
320 4037 356 4094 ad
366 4055 445 4094 eum:
456 4038 526 4107 Quid
537 4040 599 4093 suut
609 4038 673 4095 duae
688 4039 769 4096 olivae
791 4040 850 4095 ista
863 4056 882 4095 a
936 4036 1014 4109 quod
1028 4052 1081 4092 neo
1091 4040 1185 4092 totum
1196 4035 1396 4108 Drangelium,
1412 4051 1464 4092 nec
1478 4040 1570 4093 totam
1591 4037 1697 4111 Legem
1712 4054 1763 4094 ex·

46 4126 880 4199 dextrrscurrdeiahri,etosiuiuristdtiutmoqcuisccuudo,
936 4123 1056 4199 planare
1072 4125 1231 4198 possimus,
1245 4129 1272 4181 et
1284 4141 1359 4181 auur
1372 4129 1497 4199 exparte
1518 4141 1721 4198 repararemus,
1736 4135 1764 4184 et

49 4222 81 4274 et
91 4217 157 4274 dici
168 4215 203 4272 ad
212 4232 275 4273 eum
284 4235 295 4272 :
304 4216 378 4287 Quid
392 4224 454 4273 suut
467 4215 521 4271 duo
535 4217 609 4272 rami
623 4217 773 4283 eticorum,
789 4217 838 4288 qui
852 4217 882 4273 iu
936 4229 972 4269 er
983 4223 1065 4285 parte
1077 4213 1266 4286 proplietrmru
1280 4215 1303 4282 (l
1317 4216 1381 4272 cor.
1397 4215 1763 4294 1111,s),er·needumpos·

47 4306 185 4364 mamitus
194 4305 513 4363 Sltduarumuarr'um
526 4320 676 4361 aurearum
685 4310 762 4371 suut,
781 4312 807 4362 et
820 4320 883 4378 qum
937 4303 1032 4359 aimus
1042 4301 1205 4376 intelligere
1218 4304 1295 4376 quod
1307 4303 1468 4376 perfectum
1480 4308 1535 4360 est.
1546 4303 1622 4359 Sunt
1632 4304 1764 4376 qniduos

48 4393 211 4470 &madunt
225 4399 253 4451 et
266 4395 412 4452 retrahunt
426 4394 577 4467 suffusoria
591 4410 689 4450 aureo.
715 4395 749 4449 Et
761 4393 835 4450 dicii
847 4395 883 4450 od
937 4407 1035 4448 manoe
1045 4390 1189 4448 olivarum
1199 4390 1243 4447 vel
1254 4392 1329 4448 duas
1339 4392 1478 4464 aptasset
1488 4391 1565 4447 illios
1575 4391 1764 4464 pinguedinis

47 4499 121 4542 mc:
146 4483 238 4541 Nescis
266 4483 333 4558 quid
359 4491 424 4541 seuit
447 4483 506 4542 haec
517 4482 531 4538 i
543 4491 568 4540 ct
592 4483 655 4540 diri
668 4500 678 4538 .·
693 4483 881 4556 Nequaquam,
897 4501 922 4568 Ι)
937 4479 981 4536 vel
997 4479 1174 4554 splendoris,
1191 4480 1385 4537 sacerdotium
1415 4480 1643 4552 interpretentur
1665 4484 1695 4536 ot
1709 4480 1764 4536 Le-

48 4571 177 4629 doms'ae.
195 4573 228 4629 lit
256 4575 318 4628 ait:
343 4574 391 4629 lati
405 4572 535 4630 suutduo
564 4573 618 4628 tilii
632 4571 821 4645 pinquedinis,
836 4575 885 4644 qui
937 4585 1016 4642 gem,
1030 4586 1095 4642 que
1110 4570 1256 4642 prebeant
1269 4569 1409 4641 gaudium
1434 4568 1575 4624 universe
1591 4572 1685 4624 terrae
1706 4567 1764 4624 Alli

47 4661 190 4719 murram
205 4662 321 4717 Domino
335 4663 473 4719 universae
488 4669 578 4717 terrm
604 4660 804 4734 Interroganta
818 4676 885 4733 pro·
938 4658 1036 4714 Enoch
1046 4663 1075 4713 et
1085 4657 1190 4726 Ellam,
1202 4673 1329 4729 quorum
1345 4655 1418 4714 alter
1435 4657 1466 4712 in
1478 4657 1630 4730 preputio,
1643 4656 1717 4713 alter
1732 4656 1763 4714 in

48 4749 145 4826 pheta
159 4748 517 4823 quideignitlcarentduas
532 4747 622 4816 olive,
651 4766 776 4822 quarum
790 4747 884 4809 ultera
938 4743 1474 4817 circumcisioneplacuitDeo‚etcum
1485 4749 1717 4819 corporeraptus
1732 4745 1763 4801 in

49 4839 157 4897 stabat
172 4839 208 4895 ad
224 4838 357 4896 dextram
372 4836 552 4903 candelabri,
568 4838 660 4894 altera
673 4838 710 4894 ad
722 4837 883 4909 sinistram,
939 4833 1043 4890 coelum
1060 4833 1192 4907 aarum.
1207 4852 1234 4900 v,
1249 4843 1274 4891 et
1290 4833 1302 4890 1
1317 4835 1380 4904 deq.
1398 4836 1440 4906 u).
1465 4838 1521 4891 Pro
1547 4833 1712 4907 splendore,
1734 4837 1764 4892 et

48 4926 201 4989 Dominus
215 4927 276 4984 sive
291 4926 413 5002 angelus
428 4925 544 4983 Domini
573 4925 669 4983 noluit
697 4929 882 5001 respondere.
939 4921 1013 4994 oleo,
1023 4921 1249 4996 etpinguedine,
1258 4926 1287 4980 et
1294 4921 1437 4991 claritate,
1447 4923 1477 4979 in
1489 4922 1629 4980 Hebraico
1637 4922 1764 4996 legimus

50 5015 141 5082 Quod
156 5015 300 5088 propheta
313 5014 492 5088 intelligens,
509 5015 638 5071 secundo
664 5015 841 5083 sciscitatur,
855 5022 885 5073 et
939 5029 1021 5069 ressa
1033 5011 1231 5084 (cattljuxta
1239 5010 1311 5068 illud
1321 5012 1398 5085 quod
1409 5012 1445 5068 de
1469 5012 1576 5085 gaudio
1591 5011 1765 5070 etlelicitste

49 5104 129 5163 dicit
141 5121 148 5159 :
160 5104 234 5169 Ouid
246 5108 316 5161 sunt
328 5103 392 5160 dua
404 5102 490 5176 spica
498 5102 560 5159 ista
581 5101 733 5175 olivarum,
752 5103 813 5161 sive
825 5105 884 5162 duo
939 5104 1107 5157 sanctorum
1119 5100 1148 5156 in
1156 5100 1430 5173 Psalmisscriptum
1439 5106 1498 5158 eat:
1507 5100 1720 5157 inebriabuntur
1728 5100 1764 5157 ab

50 5192 159 5252 tami?
174 5193 209 5249 de
225 5193 390 5249 minorihus
403 5191 599 5266 interrogans,
614 5191 753 5264 quoniam
773 5194 887 5266 majora
939 5192 1072 5255 ubertate,
1085 5190 1146 5246 aive
1157 5189 1491 5263 pinquedr'mdomussua
1511 5190 1599 5259 (Psoi.
1614 5206 1698 5258 xxxv,
1712 5189 1763 5263 Di:

49 5280 162 5342 audire
176 5298 234 5338 non
251 5279 369 5338 meruit.
383 5280 446 5337 Duo
474 5283 572 5336 autem
600 5279 649 5336 isti
677 5281 752 5336 rami
767 5286 837 5338 sunt
854 5281 885 5339 iu
938 5277 1038 5348 πιότης
1054 5276 1250 5352 [diminutos]
1265 5277 1343 5334 enim
1359 5279 1454 5350 magis
1472 5279 1763 5352 piaquediuemquam

49 5386 149 5430 manu
161 5370 287 5428 duarum
300 5368 427 5438 nemum,
440 5368 500 5426 aive
510 5383 599 5442 super
609 5368 666 5425 duo
681 5373 776 5426 rostra
786 5384 884 5440 auree,
938 5368 1091 5426 ubertatem
1103 5372 1199 5425 sonat.
1214 5367 1281 5425 lieo
1294 5367 1492 5442 utquieimus,
1503 5372 1531 5425 et
1546 5373 1579 5427 ut
1592 5368 1669 5426 vires
1681 5368 1763 5445 inge·

80 5540 135 5665 qu)
149 5582 263 5647 Crater.
278 5584 366 5666 epist,
381 5584 418 5647 cr
432 5583 475 5650 ed
485 5581 654 5651 renarra.
663 5599 749 5647 cam·
763 5584 809 5649 ll.
975 5584 1013 5663 (t)
1027 5581 1215 5649 Nartienaus
1229 5583 1351 5647 retinuit
1364 5588 1442 5651 aue
1454 5585 1512 5648 dat
1525 5584 1650 5655 urtam·
1735 5626 1745 5649 1
