3840 6098
84 319 163 390 litt
456 325 828 396 cudutnraaltuutt
850 329 889 394 lli
911 326 1104 395 creaasti
1125 328 1201 395 tls.
1223 329 1247 395 1.
1266 331 1351 397 (lbl’.
1374 331 1414 399 ll.
1706 324 1783 400 tttl

83 457 159 516 tium
175 458 417 518 tenebrosorum:
434 462 483 534 qui
499 479 566 519 curn
581 463 668 520 erecti
696 463 805 520 luerint
827 463 907 520 velut
919 466 948 533 Α
962 467 1132 536 persecutus
1147 463 1281 521 innibili.
1291 464 1372 531 Quod
1386 465 1410 523 si
1421 466 1467 525 cui
1477 465 1594 526 videtur
1602 465 1692 525 nimis
1700 481 1783 526 crisc-

84 548 190 605 cedrus
206 548 306 605 Libani
323 555 508 607 transeuntes
518 551 906 620 cummnndo,locuseorum
935 627 938 630 y
960 556 1037 623 tum,
1048 557 1077 609 et
1087 555 1349 628 contrascripture
1363 554 1582 630 simplicitatem
1594 556 1716 613 artificio
1731 572 1783 629 po·

84 653 143 694 non
159 639 407 710 poteritinveniri.
839 643 842 650 '
961 642 1021 698 tius
1036 641 1153 715 eloquii,
1170 660 1258 716 quam
1273 661 1342 700 vera
1357 644 1597 719 interpretatione
1612 645 1784 713 dissertum,

118 727 204 784 LXX:
222 729 348 798 Surpeet
363 724 487 799 ambula,
504 732 692 801 quiauouesl
716 733 766 788 tibi
794 731 839 787 tic
866 749 908 789 re·
959 730 1004 787 vel
1019 732 1312 805 priorem,velquam
1328 733 1391 807 ipse
1407 735 1546 807 repererit
1575 735 1785 809 expositionem

82 817 170 888 quies.
186 817 330 872 iubemur
341 817 371 873 in
388 817 478 875 nullis
494 819 597 876 mundi
612 819 810 893 rebusputare
821 820 907 878 nobis
961 824 1111 891 sequatur.

82 905 235 978 requiem;
252 906 301 961 sed
319 907 405 978 quasi
422 924 438 962 a
453 908 576 964 mortuis
590 915 786 981 resurgentes,
804 911 840 966 ad
857 927 906 966 su·
996 907 1087 977 (Vera.
1107 908 1150 976 ll,
1169 908 1224 979 12.)
1241 910 1352 966 lilinum
1366 926 1421 967 nore
1436 925 1522 967 casem
1536 912 1582 966 cir
1597 911 1700 968 balens
1726 912 1785 984 spi·

82 992 174 1049 blime
188 994 316 1064 tendere,
333 1000 362 1050 et
376 995 529 1052 ambulare
543 1001 611 1068 post
634 997 788 1053 Dominum
814 998 907 1054 Deum
960 997 1056 1066 ritum,
1073 1004 1099 1051 et
1110 996 1283 1053 mendacium
1296 1001 1389 1070 potius
1405 998 1540 1072 loquerer.
1556 1000 1672 1056 Stillebo
1687 1001 1739 1056 tibi
1754 1002 1783 1055 iu

82 1087 230 1149 nostrum,
247 1088 275 1138 et
289 1084 395 1140 dicere.
414 1085 532 1141 Adhaesit
546 1087 640 1141 animo
654 1086 718 1141 mdo
730 1093 790 1157 post
806 1094 830 1142 te
849 1087 905 1158 (Pa.
960 1085 1056 1139 uinum
1071 1088 1096 1140 et
1110 1087 1141 1140 in
1156 1086 1354 1154 ebrietatem,ct
1368 1090 1421 1144 erit
1434 1088 1563 1160 ouper(b)
1574 1104 1652 1161 quem
1662 1089 1785 1145 stillatur

82 1172 198 1242 una).
213 1172 329 1238 Quodsi
342 1173 564 1244 neglexerimus,
577 1177 605 1229 et
615 1174 796 1231 noluerimus
806 1172 907 1230 audire
958 1173 1076 1245 populus
1089 1175 1151 1231 istc.
1164 1177 1380 1247 Conpreqotionc
1390 1176 1447 1249 [ll.
1465 1176 1652 1250 Conprepene]
1671 1192 1783 1247 conpre-

80 1259 248 1316 dioentem:
264 1261 376 1329 Exurge
390 1264 439 1333 qui
453 1261 567 1329 dormit,
584 1264 739 1331 etelcvore,
760 1266 786 1318 el
801 1263 906 1318 illumi·
960 1262 1027 1333 poto
1041 1263 1132 1333 lacot,
1149 1267 1234 1320 totum
1249 1273 1294 1320 te:
1310 1267 1341 1321 iu
1363 1282 1450 1321 uuum
1477 1266 1628 1323 conducam
1649 1264 1786 1340 reliquiae

16 1412 23 1428 ,
81 1349 162 1405 nubit
183 1357 209 1405 tc
224 1348 348 1405 Christus
363 1351 440 1422 (Ept.
457 1367 485 1418 v,
503 1351 558 1423 14),
588 1351 813 1408 dormitabimus
841 1351 906 1424 qui·
960 1352 1223 1425 lsroelperitcrlc).

82 1438 162 1505 dem,
178 1438 228 1494 sed
245 1438 435 1510 decipiemur,
451 1443 480 1494 et
494 1456 551 1495 non
568 1440 751 1496 inveniemus
776 1440 906 1512 requiem
996 1440 1822 1518 litinboccapitemultumSeptuagintaintarpreles.
1880 1508 1886 1527 ,

81 1525 153 1598 quia
168 1527 217 1582 ubi
233 1526 365 1584 Christus
379 1544 436 1583 non
450 1527 598 1585 illuminat
613 1533 826 1599 resurgentem,
843 1546 907 1601 qua
960 1529 996 1584 ab
1008 1528 1147 1585 Hebraico
1167 1530 1346 1604 discrepant.
1377 1533 1458 1589 Unde
1487 1533 1616 1605 primum
1641 1535 1727 1607 juxta
1754 1531 1785 1588 id

79 1615 278 1672 videturesse
293 1616 418 1689 requies,
434 1616 584 1675 tribulatio
600 1623 653 1674 est.
960 1619 1038 1689 quod
1055 1619 1140 1674 nobis
1152 1620 1189 1675 ab
1203 1620 1331 1678 Hebrais
1345 1627 1390 1678 est
1404 1622 1546 1678 traditum
1561 1623 1787 1696 exponemuset

117 1703 207 1760 LXX:
223 1707 340 1776 Propter
353 1706 565 1762 immunditiam
578 1708 733 1779 consumpti
754 1710 819 1763 estis
846 1722 906 1762 cer·
960 1711 1072 1777 postea,
1087 1707 1112 1763 si
1127 1709 1268 1765 Dominus
1282 1708 1415 1780 voluerit,
1428 1711 1464 1767 de
1475 1725 1578 1766 eorum
1592 1709 1785 1767 translations

80 1794 221 1864 ruptione.
239 1793 292 1848 Pro
307 1810 340 1849 eo
356 1795 433 1865 quod
448 1811 501 1851 nos
517 1795 656 1866 diximus,
667 1797 821 1867 consumpti
830 1797 906 1862 eatis,
960 1795 1198 1852 tractabimus.0
1213 1797 1461 1870 populeJudaice,
1477 1799 1513 1855 ad
1527 1815 1602 1872 quos
1628 1798 1786 1873 repromis-

81 1884 178 1954 potest
190 1881 679 1956 juxtaGrecamintelligentiamin
691 1884 907 1941 Latinosonare
962 1883 1069 1955 aiones,
1087 1901 1213 1957 quorum
1229 1890 1407 1943 testamenta
1430 1891 1459 1944 et
1474 1887 1529 1955 lex,
1559 1891 1588 1944 et
1615 1904 1650 1944 ex
1676 1887 1786 1959 quibus

81 1985 228 2038 sermone,
245 1973 366 2042 corrupti
376 1974 440 2027 estis
452 1990 461 2027 :
472 1971 642 2038 utsitordo,
655 1973 909 2045 propterimmun-
961 1970 1095 2028 Christus
1109 1974 1271 2029 secundum
1287 1991 1404 2030 caruem
1421 1975 1509 2048 (Rom.
1527 1975 1577 2047 rx),
1602 1976 1659 2046 cui,
1687 1973 1785 2031 immi-

81 2058 188 2114 ditiam
203 2061 330 2132 corrupti
346 2061 418 2116 estis
430 2061 625 2132 corruptione.
638 2063 693 2117 lloc
705 2066 802 2117 autem
813 2062 908 2119 adeos
963 2060 1101 2117 uentibus
1115 2062 1292 2135 Babyloniis,
1307 2062 1351 2119 vel
1366 2063 1516 2133 Romanis,
1532 2064 1611 2120 dixi:
1627 2062 1743 2138 Surgite
1758 2064 1787 2120 et

82 2146 583 2222 dicitur,quivoluptaticorporiset
594 2149 724 2206 libidinis
738 2150 906 2219 servientes,
962 2148 1001 2205 ite
1015 2148 1045 2204 in
1062 2150 1271 2222 captivitatem,
1281 2152 1420 2224 quoniam
1437 2170 1494 2208 uon
1507 2157 1553 2209 est
1566 2153 1648 2210 vobis
1663 2152 1694 2208 in
1709 2155 1787 2210 terra

81 2253 142 2292 non
157 2236 252 2293 solum
268 2237 409 2294 animam.
427 2239 477 2293 sed
494 2255 599 2310 corpus
614 2255 731 2311 quoque
745 2256 833 2294 sirum
844 2255 906 2294 cor·
961 2236 1019 2292 ista
1034 2239 1158 2310 requies,
1175 2244 1371 2312 quapropter
1386 2240 1605 2298 immunditiem
1619 2257 1704 2298 suam
1721 2257 1785 2297 eor·

81 2331 237 2398 rumpunt,
249 2326 907 2399 voluptatum'amatoresmagisquamfamato·
962 2332 1116 2398 rumpetur
1131 2327 1318 2400 populatione
1334 2328 1503 2400 novissima,
1521 2346 1578 2384 non
1600 2345 1648 2386 me
1676 2327 1786 2401 putetis

80 2431 132 2472 res
147 2415 208 2471 Dei.
223 2415 339 2472 Poterat
354 2432 471 2489 quoque
487 2416 592 2486 dicere,
608 2420 726 2489 propter
745 2415 904 2472 immundi·
960 2414 1105 2471 volentem
1118 2415 1207 2488 loqui,
1217 2421 1246 2472 et
1260 2417 1416 2488 praedicare
1426 2418 1615 2497 gaudentem,
1626 2417 1786 2490 quodven-

81 2505 156 2559 tiam
173 2505 301 2576 corrupti
318 2505 400 2574 estis,
417 2509 445 2560 et
456 2521 560 2560 sensus
570 2505 657 2561 etiam
670 2506 780 2577 absque
790 2521 906 2578 corrup·
961 2506 1061 2558 turum
1075 2504 1175 2560 video:
1192 2508 1324 2577 optarem
1339 2505 1444 2578 etipse
1469 2505 1625 2561 anathema
1639 2521 1705 2562 esse
1733 2519 1786 2576 pro
1830 2521 1837 2526 ·

81 2592 908 2665 tioneluissetexpletusNuncautemquiasit,ccrrupti
962 2591 1101 2649 iratribus
1117 2592 1201 2663 meis,
1225 2595 1275 2665 qui
1304 2598 1374 2651 sunt
1394 2594 1530 2651 Israelita
1561 2594 1648 2667 (Rem.
1679 2612 1718 2666 rx,
1747 2595 1784 2664 3).

82 2682 349 2753 estiarorruptione,
375 2683 411 2737 ad
439 2681 659 2737 distinctionem
688 2682 761 2738 mibi
791 2683 907 2738 videtur
961 2679 1078 2736 Utinam
1091 2681 1126 2737 de
1137 2698 1201 2737 meo
1212 2680 1629 2755 sensuloquerer,etsanctnm
1642 2683 1785 2757 Spiritum

81 2770 281 2842 corruptionis
298 2770 437 2826 salutaris
451 2771 574 2826 dixisse:
587 2772 672 2842 juxta
683 2787 771 2842 quam
789 2776 817 2826 et
831 2773 906 2844 Apo·
961 2784 1019 2823 non
1032 2768 1169 2825 haberem
1183 2771 1312 2837 3etinter
1322 2772 1699 2845 pseudoprophetaspotius
1710 2788 1787 2829 eom·
1822 2816 1825 2825 ,

82 2857 179 2916 stolus
194 2858 342 2931 loquitur:
359 2862 391 2915 Et
405 2862 431 2915 si
445 2861 530 2932 isqui
542 2859 614 2933 foris
636 2860 714 2916 homo
739 2869 831 2916 ricotm
857 2868 905 2928 cet,
962 2860 1091 2928 putatus,
1108 2857 1188 2915 solus
1200 2859 1433 2931 perirem,etnon
1447 2864 1546 2917 essent
1560 2861 1785 2933 Afloveraqus

80 2950 288 3019 corrumpitur;
303 2950 349 3004 scd
365 2951 415 3021 qui
429 2951 505 3004 intus
518 2957 558 3004 est
572 2956 719 3005 renouatur
744 2950 778 3004 de
805 2949 849 3005 die
877 2951 907 3004 in
961 2945 1027 3001 dico
1041 2964 1047 3002 :
1063 2951 1091 3003 et
1107 2951 1188 3003 tanta
1198 2948 1357 3004 multitudo
1373 2950 1504 3006 erederet
1518 2949 1548 3005 in
1565 2948 1670 3006 Filium
1681 2949 1742 3019 Dei,
1757 2951 1788 3005 st

80 3036 562 3109 diemllldornv,16).Quisemper
576 3036 907 3095 mortificationemlesu
948 3051 1019 3090 -non
1035 3037 1200 3091 truderetur
1213 3042 1325 3092 aeternae
1336 3038 1507 3111 captivitati.
1524 3037 1712 3111 Verumquia
1722 3053 1786 3111 pro-

80 3129 179 3198 portat
194 3124 222 3180 in
239 3142 358 3198 corpore
374 3142 437 3191 sco,
454 3130 482 3181 et
497 3126 668 3181 exteriorem
680 3126 842 3198 corrumpit
853 3126 905 3182 bo·
962 3122 1050 3194 pheta
1065 3141 1142 3191 sum,
1152 3130 1180 3179 et
1195 3125 1241 3181 Dei
1253 3125 1358 3197 spiritu
1370 3125 1484 3199 loquor,
1499 3131 1527 3183 et
1539 3144 1557 3183 a
1569 3127 1722 3184 divinitate
1730 3125 1785 3196 [At.

82 3215 205 3282 minem,
220 3219 372 3271 etcarnem
385 3214 507 3287 imperio
523 3213 628 3270 animae
638 3215 769 3285 subjicit,
780 3215 837 3272 iste
847 3232 907 3272 cor·
922 3197 944 3264 C
961 3213 1094 3283 veritate]
1110 3215 1232 3283 missus,
1246 3215 1371 3287 predico
1385 3215 1551 3273 veritatem:
1562 3213 1786 3290 propteresstil-

79 3301 231 3373 rumpitur
246 3302 375 3374 quidem,
390 3302 440 3357 sed
457 3318 514 3357 non
529 3302 724 3374 corruptione,
745 3302 815 3373 quia
843 3319 906 3358 cor·
960 3299 1027 3357 labo
1043 3302 1095 3356 tibi
1111 3317 1276 3358 sermonem
1284 3319 1382 3359 meum
1398 3303 1427 3359 in
1438 3305 1694 3361 meracumvinum
1705 3303 1784 3376 quod

80 3391 180 3463 ruptio
196 3389 276 3447 illius
292 3391 431 3448 salutaris
446 3395 500 3446 est.
962 3394 991 3444 te
1005 3389 1139 3457 inebriet,
1155 3394 1185 3445 et
1197 3406 1331 3446 corruere
1342 3392 1438 3447 iaciat.
1450 3393 1495 3447 Me
1505 3395 1603 3448 aratam
1616 3390 1786 3461 stillante,et

118 3481 360 3551 superessemus
376 3488 563 3552 persequente.
591 3479 634 3533 Ad
651 3495 700 3534 eos
723 3478 840 3545 dicitur,
858 3494 908 3551 quq
962 3477 1067 3532 lutura
1083 3477 1261 3549 captivitatis
1285 3478 1396 3535 malum
1413 3484 1545 3544 canente,
1574 3477 1702 3551 populus
1729 3477 1786 3534 iste

81 3572 203 3641 propter
218 3568 436 3624 immunditiam
453 3567 638 3639 corruptione
666 3568 794 3640 corrupti
827 3571 907 3636 sunt,
963 3582 1044 3622 mess
1059 3565 1199 3638 suscipiet
1216 3566 1402 3638 pluvias‚boe
1417 3571 1472 3632 est,
1487 3565 1560 3638 vult,
1576 3582 1635 3622 non
1648 3565 1787 3640 vultens-

81 3656 163 3729 quod
178 3656 357 3713 conscientia
368 3660 552 3729 peecatorum
569 3655 656 3712 eliam
669 3655 780 3728 absque
796 3655 909 3728 suppli·
964 3653 1058 3709 tinere
1073 3654 1161 3709 habat
1176 3670 1239 3725 quae
1253 3654 1327 3709 dico.
1340 3654 1374 3709 Et
1387 3670 1424 3710 ne
1434 3653 1628 3719 arbitremini,
1640 3652 1786 3709 malorum

14 3732 17 3737 ’
82 3744 141 3800 ciis
154 3744 288 3802 resistere
303 3746 438 3801 hostibus
453 3750 481 3801 et
495 3744 634 3801 dimicare
649 3761 707 3800 non
718 3745 855 3800 audeant.
965 3758 1012 3797 me
1027 3759 1091 3798 esse
1103 3744 1219 3798 tantum
1229 3742 1281 3810 [Al.
1291 3743 1451 3814 tantorum]
1462 3746 1570 3808 vatem,
1581 3740 1786 3814 nunequidem

123 3833 322 3891 dthndeet
332 3833 548 3890 formidolosiin
560 3834 599 3906 (α)
619 3838 788 3890 sanctorum
799 3833 909 3905 prelio,
924 3826 928 3832 ’
962 3831 1059 3886 veniet
1073 3830 1211 3902 praedicta
1221 3829 1374 3902 captivitas
1386 3847 1393 3898 ;
1403 3831 1454 3886 sed
1469 3846 1534 3887 ecee
1545 3830 1576 3886 in
1590 3830 1642 3899 [lt.
1654 3833 1686 3885 ut
1696 3844 1787 3901 agno·

82 3939 122 3980 ne
137 3925 265 3979 terreant
280 3930 394 3980 mentes
409 3925 530 3979 fratrum
547 3939 678 3993 suorum,
709 3922 867 3994 ejiciuntur
895 3938 910 3978 e
965 3923 1064 3976 scatur
1080 3919 1149 3991 quia
1162 3919 1274 3989 in,etc.]
1287 3935 1333 3974 me
1348 3934 1444 3975 sermo
1459 3919 1599 3992 loquitur,
1610 3918 1660 3990 qui
1674 3919 1710 3975 ad
1723 3934 1786 3974 om·

83 4011 203 4075 castus.
219 4017 247 4068 et
263 4030 298 4068 ex
327 4013 387 4068 acie
414 4010 596 4085 repelluntur
620 4011 708 4083 (licut.
735 4013 793 4082 xx),
823 4017 852 4068 et
880 4013 910 4068 in
965 4024 1016 4064 nes
1032 4007 1189 4080 prophetas
1203 4007 1245 4062 lit.
1256 4008 1317 4073 Quo
1328 4006 1466 4064 reticente
1491 4007 1716 4081 propbeta,non
1744 4004 1787 4063 lo·

84 4099 252 4157 maledictis
263 4101 383 4157 Levitici
394 4101 429 4156 ad
442 4100 646 4172 hujuscemodi
659 4100 794 4157 homines
814 4116 911 4157 sermo
965 4097 1077 4169 quitur,
1092 4099 1121 4151 et
1129 4112 1208 4152 nunc
1220 4095 1290 4151 dicit
1301 4111 1308 4150 :
1319 4094 1451 4164 Veniam,
1463 4099 1492 4152 et
1506 4095 1671 4153 humanum
1681 4111 1788 4169 corpus

84 4188 242 4260 dirigitur:
258 4192 444 4260 Persequctur
457 4206 502 4246 vos
515 4190 579 4260 lolii
592 4205 645 4245 uec
658 4189 790 4255 valamir,
811 4198 838 4245 ct
864 4191 911 4260 fu·
965 4202 1116 4241 assumam
1133 4201 1238 4240 nascar
1252 4184 1427 4258 deVirgine.
1440 4185 1575 4243 Siveita:
1591 4185 1666 4252 Quia
1678 4185 1710 4242 in
1725 4201 1789 4242 car·

80 4277 174 4348 pictis,
188 4278 266 4334 nullo
280 4286 458 4349 persequente
469 4279 565 4349 (tecit.
583 4294 659 4344 xxva,
687 4279 742 4346 36).
771 4278 835 4334 Scio
865 4294 911 4334 me
966 4274 1012 4330 nis
1027 4272 1195 4329 bumilitate
1211 4273 1287 4339 veni,
1303 4277 1397 4329 etnon
1411 4273 1547 4330 credistis
1565 4273 1648 4341 mihi,
1672 4273 1788 4330 veniam

81 4363 632 4438 incujusdamcommentariislegisse,
643 4367 911 4437 exponentisloan·
965 4363 995 4419 in
1013 4360 1266 4419 consummatione
1280 4362 1383 4417 mundi
1398 4361 1428 4417 in
1445 4363 1598 4433 majestate
1625 4376 1692 4417 mes
1720 4375 1788 4416 cnm

83 4453 132 4509 nis
146 4454 330 4527 evangelista
348 4454 544 4528 principium:
562 4456 661 4512 Omnia
675 4470 724 4526 per
738 4457 826 4526 ipsum
839 4457 913 4525 fectu
966 4451 1084 4524 Angelis
1094 4451 1263 4522 caeterisque
1279 4450 1445 4517 virtutibus,
1460 4454 1568 4506 ettunc
1578 4454 1606 4506 te
1617 4453 1711 4505 totum
1722 4464 1789 4506 con·

83 4547 198 4609 suntet
213 4545 273 4599 sine
288 4546 345 4616 ipso
359 4544 515 4618 factumest
529 4545 612 4614 nr'ttt,
629 4544 684 4599 boc
699 4544 777 4615 quod
793 4544 911 4611 dicitur,
927 4560 951 4625 D
966 4540 1103 4614 gregato,
1118 4539 1209 4596 Jacob
1222 4555 1228 4592 :
1242 4543 1312 4594 tune
1326 4539 1356 4593 in
1373 4555 1465 4594 unum
1476 4538 1638 4594 conducam
1648 4535 1790 4609 reliquias

84 4631 170 4701 sibit
187 4632 223 4688 ad
240 4632 381 4690 malitiam
393 4633 529 4690 retulisse
541 4651 547 4688 :
561 4649 737 4706 rursumque
747 4633 843 4705 ipsam
854 4650 913 4689 ma·
967 4629 1067 4693 lsrael,
1083 4634 1111 4684 et
1127 4644 1194 4684 cum
1208 4626 1339 4700 gentium
1354 4625 1462 4700 populo
1477 4626 1508 4682 in
1523 4626 1590 4682 ovili
1607 4641 1671 4682 meo
1681 4624 1791 4698 pariter

86 4720 183 4778 titiam
200 4721 424 4794 interpretatum
440 4737 504 4778 esse
519 4721 679 4789 diabolum,
696 4727 725 4777 et
744 4721 800 4778 isto
829 4723 911 4794 quasi
968 4718 1110 4790 copulabo
1123 4733 1129 4771 :
1141 4720 1248 4771 tuncte
1260 4731 1345 4770 muro
1357 4714 1527 4774 firmissimo
1540 4715 1663 4788 sepiam,
1675 4718 1790 4771 ettanta

86 4811 193 4881 gradu
210 4809 308 4881 ipsum
324 4811 402 4882 quod
418 4810 527 4867 lactum
543 4810 666 4866 estsine
690 4809 816 4877 Christo,
841 4811 913 4866 nibil
968 4807 1023 4863 erit
1037 4805 1219 4862 credentium
1233 4802 1401 4875 multitudo,
1417 4808 1446 4860 et
1469 4804 1545 4861 inter
1572 4802 1673 4860 caulas
1702 4802 1789 4875 positi

85 4897 241 4955 diabolum
258 4898 478 4955 intellexisse.Si
490 4900 579 4970 igitur
594 4897 762 4960 malitia.vel
778 4898 914 4955 diabolus
968 4894 1065 4968 gregis
1079 4891 1281 4959 tumultuatio,
1294 4896 1326 4949 ut
1339 4891 1473 4949 vincatur
1487 4908 1628 4949 numerus
1651 4906 1790 4966 pecorum

87 4985 164 5043 nibil
178 4992 233 5053 est,
248 4992 276 5043 et
291 4989 431 5060 sugerunt
446 4988 496 5059 qui
512 4987 697 5060 corruptione
709 4987 837 5060 corrupti
845 4992 915 5043 sunt
968 4983 1113 5056 largitate.
1126 4988 1166 5037 Ac
1180 4998 1216 5037 na
1232 4981 1354 5037 lorsitan
1371 4985 1466 5053 putes,
1483 4981 1553 5053 quia
1570 4980 1649 5037 dixi:
1679 4980 1790 5036 Ponam

85 5075 180 5148 nullo,
198 5077 227 5132 id
242 5082 297 5145 est,
313 5075 386 5132 nihil
408 5080 611 5149 persequente,
636 5075 770 5132 diabolus
798 5092 848 5132 eos
870 5081 916 5132 est
970 5071 1055 5127 illum
1072 5070 1155 5142 quasi
1164 5084 1282 5141 gregem
1293 5067 1323 5123 in
1332 5067 1446 5134 ovili,et
1460 5067 1546 5140 quasi
1560 5082 1650 5141 pecus
1659 5064 1793 5122 inmedio

124 5217 164 5344 (op
179 5222 242 5273 Duo
267 5218 392 5275 Palatini
422 5233 506 5283 mss,
535 5216 709 5290 formidolosi
738 5218 916 5273 inimicorum
968 5211 1312 5284 illumqumiprcpcmiu
1326 5211 1572 5283 ouili‚quosipecus
1588 5207 1791 5266 immedicatu-

83 5304 148 5362 prac
162 5291 188 5345 io
203 5293 326 5346 terreant
339 5298 455 5357 mentes,
471 5294 525 5344 etc.
970 5286 1078 5341 lorum:
1095 5281 1336 5338 tumultuabuntur
1349 5299 1366 5336 a
1380 5282 1558 5338 multitudine
1573 5281 1725 5337 lominum.
1746 5279 1791 5335 lt·

125 5360 165 5444 (b)
178 5360 246 5416 l’ost
256 5360 416 5417 Victorium
433 5378 467 5416 ex
483 5358 605 5431 Vulgata
615 5357 751 5423 editione,
764 5358 913 5424 Hebraico,
969 5358 1085 5413 cenricus
1098 5356 1173 5409 enim
1184 5351 1281 5425 pandit
1295 5354 1347 5408 iter
1361 5356 1425 5408 aute
1442 5368 1496 5421 cot,
1518 5353 1653 5414 diuideret.
1679 5359 1705 5407 et
1730 5365 1793 5434 per·

86 5430 295 5504 anianisque
312 5433 461 5488 codicibus
477 5448 558 5504 quem
574 5446 624 5501 pro
640 5444 703 5500 quac
722 5427 866 5500 legimus:
888 5434 926 5492 et.
969 5428 1126 5484 transibunt
1138 5428 1247 5497 portam
1261 5431 1287 5506 et
1303 5422 1477 5492 epredicutur
1487 5439 1537 5507 per
1551 5439 1612 5478 eam
1625 5420 1793 5479 ettrcnulnl

87 5501 179 5577 paulo
195 5510 262 5575 post
276 5513 361 5561 totum
376 5513 411 5572 te,
426 5520 477 5576 pro
494 5519 552 5575 quo
567 5505 638 5572 erat,
649 5505 737 5556 totum
751 5504 783 5554 in
796 5509 821 5556 tc
830 5519 841 5555 .·
851 5517 916 5558 nos·
969 5516 1020 5556 rec
1033 5513 1128 5554 comem
1137 5511 1228 5552 coram
1241 5510 1292 5565 eu,
1307 5498 1333 5549 et
1346 5495 1477 5552 Dominus
1491 5511 1521 5552 m
1536 5496 1629 5568 cuprio
1642 5509 1746 5552 comem.
1757 5492 1793 5550 lit

88 5591 147 5648 que
163 5573 219 5630 hac
234 5574 264 5630 in
280 5592 310 5632 re
326 5576 417 5632 nostri
435 5590 551 5648 quoque
562 5574 704 5645 juverunt
718 5587 789 5627 mss.
970 5572 1000 5628 in
1013 5569 1078 5636 boc,
1095 5574 1149 5627 ete.

125 5646 163 5719 (e)
179 5646 302 5706 Addunt
315 5663 387 5706 mss.
405 5647 498 5706 nostri
513 5644 661 5717 reliquum
675 5648 801 5702 matum:
814 5659 917 5717 portem
