3818 6104
117 214 197 278 iate
470 219 847 286 connumeremini!
871 222 912 285 ΙΝ
935 226 1164 293 seruorum
1186 231 1315 295 LIBER.
1338 234 1424 298 GAP.
1447 237 1472 299 1.
1744 246 1823 308 iate

115 347 234 405 radians
245 348 336 416 Debet
346 366 405 413 nou
416 350 593 410 llnissentin
606 353 693 426 malo,
705 358 939 429 utessentquasi
954 360 982 428 Α
997 362 1132 418 stamenti
1148 362 1264 420 Domini
1280 364 1345 431 luit,
1360 369 1408 423 vix
1422 366 1521 425 altaris
1532 370 1726 431 fundamenta
1741 392 1824 436 mon·

111 439 190 493 terra
198 437 579 511 AEgyptiplantaticccrum
590 442 693 516 utique
718 444 939 516 permansisset.
996 453 1137 506 strantur.
1153 453 1251 510 Gabaa
1266 452 1316 509 illa
1332 455 1434 512 civitas
1449 458 1546 516 Saulis
1561 476 1656 533 usque
1671 463 1707 519 ad
1721 463 1824 524 lunda·

111 524 182 582 'l'ale
193 526 635 604 quidetllludsuperlllgyptiis
648 536 733 588 sonat
751 532 781 588 in
792 532 939 591 Psalmis:
994 544 1095 595 menta
1104 539 1203 598 diruta
1213 545 1258 599 est
1268 543 1365 615 (derue
1374 545 1466 607 xvu1l.
1483 547 1576 606 Rama
1592 555 1621 607 et
1631 551 1776 611 Bethoron
1792 559 1822 612 et

114 613 221 672 Occidit
235 618 265 671 in
280 616 520 688 prandineoiueoa
530 635 635 691 eorum,
651 629 679 677 et
692 636 782 677 moros
800 637 895 678 eorum
909 624 940 678 in
994 626 1112 699 reliquie
1129 630 1216 686 urbes
1232 632 1345 689 nobiles
1360 650 1377 689 a
1390 634 1545 693 Salomone
1560 644 1821 714 constructurupar·

111 704 282 777 minores.
296 723 400 771 cxxvii,
417 707 563 781 [Dionaei
575 707 940 784 clementissimusquippe
993 716 1114 772 viviculi
1131 719 1739 800 demonstrantur.Legamuslosepbumet
1752 747 1818 803 pre·
1857 742 1861 749 '

111 791 200 859 Deus,
217 809 333 850 omnem
350 797 513 869 AEoyptiam
529 797 742 870 plantationem
757 805 786 855 et
800 800 940 856 arbuscu·
994 804 1122 878 phetiam
1138 807 1302 880 Sophonic,
1319 809 1397 868 illius
1412 829 1565 871 cernemus
1580 816 1634 887 [lt.
1655 817 1817 892 cernimus]

109 880 164 952 las,
182 899 246 954 que
261 881 290 937 in
306 884 336 939 in
347 884 469 958 AEgypto
482 887 616 943 radicatae
630 887 808 961 sanguineos
830 887 940 946 habent
993 892 1167 952 historiam:
1184 902 1213 953 et
1226 896 1281 955 hoe
1295 916 1353 956 non
1369 906 1483 958 tautum
1499 903 1534 960 de
1543 903 1708 977 captivitate
1718 907 1817 965 diceu-

109 970 185 1027 001
202 970 327 1039 fructus,
344 973 491 1031 interiecit
505 979 533 1031 et
549 976 703 1044 subvertit,
719 993 756 1032 ne
768 976 871 1033 bibant
885 979 935 1050 qui
993 980 1063 1038 dum
1079 988 1133 1050 est,
1149 986 1199 1041 sed
1217 1004 1310 1060 usqua
1322 989 1357 1044 ad
1369 995 1542 1062 praesentem
1553 991 1643 1065 diem,
1652 995 1756 1066 perlldi
1768 1014 1819 1055 co·

108 1059 417 1132 maleplantavernnt,
447 1067 476 1119 et
504 1065 659 1120 comedant
684 1065 773 1122 exeis
796 1065 934 1122 leucium.
991 1068 1813 1149 lonipostinterlectionemservorum,et'adextremum
1857 1116 1861 1125 ι

110 1152 204 1221 Prope
218 1154 263 1205 est
277 1149 339 1206 dies
354 1151 468 1207 Domini
484 1169 610 1226 magnus
631 1158 661 1209 et
675 1152 758 1210 velox
773 1154 872 1223 nimis,
889 1156 936 1212 oui
991 1159 1056 1216 Filii
1067 1160 1251 1235 Dei,except0
1261 1163 1391 1237 planctu,
1407 1167 1602 1238 prohibentur
1629 1169 1744 1245 ingredi
1770 1174 1818 1232 Je-

108 1238 246 1294 resistera
261 1255 347 1295 nenio
364 1245 477 1313 potest:
495 1258 585 1314 prope
600 1245 699 1298 autem
710 1241 806 1300 estvel
818 1247 937 1317 propter
990 1249 1130 1315 rusnlem,
1145 1256 1174 1308 et
1189 1256 1221 1308 ut
1237 1253 1352 1311 ruinam
1369 1272 1428 1311 sura
1444 1255 1486 1313 eis
1501 1258 1570 1315 llere
1579 1258 1665 1316 liceat
1680 1260 1816 1333 civitatis,

108 1326 312 1393 aeternitatem,
325 1327 396 1399 quin
410 1328 482 1383 nihil
496 1329 521 1386 ei
534 1329 653 1404 longum
669 1334 725 1397 est,
752 1330 798 1387 vel
818 1334 935 1404 propter
989 1339 1082 1410 pretio
1098 1339 1257 1413 redimunt,
1269 1345 1298 1399 at
1314 1344 1364 1416 qui
1380 1346 1530 1417 quondam
1544 1351 1678 1405 emerant
1692 1352 1815 1424 sangui-

107 1430 200 1488 pmuoe
211 1416 458 1489 magnitudinem,
474 1418 543 1490 quia
565 1419 686 1492 patienti
711 1436 873 1493 numquam
894 1421 934 1495 (o)
988 1443 1054 1484 nem
1070 1427 1292 1502 Christi,emant
1306 1431 1450 1507 lacrymas
1465 1452 1535 1492 suas
1548 1440 1636 1493 :etue
1651 1438 1737 1495 lletus
1748 1440 1816 1512 qui·

105 1502 193 1578 longa
208 1505 324 1561 videtur
334 1505 512 1580 supplicium
524 1508 603 1582 quod
615 1508 800 1565 inferendum
813 1510 933 1567 estune
988 1517 1053 1573 dam
1069 1517 1113 1574 eis
1127 1519 1275 1592 gratuitus
1291 1520 1338 1578 sit.
1354 1521 1498 1580 Videasin
1513 1524 1560 1582 die
1570 1542 1629 1598 quo
1642 1531 1727 1600 capta
1736 1534 1812 1585 esta

107 1608 207 1666 prope,
224 1598 258 1650 nt
273 1611 362 1668 supra
377 1595 517 1665 diximus,
535 1613 603 1653 curu
615 1597 800 1654 exierimusa
815 1598 931 1669 seculo,
988 1605 1164 1665 Romaniset
1175 1607 1271 1666 diruta
1281 1610 1455 1683 Jerusalem,
1466 1613 1564 1671 venire
1575 1614 1717 1689 populum
1727 1616 1811 1691 lugu·

105 1681 383 1756 etuniuscujusque
412 1701 491 1742 mors
519 1687 803 1743 consummationem
829 1687 1079 1791 mundlerem.
1097 1697 1243 1754 confluere
1271 1700 1432 1774 decrepitas
1461 1702 1661 1771 mulierculas,
1676 1709 1705 1762 ct
1727 1723 1814 1763 senas

105 1768 208 1826 fecerit
221 1788 228 1840 ;
242 1775 271 1829 el
282 1788 340 1828 ⁰⁰11
352 1772 446 1829 Bolum
463 1790 564 1846 prope,
574 1775 624 1831 aad
636 1774 723 1831 etiam
735 1775 817 1833 velex
831 1776 932 1849 nimis,
988 1785 1093 1857 pannis
1104 1788 1249 1859 annisque
1261 1788 1383 1861 obsitos,
1400 1790 1430 1846 in
1445 1791 1616 1864 cerporibus
1627 1799 1656 1849 et
1665 1793 1696 1850 in
1711 1794 1813 1852 habitu

105 1858 443 1918 utvelccitasudventus
475 1863 932 1947 ejusineoquodssdditurmi-
988 1873 1125 1930 suoiram
1137 1875 1252 1931 Domini
1263 1876 1814 1956 demonstrantes.Congregeturturba

104 1950 168 2015 mia,
185 1950 368 2007 ostendatur.
987 1961 1173 2031 miscrorum,
1190 1968 1218 2019 et
1232 1965 1365 2037 patibulo
1380 1968 1495 2024 Domini
1510 1976 1693 2051 coruscante,
1720 1989 1754 2029 ac
1768 1990 1813 2029 ra·

140 2040 234 2110 (vers.
252 2040 296 2108 15,
314 2040 369 2110 lb.)
388 2041 443 2096 l'ox
456 2040 515 2097 diei
527 2042 639 2097 Domini
652 2056 764 2097 amora:
784 2042 931 2099 tributali·
987 2048 1085 2107 dianio
1097 2050 1236 2106 ἀναστάσει
1249 2054 1324 2124 ejus,
1340 2054 1376 2111 do
1391 2054 1495 2112 Oliveti
1507 2062 1606 2114 monte
1616 2074 1735 2132 queque
1749 2077 1814 2117 cru-

94 2130 153 2182 ‘tur
165 2129 206 2183 ibi
218 2129 300 2199 sortis
310 2145 320 2183 .·
330 2127 388 2184 dies
399 2130 450 2184 irae
464 2129 521 2186 dier
534 2130 595 2196 itia,
618 2129 678 2187 dies
703 2130 932 2189 tribulationioet
986 2138 1028 2195 eis
1043 2138 1172 2212 fulgente
1187 2140 1301 2210 vexillo,
1317 2142 1456 2218 plangere
1470 2145 1572 2203 ruinas
1583 2146 1686 2221 templi
1701 2149 1748 2204 sui
1764 2165 1813 2221 po·

103 2218 250 2287 anemium,
263 2216 321 2273 dier
334 2217 501 2274 calamitatis
510 2223 536 2274 et
546 2220 677 2287 miseriae,
689 2219 746 2275 dies
754 2221 930 2276 tenebrarum
985 2226 1087 2300 pulum
1104 2228 1257 2296 miserum,
1273 2236 1301 2287 et
1317 2239 1412 2288 tamen
1429 2249 1486 2290 non
1502 2251 1567 2291 esse
1591 2235 1810 2294 miserabilem:

102 2307 131 2360 et
143 2305 283 2375 ratiocinia,
297 2306 357 2362 dier
366 2307 475 2365 nebulae
489 2311 515 2363 et
528 2309 659 2376 turbinis,
671 2307 728 2364 dies
740 2309 847 2365 tubuel
856 2309 930 2365 etan·
984 2315 1080 2372 adbuc
1089 2316 1176 2373 lletus
1191 2318 1221 2373 in
1237 2318 1320 2392 genis
1335 2323 1363 2376 et
1376 2319 1466 2377 livida
1476 2321 1638 2392 brachiaet
1647 2324 1744 2396 sparsi
1754 2325 1810 2380 eri·

100 2395 177 2463 perir
190 2411 272 2468 super
285 2397 412 2452 ciuitates
424 2399 557 2468 munitor,
573 2400 598 2452 et
613 2412 698 2469 super
707 2398 825 2466 ungulos
838 2399 929 2453 excel·
983 2420 1044 2472 nes,
1054 2409 1081 2459 et
1093 2404 1177 2462 miles
1201 2409 1363 2464 mercedem
1379 2409 1518 2481 postulat,
1536 2414 1568 2466 ut
1582 2410 1643 2468 illis
1658 2411 1727 2468 llere
1741 2412 1810 2485 plus

100 2499 154 2539 εοε.
170 2482 259 2540 Lxx:
274 2478 333 2542 Vox
346 2485 403 2541 diei
417 2485 528 2542 Domini
536 2503 633 2542 amore
646 2492 672 2542 et
696 2486 766 2541 duro
774 2489 865 2558 positu
878 2492 927 2555 est,
982 2490 1085 2562 liceat;
1102 2499 1131 2551 et
1145 2495 1259 2552 dubitat
1280 2495 1398 2569 aliquis,
1416 2515 1483 2554 cnm
1498 2499 1560 2555 hec
1589 2500 1694 2566 videat,
1710 2502 1746 2558 da
1761 2503 1807 2559 die

99 2573 193 2643 souis,
210 2574 269 2630 dies
284 2576 346 2642 ire,
361 2574 421 2632 dies
434 2576 495 2647 rita,
506 2576 565 2631 dics
580 2575 803 2632 tribulationisei
813 2577 928 2633 nemeri-
984 2581 1179 2640 tribulationis
1190 2587 1370 2658 etangustiae
1386 2587 1421 2643 dc
1438 2587 1485 2644 die
1495 2587 1671 2646 calamitatis
1680 2594 1710 2646 et
1719 2590 1808 2647 mise·

98 2663 176 2727 rens,
191 2661 250 2719 dies
263 2665 385 2720 miseriae
396 2672 422 2720 et
433 2664 609 2736 perditionis,
626 2663 683 2721 dier
711 2664 888 2721 tenebrarum
903 2673 929 2722 et
982 2668 1043 2738 riae,
1058 2670 1093 2726 de
1109 2671 1157 2727 dic
1171 2673 1359 2731 tenebrarum
1375 2679 1403 2731 et
1417 2674 1564 2750 caliginis,
1580 2677 1616 2733 de
1632 2676 1679 2734 die
1694 2678 1806 2736 nebulae

99 2751 232 2818 turbinis,
249 2752 309 2809 dies
318 2753 461 2811 uelulaeet
471 2754 615 2828 caliginis,
625 2753 682 2810 dies
696 2753 768 2810 tudae
783 2758 809 2809 et
822 2754 928 2810 elamo-
981 2761 1010 2813 et
1023 2758 1200 2827 turbinis,de
1210 2761 1256 2817 die
1271 2763 1347 2818 tubae
1361 2766 1390 2818 et
1404 2763 1577 2837 clangoris?
1593 2766 1705 2822 Habent
1719 2767 1798 2824 enim

98 2841 142 2896 ria
156 2855 239 2913 super
252 2844 379 2898 ciuitates
393 2844 525 2909 munitur,
536 2851 562 2898 ei
576 2858 658 2913 super
667 2843 781 2914 angarios
795 2843 925 2899 excelsos.
981 2846 1052 2902 etin
1069 2845 1150 2904 luctu
1167 2850 1262 2916 tubas,
1280 2855 1317 2916 et,
1335 2852 1416 2923 juxta
1424 2852 1618 2926 prophetiam,
1630 2871 1684 2911 vex
1700 2855 1807 2912 solem·
1859 2893 1864 2907 ·

98 2929 189 2986 Juxta
203 2931 364 3003 superiora,
382 2930 427 2987 vel
442 2932 478 2987 de
488 2930 668 3004 Babylonica
678 2931 844 3004 captivitate
854 2932 927 2988 acei-
981 2935 1083 2992 nitatis
1099 2953 1180 2994 versa
1194 2943 1239 2994 est
1253 2939 1283 2995 in
1292 2939 1453 3013 planctum.
1463 2941 1583 2999 Ululant
1593 2960 1682 3016 super
1692 2944 1805 3002 cineres

99 3017 194 3092 pe,vel
208 3020 243 3075 de
254 3024 384 3077 extrema
395 3036 485 3092 quem
495 3020 573 3093 passi
591 3025 662 3077 sunt
677 3038 694 3076 a
708 3020 857 3091 Romanis,
873 3038 925 3077 su·
981 3025 1155 3092 sanctuarii,
1164 3031 1194 3083 et
1208 3043 1297 3100 super
1310 3027 1400 3086 altare
1415 3030 1609 3103 destructum,
1621 3035 1651 3089 et
1663 3049 1754 3106 super
1768 3035 1806 3091 ci·

100 3123 155 3181 per
169 3123 228 3179 qua
242 3113 271 3165 et
286 3109 427 3166 Dominus
442 3109 522 3166 llevit
532 3109 836 3180 Jerusalem,dicens:
852 3111 927 3167 Jeru-
941 3091 964 3159 (ἶ
982 3111 1085 3169 vitatas
1100 3114 1249 3186 quondam
1261 3115 1400 3184 munitas,
1416 3122 1445 3173 ct
1458 3133 1548 3190 super
1562 3118 1692 3175 excelsos
1708 3134 1823 3192 engu··

97 3201 197 3271 salem,
213 3200 380 3265 iuuentem,
407 3212 470 3271 qrroe
494 3198 593 3254 erudis
605 3199 759 3271 propbetas,
775 3203 802 3255 et
816 3199 925 3270 lapides
979 3198 1024 3257 los
1039 3202 1152 3275 templi,
1168 3202 1204 3258 de
1219 3204 1326 3276 quibus
1341 3207 1491 3275 quondam
1520 3206 1664 3263 iacobum
1682 3208 1803 3265 fratrem

98 3304 148 3345 eor
162 3290 211 3362 qui
226 3287 261 3344 ad
275 3290 300 3343 te
314 3289 469 3344 missisunt
479 3288 584 3356 (idatii.
606 3304 688 3356 xxur,
699 3288 795 3359 37),et
809 3292 922 3344 coetera.
978 3289 1093 3347 Domini
1110 3290 1372 3364 precipitaverunt.
1388 3298 1455 3350 Huc
1479 3295 1514 3350 de
1537 3295 1705 3368 captivitate
1724 3295 1803 3355 dicte

95 3374 173 3435 Vere
187 3375 266 3433 enim
281 3374 599 3448 expetitavindictaest
613 3393 630 3431 a
644 3376 788 3449 sanguine
802 3375 868 3432 Abel
876 3376 924 3447 ju·
978 3379 1038 3434 sint
1052 3379 1230 3435 ludaeorum.
1247 3380 1388 3436 Craterum
1404 3381 1515 3439 sidiam
1527 3384 1651 3454 Domini,
1662 3389 1801 3456 utsupra,

94 3466 136 3522 sti
147 3482 242 3538 usque
253 3466 289 3521 ad
300 3465 475 3537 sauguinem
487 3464 642 3532 Zacharia,
651 3479 738 3537 quem
754 3464 924 3521 occiderunt
978 3467 1181 3523 releramusad
1187 3468 1470 3525 consummationem
1478 3470 1807 3537 mundi,siveadunius·

90 3554 174 3613 inter
188 3552 331 3627 templum
346 3558 375 3610 et
389 3553 480 3610 altare
495 3553 529 3625 (ll
544 3553 715 3619 Parmani:
732 3556 760 3607 et
775 3552 811 3607 ad
827 3556 922 3608 extre·
976 3555 1120 3628 cujusque
1130 3555 1240 3612 exitum
1252 3555 1572 3622 vitra,manilastaDDS
1588 3559 1644 3613 erit
1655 3557 1801 3631 interpre-

94 3660 184 3700 mum
194 3643 229 3700 de
239 3642 290 3699 Dei
302 3642 385 3708 llilie,
401 3642 530 3698 dieentes
542 3656 549 3697 :
560 3641 752 3712 sanguisejus
764 3655 846 3712 super
859 3657 920 3711 noa,
976 3643 1058 3710 tatio,
1075 3645 1152 3715 quod
1168 3660 1222 3699 vox
1233 3644 1290 3700 diei
1305 3644 1421 3700 Domini
1437 3662 1539 3702 amara
1554 3645 1603 3712 sit,
1627 3651 1656 3703 ct
1670 3648 1799 3703 necessi·

92 3737 124 3790 et
138 3748 221 3806 super
235 3733 308 3804 filios
322 3740 440 3800 nostros,
455 3730 563 3804 experti
581 3733 651 3786 sunt
665 3730 743 3786 diem
766 3745 920 3785 amarum:
975 3736 1035 3788 tate
1049 3731 1135 3804 plena
1146 3737 1175 3788 et
1185 3732 1238 3802 ira,
1253 3735 1281 3788 et
1295 3730 1450 3788 tribuletur
1465 3732 1506 3789 ibi
1516 3732 1617 3790 lortis:
1634 3750 1701 3790 eum
1711 3733 1800 3792 otiam

94 3821 219 3895 quiaad
238 3819 466 3877 amaritudinem
495 3818 653 3875 Dominam
677 3823 920 3890 provocaverant:
976 3820 1802 3895 quisanetisunt‚salventurquidem,sedtameueicquasi

91 3909 176 3968 diem
192 3927 209 3966 a
223 3907 348 3965 Domino
364 3907 597 3973 constitutam,in
614 3922 672 3979 qua
687 3923 744 3962 non
766 3904 921 3963 imbecillis
977 3909 1150 3984 perignem.
1169 3910 1234 3967 Dias
1248 3909 1298 3966 illa
1311 3910 1373 3966 dies
1390 3909 1598 3979 tribulationis,
1614 3915 1643 3967 et
1657 3911 1801 3984 angustia

91 4104 188 4162 super
199 4104 249 4145 eos
264 4087 309 4144 ira
323 4087 351 4142 ln
370 4087 468 4142 linem.
484 4086 567 4159 Sepe
582 4085 691 4158 quippe
711 4089 738 4142 et
766 4084 921 4141 anteiram
977 4087 1027 4160 qui
1044 4087 1142 4143 miseri
1154 4087 1223 4143 lacti
1252 4078 1366 4144 sumus.
1394 4087 1462 4145 Dice
1491 4088 1798 4146 tenebrarumOmmis

90 4176 211 4233 Domini
227 4175 432 4232 sustinuerunt
448 4193 454 4243 ;
471 4175 521 4230 sed
539 4174 581 4230 ira
596 4173 646 4229 illa
658 4190 716 4231 non
731 4173 825 4230 luerat
850 4190 922 4230 con·
975 4178 1114 4248 animani
1127 4178 1198 4233 rnatu
1212 4185 1350 4250 operetur,
1365 4175 1421 4233 edu
1436 4179 1541 4244 iumen,
1556 4181 1582 4233 et
1595 4193 1652 4234 non
1669 4180 1744 4235 uenit
1767 4176 1802 4235 ad

92 4263 422 4324 commotionisetllnie
432 4263 536 4335 (detti.
548 4279 636 4333 xxvii,
649 4263 705 4335 25).
716 4263 789 4328 Quid
804 4279 922 4319 necessa
977 4264 1064 4322 lucem
1078 4266 1168 4338 (loon.
1185 4283 1226 4334 nr,
1242 4265 1308 4336 20);
1325 4269 1354 4321 et
1369 4281 1489 4322 necesse
1504 4271 1548 4322 est
1573 4270 1605 4322 ut
1627 4267 1678 4338 qui
1701 4267 1801 4324 lumen

93 4359 144 4411 cat
157 4370 236 4411 nunc
251 4353 416 4410 describere
431 4356 556 4426 quantas
571 4351 601 4407 in
618 4356 741 4425 utraque
756 4351 922 4424 captivitate
977 4353 1081 4426 oderit,
1098 4371 1164 4410 eum
1174 4354 1535 4427 tenebraeonsequantur.
1549 4354 1613 4410 Dies
1624 4354 1802 4412 eritncbule

95 4441 296 4500 sustinuerint
310 4440 692 4514 calamitates,etquemodo
702 4439 752 4511 qul
765 4439 860 4496 lucem
873 4445 923 4497 Do·
938 4459 962 4524 p
977 4446 1006 4499 et
1017 4442 1164 4511 turbinis3
1181 4442 1275 4501 veniet
1291 4443 1368 4498 enim
1385 4459 1474 4514 super
1488 4458 1555 4498 eum
1570 4445 1730 4514 tempestae
1744 4442 1802 4499 Do.

92 4531 173 4589 mini
187 4535 375 4604 respuerunt,
387 4531 417 4586 in
434 4529 563 4587 tenebris
578 4528 650 4585 etin
666 4528 791 4602 caligine
818 4529 924 4586 versati
978 4531 1064 4597 mini,
1080 4536 1108 4587 et
1122 4531 1242 4604 clangor
1256 4532 1333 4587 tubae
1350 4548 1438 4603 quam
1460 4529 1616 4604 Apostolus
1642 4529 1803 4604 significat,

93 4620 171 4688 siut,
186 4624 214 4678 cl
225 4621 274 4694 qui
286 4620 443 4677 noluerunt
456 4618 632 4676 solemnium
643 4617 757 4673 dierum
769 4617 870 4674 audire
881 4621 925 4674 tu·
978 4620 1098 4677 dicens:
1115 4622 1147 4677 ln
1157 4622 1307 4677 nomsoirnu
1321 4620 1387 4676 tude
1403 4620 1425 4687 (l
1443 4620 1508 4677 Cor.
1524 4635 1571 4684 xv,
1585 4617 1642 4689 52).
1654 4618 1713 4674 Erit
1724 4618 1804 4675 enim

92 4705 926 4782 manuninumelamoremmiolangorem]bellantiumr
978 4709 1042 4764 dies
1057 4709 1133 4764 ruba
1148 4714 1177 4792 ct
1192 4705 1572 4781 clangorissupercivitates
1583 4704 1804 4778 munitas,quas

91 4798 137 4856 De
148 4798 315 4855 civitatibus
327 4802 426 4854 autem
439 4795 561 4853 munitis
570 4800 600 4852 et
610 4794 731 4851 excelsis
743 4794 859 4869 angulis
874 4796 924 4852 Ju-
979 4794 1035 4850 sibi
1050 4794 1079 4849 in
1092 4793 1471 4867 multitudinepcccatorum
1480 4809 1547 4850 cum
1559 4792 1629 4850 Cain
1639 4792 1802 4849 edificave-

91 4888 176 4955 deae,
194 4887 244 4959 qui
255 4886 310 4959 [ai.
333 4883 422 4958 quod]
436 4885 471 4940 ad
485 4883 562 4941 092
578 4880 675 4939 solum
686 4898 780 4955 usque
796 4889 865 4940 sunt
879 4883 923 4939 di·
979 4888 1055 4940 rant.
1073 4884 1107 4938 llt
1122 4900 1210 4955 super
1224 4882 1349 4956 angulos
1364 4881 1504 4949 excelsos,
1520 4898 1608 4955 opera
1627 4898 1763 4956 perversa
1777 4890 1805 4939 at

91 4975 168 5043 ruti,
183 4979 256 5048 puto
266 4973 418 5031 oculorum
430 4972 526 5045 magis
536 4988 600 5028 esse
617 4987 707 5044 quam
717 4971 833 5028 aurium
843 4971 924 5044 judi·
980 4971 1261 5028 areetaviaDomini
1271 4971 1619 5041 declinantia(dl.arecta
1627 4971 1674 5028 via
1684 4969 1805 5027 devian-

92 5065 197 5124 cium:
213 5064 300 5122 nobis
312 5062 474 5136 prasertim
487 5061 536 5134 qui
548 5078 627 5117 nunc
638 5060 668 5117 iu
679 5061 850 5118 istasumus
860 5077 924 5134 pro
980 5059 1043 5132 tia).
1056 5061 1139 5117 Unde
1149 5066 1177 5117 et
1188 5079 1205 5117 a
1215 5059 1362 5117 Salvatore
1373 5068 1537 5134 arguuntur
1551 5057 1693 5135 ὑποκρίται
1705 5059 1806 5116 Pheri-
1897 5086 1899 5095 ·

92 5152 195 5210 vincia
209 5151 276 5208 lieet
290 5152 397 5216 videre,
413 5149 480 5206 licet
501 5150 624 5223 probare
638 5165 703 5222 qua
718 5150 829 5223 scripta
843 5154 922 5206 sunt.
978 5150 1042 5217 soi,
1060 5151 1138 5222 quod
1151 5151 1273 5207 adorent
1288 5150 1341 5222 (lt.
1361 5152 1453 5222 orent)
1464 5150 1493 5205 in
1505 5148 1620 5223 angulis
1641 5147 1804 5239 platearum

88 5241 312 5299 Vlsruinarum
320 5255 408 5314 parva
418 5239 541 5312 vestigia
551 5239 580 5293 in
592 5238 708 5311 magnis
719 5239 923 5311 qnondamur·
979 5239 1082 5309 (Datin.
1099 5240 1149 5312 vr).
1165 5239 1220 5296 Via
1230 5241 1307 5296 enim
1321 5244 1401 5297 recta
1409 5244 1438 5295 et
1448 5240 1571 5296 tendens
1580 5239 1617 5295 ad
1628 5238 1801 5312 paradisum

91 5331 188 5397 bibus
204 5329 362 5388 cernimus.
379 5326 450 5400 Silo,
462 5327 511 5384 ubi
523 5326 746 5384 tabernaculum
756 5333 785 5384 et
797 5328 924 5385 arcal'e·
979 5334 1070 5397 arcta,
1081 5335 1110 5386 et
1118 5334 1245 5403 angusta
1255 5334 1299 5386 est
1309 5346 1374 5401 qua
1384 5327 1465 5384 ducit
1474 5327 1618 5385 advitam.
1633 5325 1687 5383 Via
1704 5330 1804 5385 antem

134 5545 176 5622 (a)
191 5543 298 5607 Vitiosa
313 5545 376 5601 eret
389 5558 480 5619 penes
494 5540 705 5615 usulensem,
720 5542 842 5620 ienuam.
854 5545 925 5608 llas.
945 5543 1036 5607 nostri
1051 5548 1118 5622 post
1131 5543 1294 5606 Victoriam
1308 5541 1466 5619 annnam.

259 5667 502 5738 Pinealilli'.
1601 5670 1643 5737 la
