3818 6104
109 325 167 401 lii
740 336 773 400 S.
797 334 953 400 assumi
974 332 1195 399 sinuentur
1750 327 1812 398 102

92 516 95 523 .
145 466 710 545 (Vara.15).llpoipiturteucuimouum
735 489 825 529 meam
852 471 1136 545 superAtico:Epo
1145 471 1359 542 interficiamur
1368 469 1590 543 epocicificobo.
1602 473 1685 528 Deest.
1695 469 1808 543 unffi.

110 579 153 619 eos
164 562 436 628 aeneadumque
446 562 483 634 (a)
493 562 631 618 educerem
643 579 686 618 eos
696 565 726 618 in
740 567 933 634 terramquom
987 566 1149 617 Possumus
1160 567 1187 617 et
1202 562 1256 617 boc
1264 563 1350 633 juxta
1359 561 1485 616 litteram
1500 562 1595 617 dicere
1604 560 1681 631 quod
1692 577 1750 616 non
1762 559 1810 618 de

109 650 174 707 dedi
189 653 238 716 eis,
255 651 384 721 {tuerttem
400 652 602 707 taeteetmette:
611 653 784 723 praeeipuam
796 661 932 707 terrarum
987 649 1087 706 leverit
1097 652 1552 723 eos,nequeconsumpseritcum
1564 649 1810 722 stirpesuaatque

110 743 247 808 omniurn,
262 742 328 812 quio
336 741 445 810 judicia
455 757 516 797 meo
524 745 737 812 projeceruntet
747 744 776 797 in
789 743 932 812 prmeeptis
986 740 1134 811 progenis,
1151 741 1202 795 sod
1216 740 1378 795 interfectis
1394 739 1540 809 patribus,
1556 738 1717 810 pepercerit
1727 739 1808 810 liliis,

108 831 932 896 meianonombutaueroutetsabbatomeorioioeerunt.l'ost
986 844 1061 900 quos
1077 829 1105 883 in
1122 834 1230 885 terram
1246 827 1482 900 repromissionis
1496 828 1620 884 induxit.

110 919 187 976 idota
201 922 276 975 enim
291 936 337 975 ror
351 935 445 975 eorum
459 920 650 987 erudiebatur,
666 924 690 975 et
705 921 825 991 pepercit
837 921 930 975 oculus
1021 921 1114 989 (Mers.
1131 919 1165 972 l8
1180 919 1274 990 seqq.)
1291 920 1363 973 Diei
1376 927 1475 974 aretem
1490 918 1718 986 odfitioseorum
1729 918 1809 976 inso-

109 1024 184 1065 meus
197 1025 279 1081 super
288 1025 341 1077 eos,
353 1018 385 1063 ut
398 1025 453 1064 non
466 1011 644 1078 interficerem
655 1025 708 1073 eos,
720 1011 931 1079 neeeousumpsi
987 1006 1128 1063 titudine:
1144 1009 1173 1062 ln
1182 1009 1327 1077 preceptis
1338 1008 1407 1079 (sire
1419 1005 1569 1078 lepitimis)
1580 1016 1697 1076 patrum
1705 1011 1809 1063 oestro-

108 1114 151 1155 eos
166 1100 196 1154 in
212 1099 329 1155 deserto.
348 1099 417 1154 titt
429 1100 471 1153 :tt
485 1099 931 1170 epoleoarimnnummenmsuper
983 1096 1808 1167 runtnoliteincederemeojuduiaeorumcustodiebamur

109 1203 153 1244 eos
168 1189 198 1243 in
211 1187 326 1250 deserto,
342 1192 373 1242 ut
387 1189 498 1243 omuino
513 1203 566 1242 nou
575 1188 825 1243 introduceremus
835 1190 866 1243 in
877 1196 929 1242 ter·
983 1185 1807 1259 idolis(sivecapitationibus)eorumpotluomini.EpoDo-

109 1293 171 1333 rom
186 1293 267 1348 quom
281 1277 344 1332 dedi
357 1278 412 1331 eis:
428 1280 532 1331 terram
545 1278 677 1347 fluentem
692 1278 760 1332 tacte
778 1286 803 1332 et
827 1278 926 1332 melle:
983 1276 1746 1348 sitinusDeuauesterdnpreeeeptismeisumlrulote‚et
1756 1279 1807 1349 jo-

108 1368 189 1438 tauus
201 1369 240 1421 est
255 1366 329 1420 ultro
344 1380 451 1421 ornnem
466 1368 569 1420 terrum
579 1384 589 1420 :
603 1382 633 1421 eo
642 1367 713 1437 quod
719 1367 929 1437 justificationes
982 1365 1806 1435 diciorueorurtodite,el[aciteeoetsoblrotorneasoneti-

109 1471 183 1510 meos
199 1455 369 1526 repulerunt,
387 1458 413 1509 et
427 1456 457 1509 iu
465 1457 611 1525 praereptis
625 1457 693 1510 meis
706 1472 762 1511 non
775 1455 929 1511 ambulare·
981 1455 1115 1525 fientque
1124 1456 1162 1508 sit
1177 1456 1293 1524 sipnum
1307 1455 1385 1508 inter
1400 1459 1480 1508 nteet
1495 1469 1551 1519 ros,
1568 1459 1596 1508 et
1609 1455 1723 1510 sciatur
1734 1454 1806 1526 (sive

106 1551 184 1610 runt,
200 1551 226 1599 et
238 1544 353 1598 sabbato
365 1558 425 1598 meo
441 1544 622 1609 violaverunt,
638 1549 665 1599 et
679 1553 740 1615 post
750 1546 927 1613 copitationes
982 1552 1015 1598 ut
1029 1544 1139 1615 sciatis)
1154 1545 1222 1616 quin
1236 1559 1287 1613 epo
1300 1559 1363 1598 sum
1379 1544 1516 1598 Dominus
1531 1547 1605 1599 Deus
1618 1553 1720 1598 vester.
1737 1543 1807 1600 Post

106 1631 929 1705 cordiumsuorumambulaveruntdtpepereitoculusmeus
981 1630 1213 1688 interiectionem
1230 1636 1347 1703 patrum
1363 1631 1411 1703 qui
1431 1632 1459 1687 in
1490 1647 1588 1687 eremo
1615 1637 1801 1700 corruerunt,

2 1734 4 1739 ·
105 1735 251 1791 supereos,
263 1737 298 1777 nc
312 1721 429 1777 delerem
441 1737 494 1787 eos,
508 1726 534 1777 et
548 1738 601 1778 non
618 1724 743 1792 interiori
753 1724 838 1782 cosin
864 1738 927 1777 eon·
982 1726 1125 1793 precepta
1140 1723 1190 1775 dat
1205 1720 1282 1786 filiis,
1301 1722 1330 1776 iu
1346 1737 1471 1792 quorum
1488 1720 1581 1776 salute
1596 1721 1738 1777 misertus
1761 1725 1806 1777 est

105 1812 291 1881 sumptionem
306 1811 453 1866 indeserlo.
468 1811 777 1882 ltecreveramquidem
790 1816 928 1867 uttotum
943 1841 967 1907 B
984 1815 1112 1881 patrum.
1130 1811 1163 1865 lit
1178 1810 1316 1882 pepercit,
1332 1811 1440 1882 inquit,
1456 1809 1557 1866 oculus
1573 1811 1689 1866 Domini
1716 1826 1806 1883 super

106 1898 236 1955 furorem
252 1914 350 1954 meum
365 1900 544 1955 ellundarem
554 1916 707 1971 supernos,
719 1905 747 1955 et
757 1899 882 1955 dnlerem
896 1899 928 1954 il-

106 1986 926 2061 losatqueconsumerem:sedlecipropternomenmeum

107 2092 143 2132 ne
157 2076 315 2132 violaretur
329 2077 358 2132 in
370 2078 518 2148 gentibus,
547 2077 711 2134 Amaleeitis
740 2079 872 2134 videlicet
900 2085 927 2133 et

106 2164 228 2237 reliquis
241 2166 343 2234 (duod.
358 2183 417 2222 xvu
428 2172 531 2242 qltlum.
548 2169 615 2239 mv),
638 2185 702 2240 quae
718 2173 881 2224 contraeas
897 2167 925 2222 in

45 2283 49 2291 ·
105 2253 927 2328 solitudinedimicarunt,utnequaqunmindueerameos

104 2341 135 2398 in
150 2347 271 2409 terram,
282 2360 371 2416 quam
383 2345 425 2400 eis
435 2344 803 2416 pollicitussumltuentem
815 2347 887 2404 lacte
899 2352 928 2403 et

104 2431 201 2500 melle,
218 2449 282 2505 qua
294 2435 435 2505 precipua
445 2439 590 2490 terrarum
602 2435 734 2490 omnium
749 2439 803 2500 est,
814 2437 873 2491 sive
883 2437 925 2507 [o-

103 2537 163 2578 uus.
179 2525 378 2579 caussantem
394 2523 928 2596 poenoeestistiusquesententiaequia

101 2609 216 2682 judicia
232 2627 297 2667 mea
313 2613 505 2683 projecerant,
521 2618 550 2668 et
563 2612 593 2666 in
609 2613 759 2684 preceptis
779 2613 852 2670 meis
868 2631 925 2669 non

103 2699 926 2774 ambulaverant,etsabbatameaviolaverant.lpsiusque

104 2803 199 2844 cause
214 2787 275 2842 baec
290 2793 443 2858 causaest,
460 2793 492 2842 ut
506 2789 562 2844 ista
572 2806 630 2844 non
646 2790 782 2856 iacerent,
799 2791 866 2861 quia
877 2808 926 2847 cor

103 2888 206 2931 eorum
221 2875 333 2947 AEgypti
351 2873 430 2930 idola
443 2877 631 2948 sequebatur.
658 2878 787 2949 Pepercit
816 2883 922 2945 autem,

103 2962 154 3032 ait,
170 2962 273 3020 oculus
283 2980 366 3019 meus
380 2980 415 3020 ne
425 2965 616 3021 interficerem
627 2982 677 3022 eos
688 2973 775 3038 atque
786 2966 922 3034 delerem,

104 3053 924 3128 necomninoconsumerem.lnquoquaeritur,quomodo

102 3138 145 3196 cis
160 3141 332 3213 pepercerit,
348 3143 661 3213 quorumeadaverain
677 3144 833 3200 solitudine
858 3163 923 3201 cor·

982 1914 1048 1955 eos:
1066 1916 1101 1954 ne
1116 1901 1235 1955 omnino
1251 1900 1425 1954 interficeret
1437 1916 1487 1954 eos
1502 1903 1589 1970 atque
1620 1898 1728 1955 deleret
1753 1900 1804 1955 sed

982 1993 1079 2059 patres
1096 1989 1124 2043 in
1142 1987 1209 2045 liliis
1225 1993 1400 2043 reservaret:
1417 1988 1577 2059 eademque
1591 1993 1724 2059 testatur,
1739 2004 1803 2061 quae

982 2081 1011 2133 et
1025 2077 1159 2148 patribus
1175 2081 1219 2131 est
1234 2075 1368 2142 locutus;
1387 2080 1418 2131 ut
1432 2080 1588 2148 postquam
1604 2077 1633 2131 in
1649 2077 1804 2150 preceptis

981 2164 1062 2221 illius
1078 2165 1300 2232 ambulaverint,
1318 2169 1346 2220 et
1357 2165 1470 2236 judicia
1489 2164 1570 2221 illius
1599 2166 1802 2234 custodierint,

982 2260 1010 2310 et
1019 2254 1278 2310 sanctificationem
1290 2254 1403 2309 sabbati
1416 2254 1491 2325 qnod
1505 2254 1621 2326 signum
1632 2255 1734 2310 datum
1745 2259 1801 2323 est,

982 2343 1209 2399 reservaverint:
1224 2347 1293 2421 tupe
1308 2342 1403 2398 sciant
1417 2342 1487 2413 quia
1508 2343 1570 2414 ipse
1598 2343 1637 2397 sit
1662 2343 1803 2399 Dominus

982 2431 1060 2488 Dens
1080 2448 1193 2488 eorum.
1223 2431 1366 2501 Praecpta
1394 2435 1504 2497 autem,
1533 2435 1562 2486 et
1589 2430 1721 2505 legitima
1748 2449 1802 2504 pa·

981 2526 1071 2588 trum,
1088 2527 1117 2577 et
1125 2520 1238 2591 judicia
1252 2536 1363 2590 eorum,
1379 2536 1512 2575 errorum
1524 2519 1661 2575 inolitum
1686 2520 1803 2592 signifi-

981 2614 1046 2665 eat:
1062 2625 1097 2664 ne
1114 2614 1232 2681 peccata
1245 2624 1346 2663 eorum
1358 2609 1646 2680 imitentur‚quorum
1655 2613 1804 2664 tormenta

981 2699 1172 2771 perspiciunt.

1016 2787 1108 2858 (Vers.
1119 2787 1164 2857 21,
1176 2788 1235 2857 22.)
1247 2791 1280 2842 lit
1288 2788 1538 2842 exacerbaverunt
1549 2802 1593 2840 me
1601 2786 1664 2855 filii,
1676 2787 1707 2841 in
1727 2800 1804 2859 prae·

978 2878 1066 2945 ceptis
1081 2875 1152 2930 rneis
1165 2891 1221 2931 non
1236 2874 1471 2941 ambulaverunt,
1487 2883 1516 2930 et
1522 2876 1643 2947 judicia
1657 2892 1724 2932 meo
1746 2891 1803 2932 non

977 2965 1187 3027 custodierunt,
1203 2971 1236 3019 ut
1249 2966 1382 3039 facereret
1397 2981 1444 3030 eo,
1461 2980 1596 3035 quaeum
1606 2965 1802 3036 [semihomo

977 3054 1086 3110 riurein
1095 3054 1145 3118 eis,
1157 3054 1314 3109 etsabtato
1325 3071 1391 3109 meo
1399 3052 1591 3109 violaverunt.
1601 3056 1638 3107 Et
1647 3053 1801 3110 conrnune-

978 3148 1024 3198 tus
1035 3159 1097 3198 suru
1105 3151 1136 3198 ut
1146 3143 1465 3213 effunderemsurorem
1473 3158 1565 3197 meum
1572 3157 1660 3211 super
1666 3156 1715 3198 eos
1723 3143 1796 3198 281

103 3232 237 3297 ruerunt,
249 3234 279 3285 et
293 3236 412 3302 excepto
421 3230 491 3286 lesu
507 3231 594 3287 Nave.
606 3238 635 3287 et
648 3234 735 3289 Caleb
745 3233 804 3289 lilio
815 3235 923 3306 Jepho-
939 3208 960 3274 C
979 3236 1007 3286 et
1016 3231 1164 3300 implerem
1171 3233 1347 3286 irammeom
1354 3230 1801 3287 ineisindeserto.Auertioutem

103 3333 157 3387 naa,
171 3322 278 3375 terram
295 3319 532 3392 repromissionis
542 3320 642 3377 nullus
655 3321 807 3395 ingressus
818 3328 871 3379 est.
883 3324 924 3378 Ex

103 3423 161 3479 quo
176 3406 369 3481 intelligimus
384 3408 478 3464 vivere
492 3426 611 3482 eos,nec
627 3412 743 3467 aeternis
770 3411 923 3485 suppliciis

101 3500 273 3565 reservatos,
288 3514 341 3553 nec
356 3497 467 3554 deletos
482 3515 546 3554 esse
557 3499 593 3555 de
604 3497 856 3572 libroviventium
872 3518 924 3556 nee

101 3590 292 3659 consumptos
304 3591 371 3642 ante
387 3586 489 3643 faciem
508 3587 661 3644 Domini&
676 3589 833 3646 enimexeo
845 3591 921 3662 quod

100 3689 159 3731 non
166 3674 401 3731 suntintroducti
410 3675 552 3733 interram
560 3677 922 3750 repromissionis,perisse

99 3764 237 3821 credendi
252 3769 336 3820 sunt:
353 3781 421 3837 ergo
437 3771 464 3822 et
479 3767 592 3838 Moyses
603 3766 698 3839 periit,
711 3767 761 3838 qui
777 3766 921 3822 vidittan·

99 3853 164 3908 tum
179 3858 286 3909 terram
302 3854 547 3926 repromissionis,
563 3860 592 3911 et
602 3872 659 3911 non
671 3861 716 3911 est
730 3856 881 3926 ingressus
891 3857 921 3911 in

99 3940 219 3997 eam.De
230 3958 288 4014 quo
303 3943 332 3996 in
345 3941 419 3998 libro
429 3943 498 3999 lesu
509 3943 653 4000 Dominus
662 3944 793 4015 loquitur
803 3963 809 4000 τ
819 3947 921 4016 Moyses

96 4027 223 4096 tumulus
237 4046 314 4085 meus
323 4041 448 4086 nurtuus
462 4035 499 4087 est
514 4031 602 4102 (Dent.
618 4033 756 4103 xxxiv,5).
774 4033 808 4086 st
819 4034 847 4087 in
861 4034 920 4089 Ma·

97 4113 213 4172 lacbia:
229 4122 389 4175 ttenuutou
406 4121 487 4189 topia
498 4121 592 4192 Moysi
601 4121 674 4175 serni
684 4123 740 4175 mei
749 4121 919 4191 (Motoeltpv.

99 4204 136 4278 4).
152 4206 188 4261 st
202 4205 233 4263 in
249 4207 471 4279 aaoteremia,
484 4208 569 4280 quasi
585 4209 621 4264 de
636 4209 740 4278 amico,
757 4211 919 4266 etfamilia-

97 4293 215 4352 rissimo
231 4313 284 4352 auo
299 4295 429 4368 loquitur
443 4301 539 4354 Deus:
556 4298 590 4355 Si
602 4299 732 4355 steterint
756 4304 866 4370 Moyses
894 4305 921 4356 et

95 4386 213 4443 Samuel
228 4387 260 4442 in
275 4387 877 4461 conspeetumeo(terena.xv,l).a1ioqnin
893 4394 921 4446 et

97 4471 191 4546 Moysi
201 4490 301 4546 preces
312 4476 463 4532 exauditas
474 4493 538 4533 osse
548 4477 727 4533 eredendum
737 4482 791 4546 est,
801 4480 919 4550 quando

976 3337 1095 3376 monum
1110 3337 1216 3387 meam,
1232 3333 1258 3376 et
1272 3322 1329 3392 feel
1340 3331 1569 3393 propteruomen
1583 3337 1687 3389 nreurn,
1705 3327 1802 3377 utnon

976 3411 1245 3466 violaretureorom
1251 3411 1380 3481 pentibus
1391 3411 1428 3466 de
1437 3411 1539 3482 quitus
1545 3410 1616 3482 ejeci
1620 3427 1668 3465 eos
1673 3411 1802 3466 inoculis

976 3516 1090 3555 earum.
1108 3500 1162 3554 Sed
1179 3505 1208 3555 et
1224 3498 1286 3567 lilii,
1303 3500 1414 3579 inquit,
1425 3505 1579 3571 parentum
1595 3498 1707 3555 scelera
1730 3503 1802 3556 sunt

977 3589 1081 3659 secuti,
1097 3589 1286 3659 feceruntque
1302 3589 1479 3659 omniaque
1494 3586 1536 3642 illi
1552 3588 1698 3643 fecerant:
1722 3588 1801 3645 unde

976 3681 1005 3732 et
1019 3675 1146 3732 similem
1158 3693 1290 3733 meruere
1302 3677 1477 3733 sententiam
1492 3694 1499 3743 3
1515 3678 1681 3733 sedendam
1697 3692 1756 3748 qua
1772 3681 1801 3733 et

975 3769 1073 3837 patres
1088 3782 1189 3821 eorum
1200 3764 1403 3821 misericordiae
1415 3781 1486 3821 mea
1498 3764 1800 3836 magnitudiuereser

975 3854 1034 3911 vati
1050 3858 1130 3919 sunt,
1146 3859 1175 3910 et
1189 3855 1225 3910 ob
1242 3855 1358 3910 easdem
1374 3871 1489 3921 causas,
1507 3854 1614 3925 quibus
1634 3858 1663 3910 at
1677 3861 1800 3927 patrum

976 3943 1116 3999 misertus
1132 3961 1215 3999 suni:
1233 3949 1265 3999 nt
1278 3961 1355 3999 unus
1370 3948 1457 4016 atque
1472 3944 1551 4000 idem
1566 3944 1685 3999 Creator
1698 3943 1798 3999 ambo·

975 4048 1040 4087 rum
1058 4030 1146 4086 simili
1162 4031 1236 4087 iram
1253 4049 1347 4087 meam
1361 4033 1503 4105 patientia
1518 4031 1800 4105 mitigaremMani·

976 4119 1049 4176 lesta
1066 4121 1274 4191 percurrimus
1290 4127 1318 4176 et
1334 4122 1368 4175 ad
1385 4121 1554 4177 obscuriora
1569 4120 1742 4177 transimus.

1011 4207 1104 4277 (Vere.
1119 4209 1167 4276 23,
1182 4211 1217 4264 2l
1233 4226 1307 4281 seq.)
1323 4213 1432 4264 lteritm
1443 4210 1801 4267 Mourimenurnmeomin

973 4311 1019 4353 eos
1035 4298 1067 4351 in
1085 4297 1250 4365 solitudine,
1266 4299 1580 4370 utdisperperemitlos
1590 4298 1799 4355 tornutionibus

975 4385 1070 4458 {Vulg.
1082 4389 1234 4458 meliorest,
1244 4395 1272 4443 et
1284 4389 1455 4443 saulitarum
1463 4390 1491 4444 in
1500 4389 1741 4460 terrasseoquod
1747 4389 1801 4460 ju·

973 4476 1583 4547 diciomeouonseeissentetpraeceptameo
1592 4480 1801 4546 reprobassent

97 4577 150 4634 pro
166 4563 274 4636 populo
292 4564 493 4637 interpellans,
509 4566 550 4620 ait
563 4584 569 4622 :
582 4566 613 4622 Si
626 4567 751 4622 dimittis
765 4568 806 4622 eis
819 4583 919 4636 pecea-
936 4579 958 4643 1)
974 4575 1002 4622 et
1020 4567 1141 4622 sabbato
1155 4566 1392 4630 meooiolossent,
1408 4573 1510 4635 etpost
1520 4567 1800 4639 idolo(siveeopita-

97 4658 169 4719 tum,
185 4653 300 4710 dintitte
310 4655 376 4720 ,·sin
396 4663 490 4710 nutem
501 4655 860 4722 nonvis,medeledelioro
871 4663 921 4713 tuo

97 4757 183 4813 quem
191 4745 340 4815 scripsisti
354 4744 453 4816 (Esca.
469 4761 556 4813 xxxu,
568 4746 612 4813 32,
628 4746 683 4815 33).
698 4745 719 4801 U
739 4750 835 4801 autam
848 4746 919 4802 acia·

100 4833 359 4889 mussantentiam
371 4832 601 4889 Deiinlilioset
629 4833 764 4904 famulos,
796 4852 852 4892 nou
883 4837 918 4891 ad

97 4916 305 4988 perditionem,
322 4921 373 4977 sed
402 4920 639 4977 emendationem
667 4922 741 4991 lieri,
764 4923 920 4979 audiamus

96 5004 921 5082 testimoniaScripturarum.Fili,neconlristerisaddisei-

91 5094 558 5171 plinomDominimrquedeficioe
567 5101 686 5172 quando
700 5100 736 5156 ab
745 5116 779 5157 eo
789 5102 922 5172 orpueris

97 5183 238 5256 (Proum,
256 5185 310 5252 ll).
328 5189 602 5258 Quemenimditiplt
616 5190 762 5257 Dominus,
774 5191 894 5263 corripit
910 5210 919 5247 .·

95 5271 455 5347 tupettotauremomuem
464 5278 643 5350 filiumquem
653 5280 919 5350 recipitlHetr.xi1.

96 5362 135 5430 6).
154 5363 187 5417 tit
202 5363 231 5417 in
247 5359 303 5417 alio
319 5361 381 5417 loco
396 5379 402 5417 :
416 5364 484 5420 Cum
496 5367 801 5436 interficereteos,tunc
815 5384 921 5441 quare·

94 5450 331 5514 donterunll'sot.
348 5468 451 5520 cxxvii,
467 5454 562 5525 ‘elidit
573 5456 826 5514 inDeuteronomii
842 5461 919 5515 Can·

974 4657 1204 4727 tionesipotrum
1216 4671 1334 4711 suorum
1348 4655 1557 4725 subsentoculi
1565 4671 1675 4712 eorum.
1685 4659 1800 4726 lirpoet

974 4761 1028 4816 eoo
1042 4746 1109 4800 dedi
1115 4745 1156 4800 eis
1162 4751 1307 4814 precepta
1317 4760 1373 4800 non
1389 4748 1472 4815 oona,
1488 4754 1516 4802 et
1524 4745 1682 4816 judiciuin
1694 4746 1798 4816 quibus

973 4832 1325 4903 nonoioent,etpolluieos
1335 4835 1608 4890 inmuneritussuis
1628 4848 1695 4891 cum
1709 4835 1799 4906 offer-

974 4928 1037 4978 rent
1053 4923 1126 4994 (sive
1141 4923 1368 4991 transducerent,
1381 4940 1464 4979 onrne
1481 4925 1560 4997 quod
1574 4924 1672 4995 caperit
1685 4926 1800 4980 seutiam

974 5021 1092 5085 propter
1106 5012 1215 5069 delicto
1228 5030 1282 5069 suo
1297 5014 1359 5086 (pro
1375 5030 1433 5085 quo
1447 5014 1514 5070 Lxx
1529 5013 1756 5082 transtulerunt,
1767 5021 1801 5069 ut

974 5102 1097 5158 delerem
1113 5118 1159 5158 eos
1173 5106 1202 5158 et
1217 5104 1295 5174 qnod
1311 5101 1354 5157 illi
1369 5103 1647 5175 praetermiserunt):
1664 5109 1693 5159 et
1707 5103 1801 5160 scierat

973 5193 1043 5265 quio
1056 5208 1109 5263 epo
1123 5193 1271 5249 Dominus.
1283 5191 1335 5248 Ubi
1351 5191 1381 5246 in
1396 5193 1485 5247 veteri
1499 5192 1686 5249 Testamenta
1697 5196 1802 5249 oonba

973 5280 1049 5336 filios
1061 5281 1273 5352 eorumquiin
1285 5279 1635 5351 solitudinecorruerunt,
1648 5281 1796 5339 Dominus

973 5369 1109 5426 levaverit
1120 5386 1238 5425 manum
1250 5385 1344 5439 suam,
1357 5369 1456 5426 volans
1466 5387 1516 5426 eos
1530 5371 1696 5444 dispergere
1706 5370 1737 5426 in
1749 5387 1803 5428 ua-

974 5459 1078 5525 tiones,
1088 5459 1302 5531 Scripturanon
1315 5457 1399 5514 dicit:
1416 5459 1466 5515 sed
1489 5476 1524 5516 ex
1539 5477 1572 5516 eo
1586 5461 1665 5532 quod
1678 5460 1727 5517 bic
1751 5477 1802 5518 re·

128 5642 167 5718 (a)
182 5642 298 5703 scilicet
312 5645 381 5704 hinc
395 5647 537 5747 educerem
550 5649 581 5710 in
591 5654 711 5723 terram,
726 5658 794 5727 ata,
824 5671 919 5731 nequa
937 5655 1009 5714 adeo
1025 5658 1087 5714 erat
1100 5671 1153 5712 cur
1166 5654 1314 5715 Victorius
1329 5656 1637 5721 mimatensium.
