3818 6104
92 280 148 344 l53
386 285 762 353 COMMENTARIORUM
784 291 821 350 ΙΝ
847 288 1093 352 uzuufllduen
1118 292 1193 351 LlB.
1216 290 1295 363 XIV,
1319 292 1405 353 CAP.
1428 287 1519 352 va.
1735 294 1797 358 45*

96 415 192 472 alterat
207 415 278 472 duci
293 415 353 473 sive
367 418 504 492 principi,
516 420 594 493 quod
620 420 753 477 videlicet
768 438 820 494 per
829 420 913 477 illum
929 424 955 489 Α
971 420 1007 494 (b)
1017 421 1164 478 concedent.
1174 423 1206 478 m
1215 421 1300 496 societ
1308 424 1436 495 princeps
1447 424 1478 478 in
1489 422 1534 478 die
1543 424 1594 479 illo
1602 439 1653 495 pro
1664 440 1702 494 se,
1713 430 1798 498 etpro

98 502 273 573 holocausta,
290 511 318 562 et
333 507 487 579 sacrificia,
498 513 526 563 et
540 507 681 566 libamina
692 510 722 565 in
734 509 860 583 singulis
873 528 917 567 sc
970 513 1097 566 universo
1110 512 1210 583 popolo
1225 513 1308 568 terrae
1322 512 1440 567 nitidem
1454 528 1503 584 pro
1517 515 1636 584 peccato.
1653 514 1686 569 lit
1698 516 1797 585 insep-

100 593 294 651 lemnitatibus
309 597 468 652 offerantur
482 614 534 670 pro
550 597 667 670 populo,
685 603 711 655 ot
726 600 859 672 expietur
869 601 918 655 do·
971 607 1025 656 tem
1040 601 1148 656 dierum
1161 602 1334 656 solemnitate
1353 603 1438 672 societ
1460 601 1651 657 holocaustum
1664 605 1797 659 Domino:

104 699 157 740 nus
168 682 231 738 Dei.
244 688 352 757 linquo
363 686 668 754 animadvertendum,
680 691 758 760 quod
771 689 917 760 quomodo
971 698 1074 760 septem
1090 690 1199 757 vitulos,
1214 698 1239 745 et
1252 697 1352 760 septem
1366 692 1463 745 arietes
1473 692 1668 748 immaculatos
1677 693 1800 764 qnotidie

106 769 217 844 populus
228 770 400 828 debitorcst
410 773 608 845 primitiarum
620 775 832 831 offerendarum
841 777 918 849 prin·
971 785 1072 848 septem
1087 776 1191 841 oteres,
1208 786 1233 832 et
1242 794 1294 848 pro
1309 782 1419 849 peccato
1434 779 1542 833 nircum
1562 794 1711 850 caprorum
1727 797 1797 854 qoo-

109 860 169 933 cipi:
182 860 224 915 sic
242 861 379 934 princeps
389 861 504 918 debitor
522 868 567 919 est
586 863 686 936 populi
706 865 808 920 oltorrc
819 882 869 936 pro
886 882 919 920 eo
972 866 1051 933 tidie,
1067 868 1099 920 Et
1112 869 1281 937 sacrificinm
1305 868 1367 938 epti
1388 867 1471 938 [lllss
1488 867 1585 939 tepet]
1599 885 1649 940 per
1666 872 1798 941 citatem,

110 947 236 1015 victimas,
253 965 341 1021 quem
354 952 438 1020 juxta
451 951 645 1025 tropologiam
662 970 719 1009 non
732 953 822 1009 alium
834 954 919 1009 intel·
974 958 999 1009 et
1014 954 1081 1025 epiri
1093 971 1142 1025 per
1153 956 1266 1010 arietem
1280 957 1365 1026 [reciet
1372 974 1383 1010 :
1393 957 1537 1012 etoleilrin
1546 972 1596 1028 per
1603 959 1715 1027 sinente
1724 959 1797 1032 epiri.

112 1037 425 1111 ligeropossumus,nisi
436 1039 595 1096 Dominum
605 1041 795 1098 Salvatorcm.
810 1044 866 1099 lste
876 1046 921 1098 est
975 1041 1093 1115 Septimo
1107 1060 1212 1114 mense,
1228 1044 1433 1115 qairrtcdecimo
1448 1046 1496 1101 die
1509 1048 1608 1101 niensis
1627 1049 1657 1102 in
1671 1049 1800 1104 solemni·

116 1126 149 1199 qui
159 1126 339 1182 deducentis
350 1127 427 1184 588
439 1129 640 1184 animantibus
653 1131 777 1202 suscipit
788 1131 919 1197 arietem,
974 1133 1038 1194 tote,
1053 1133 1137 1200 societ
1151 1134 1220 1186 sicet
1233 1149 1316 1204 supro
1337 1132 1409 1189 dicta
1439 1141 1504 1188 ssent
1527 1152 1580 1205 per
1607 1144 1707 1207 septem
1722 1136 1798 1192 dies:

118 1217 159 1271 sire
173 1218 201 1270 ut
215 1215 434 1288 significantius
449 1217 608 1273 Hebraicus
620 1235 715 1275 sermo
728 1221 919 1289 demonstrat,
975 1227 1032 1275 tom
1045 1236 1095 1292 pro
1108 1224 1228 1292 peccato,
1244 1237 1327 1293 quom
1340 1238 1391 1294 pro
1404 1223 1567 1292 holocausto,
1583 1228 1610 1279 et
1625 1227 1654 1280 in
1664 1225 1801 1295 sacrificio

121 1303 235 1377 Metapa,
256 1305 334 1375 quod
349 1306 385 1360 ad
397 1310 502 1362 cancta
511 1307 682 1379 animantia,
695 1312 726 1363 et
735 1325 791 1364 non
804 1310 921 1382 proprie
975 1317 1000 1364 et
1020 1311 1049 1364 in
1064 1311 1131 1365 oleo.
1146 1310 1253 1366 Totum
1268 1309 1430 1383 capitulum
1444 1312 1540 1382 posui,
1557 1329 1593 1368 ne
1607 1314 1734 1369 divisum
1750 1331 1802 1386 per

121 1393 144 1450 ad
154 1393 266 1449 arietem
283 1394 385 1449 referri
410 1398 517 1466 potest,
542 1399 570 1451 et
596 1397 721 1469 suscipit
745 1396 855 1453 animal
876 1399 921 1452 vel
976 1396 1361 1471 singulalegentisanimum
1374 1401 1571 1456 conturbarat.
1582 1402 1616 1456 lit
1627 1403 1801 1474 primumde

123 1483 285 1554 arietem,qui
296 1483 920 1557 nutrituscstinlocisirriguis,sanctarum,
976 1486 1225 1559 interpretationis
1240 1487 1378 1543 ranetam
1394 1489 1551 1544 dicendum
1565 1493 1617 1545 est.
1630 1489 1682 1545 Ubi
1696 1508 1749 1547 nos
1760 1491 1801 1545 in-

123 1570 467 1643 ridelicetscripturarum,
488 1577 517 1628 et
533 1577 629 1645 potest
644 1575 758 1631 dicere:
777 1575 922 1632 Dominus
975 1575 1123 1647 terpretati
1134 1577 1798 1650 sumus,inquotuoronpetiscrepidinisaltaris.

126 1661 191 1732 pascit
200 1677 256 1729 me,
266 1660 374 1716 etnihil
386 1660 459 1717 mihi
470 1662 578 1718 deerit:
590 1663 620 1718 in
630 1662 692 1719 loco
703 1680 817 1736 pascue
826 1664 866 1719 ibi
876 1682 922 1721 me
979 1664 1047 1719 LXX
1062 1663 1288 1731 transtulerunt,
1304 1667 1328 1720 et
1344 1681 1425 1737 snper
1440 1669 1557 1736 quotuor
1566 1668 1683 1735 angelos
1694 1669 1799 1740 templi,

126 1749 254 1818 collocavit,
264 1750 920 1826 superaquasrelectioniseducavitmc(Pset.
977 1763 1002 1810 et
1016 1770 1099 1825 seper
1113 1756 1212 1808 attare.
1230 1753 1263 1808 st
1278 1754 1326 1808 ubi
1344 1772 1397 1810 nos
1412 1755 1551 1825 diximus,
1575 1772 1626 1827 pro
1640 1772 1801 1829 unoquoque

127 1855 174 1908 nu,
187 1840 209 1908 l,
224 1840 262 1909 2).
279 1839 345 1894 llrcc
361 1844 444 1895 crant
460 1840 581 1912 irrigua,
597 1841 689 1897 immo
708 1841 874 1909 biennales,
886 1844 921 1898 ad
978 1844 1025 1914 qni
1042 1845 1191 1912 ignorarat,
1208 1850 1233 1898 et
1246 1859 1339 1898 errore
1351 1844 1473 1915 ‹arreptas
1487 1851 1547 1899 est:
1563 1842 1605 1898 illi
1623 1850 1798 1916 posuerunt,

127 1943 178 1998 quos
190 1933 214 1984 et
227 1928 317 1984 Jacob
334 1929 461 1986 ducebat
475 1945 581 2002 pecora
594 1946 658 1999 sua,
676 1931 748 1986 utin
760 1931 833 2003 ipsis
845 1933 924 1988 bibe·
975 1947 1026 2003 pro
1040 1934 1194 2002 ipromme,
1210 1936 1236 1986 et
1247 1947 1296 2003 pro
1308 1933 1435 2004 portanto.
1452 1933 1482 1987 ln
1498 1949 1531 1987 co
1544 1948 1661 2004 quoque
1679 1933 1728 1988 ubi
1746 1951 1798 1990 nos

126 2021 259 2089 notatque
270 2017 466 2089 conciperent,
482 2019 600 2089 atjuxta
618 2019 767 2092 virgarum
786 2020 921 2089 colorem,
977 2020 1116 2088 diximus,
1133 2027 1159 2076 et
1172 2022 1340 2091 sacrificium
1353 2022 1418 2093 epiri
1429 2037 1478 2093 per
1492 2022 1619 2090 vitutem,
1634 2025 1660 2077 et
1674 2021 1740 2094 epiri
1752 2038 1803 2096 per

125 2105 303 2163 tetusederent
314 2106 438 2162 Domino
449 2107 638 2178 (Genesxxsr).
648 2108 923 2179 Prosacrisscic,hoc
977 2112 1091 2165 arietem
1103 2112 1203 2180 teciet:
1219 2119 1244 2166 et
1258 2110 1313 2165 otei
1326 2111 1375 2166 ltin
1388 2127 1438 2182 per
1451 2112 1562 2182 stapulo
1576 2111 1660 2182 epiri:
1681 2110 1802 2169 illorum

124 2193 921 2270 esttrclpplquilaetSymmachusdoneminterpretantur:
978 2199 1066 2254 editio
1082 2202 1181 2254 tenet:
1204 2203 1228 2255 et
1245 2199 1421 2271 sacrificinm,
1445 2203 1471 2255 et
1493 2203 1640 2256 coctionem
1665 2202 1759 2272 uitulo,
1778 2210 1803 2258 et

122 2285 187 2356 quod
199 2284 227 2340 in
241 2285 379 2341 Hebraico
395 2286 502 2342 dicitas
519 2303 617 2342 amnne
631 2287 749 2359 (enm),
761 2293 790 2344 et
807 2287 924 2360 proprie
977 2288 1124 2343 coctionem
1133 2289 1217 2342 arieti
1226 2286 1315 2355 itatis,
1327 2293 1353 2343 et
1362 2287 1477 2343 oteibin
1484 2291 1622 2345 coctionis.
1634 2290 1665 2346 ln
1674 2295 1802 2347 extremo

121 2390 171 2429 noa
183 2374 298 2446 pertinet
314 2375 350 2431 ad
368 2374 507 2443 hostiam,
524 2377 574 2431 sed
591 2376 626 2431 ad
638 2393 672 2432 ea
687 2393 745 2449 qua
760 2393 794 2432 ex
814 2377 923 2447 simila,
979 2392 1097 2448 quoque
1110 2375 1264 2444 versiculo,
1280 2376 1331 2432 ubi
1348 2393 1401 2432 nos
1416 2377 1545 2434 diximus
1559 2395 1565 2432 ε
1578 2381 1608 2433 in
1629 2381 1764 2450 sacrificio
1779 2389 1804 2436 et

118 2468 144 2517 et
164 2461 272 2534 polenta
294 2467 323 2519 et
347 2463 410 2520 oleo
433 2464 597 2520 offeruntur
619 2464 648 2520 in
670 2465 826 2521 sacrificio.
846 2465 924 2521 llolo·
978 2463 1756 2535 inoleo:illidixerunt,sicetiemoneo,sicetinoleo:
1769 2470 1801 2525 ln

116 2556 228 2608 menam
241 2569 308 2608 vero
321 2557 376 2619 cst,
393 2554 471 2625 quod
483 2557 577 2609 totum
589 2553 710 2609 offertur
721 2555 789 2624 Deo,
802 2558 830 2610 et
841 2571 924 2610 sacro
979 2554 1084 2626 primo,
1095 2553 1201 2625 inquit,
1214 2568 1314 2608 mense
1324 2557 1353 2608 ct
1364 2553 1459 2624 prima
1468 2554 1515 2609 die
1526 2555 1636 2610 mensis
1646 2555 1735 2626 (baud
1747 2557 1801 2613 du·

116 2640 173 2713 igne
201 2642 393 2698 consumitur.
415 2643 544 2713 Pacifico,
559 2644 677 2714 quando
701 2641 926 2719 reconciliamur
979 2641 1071 2708 bium,
1094 2640 1163 2713 quin
1179 2640 1268 2696 Nisan
1286 2640 1443 2713 significet)
1457 2658 1558 2698 sumas
1569 2642 1694 2700 vitulum
1707 2644 1743 2699 de
1755 2661 1800 2700 ar·

114 2729 179 2800 lleo;
195 2735 224 2786 et
236 2748 289 2804 pro
304 2731 389 2787 nobis
415 2731 573 2804 Apostolus
595 2731 743 2803 loquitur:
769 2733 926 2788 Precamur
980 2734 1097 2786 mento:
1114 2747 1170 2785 non
1188 2729 1238 2802 qui
1254 2729 1332 2785 domi
1349 2730 1477 2787 nutritus
1491 2731 1540 2801 sit,
1568 2732 1619 2787 sed
1645 2731 1696 2804 qni
1712 2732 1741 2788 in
1753 2751 1800 2790 ar-

113 2835 158 2891 pro
171 2820 293 2887 Christo,
310 2820 539 2876 reconciliamini
553 2821 612 2877 Deo
638 2823 672 2891 (ll
698 2821 758 2877 Cor.
774 2839 803 2888 v,
818 2823 874 2893 20).
891 2822 926 2877 Et
979 2824 1087 2886 mento,
1105 2819 1159 2874 hoc
1174 2824 1227 2886 est,
1244 2820 1280 2874 de
1294 2834 1381 2891 grege
1401 2823 1428 2874 et
1444 2835 1566 2876 numero
1591 2819 1799 2893 plurimorum.

112 2908 657 2982 inaliotellocozllcuseratinChristo,
670 2912 925 2968 mundumrocon·
980 2910 1011 2964 ln
1028 2907 1153 2981 septima
1169 2924 1284 2980 quoque
1299 2908 1432 2979 ejusdem
1449 2908 1559 2965 mensis
1575 2910 1640 2966 die:
1662 2928 1726 2983 quae
1737 2913 1804 2969 duae

113 2997 207 3054 cilicas
222 2998 277 3054 sibi
292 2998 385 3070 (leid,
403 3000 456 3069 19).
472 2999 528 3055 lste
540 3003 639 3055 autem
651 2998 797 3073 princeps,
809 3002 856 3057 oui
870 3002 925 3074 pri·
979 2997 1192 3069 solemnitates,
1208 2997 1263 3052 hoc
1278 3002 1332 3063 est,
1348 2995 1436 3068 primi
1451 2997 1562 3054 mensis
1577 3000 1673 3071 prima
1687 3001 1761 3069 dies,
1774 3006 1803 3058 et

113 3087 192 3142 mitiae
206 3087 240 3143 de
254 3088 454 3144 animantibus
469 3089 642 3158 offeruntur,
667 3089 729 3161 ipse
754 3094 797 3146 cst
813 3095 841 3146 et
855 3107 923 3147 rex:
979 3087 1111 3156 ejusdem
1128 3085 1262 3158 septima,
1278 3085 1309 3140 in
1325 3084 1388 3158 lege
1412 3086 1538 3142 llosaica
1559 3104 1617 3143 non
1641 3089 1798 3148 habentur.

114 3181 138 3230 et
147 3176 274 3234 incrueis
285 3194 403 3250 quoque
413 3176 498 3234 titulo
509 3179 728 3234 demonstratur
738 3179 886 3235 Hebraicis
897 3184 926 3236 et
941 3160 962 3226 (ἶ
983 3175 1275 3240 Quartumdecimum
1293 3179 1390 3230 autem
1402 3175 1480 3231 diem
1492 3177 1612 3246 mensis,
1625 3195 1682 3250 quo
1693 3179 1804 3239 Passshfl

116 3264 212 3321 Grecis
225 3265 332 3322 litteris
347 3283 380 3322 ac
395 3266 516 3323 Latinis.
529 3267 752 3340 Nitentibusque
763 3267 882 3339 iudicis,
895 3273 927 3324 ut
982 3263 1155 3329 celebratur,
1166 3267 1194 3319 et
1204 3264 1317 3336 Moyses
1328 3264 1700 3336 precepitobservandum,
1712 3286 1805 3341 quan·

117 3353 296 3426 deponeretur
310 3355 415 3410 titulus
428 3354 627 3427 triumphalis,
644 3357 778 3428 gentium
788 3356 818 3412 in
835 3357 926 3413 Pilato
981 3354 1018 3410 do
1030 3358 1140 3426 septem
1155 3353 1258 3408 diebus
1272 3369 1374 3426 azyma
1384 3353 1576 3409 comedimus.
1588 3355 1726 3419 Quartam
1736 3374 1804 3413 vero

119 3443 191 3498 turba
203 3444 371 3516 respondit:
388 3444 468 3507 Quod
486 3444 600 3517 scripsi,
608 3445 712 3516 scripsi
723 3446 815 3517 (iocre.
827 3464 854 3502 x.
869 3447 925 3519 22).
981 3441 1211 3508 solemnitatem,
1228 3441 1264 3497 do
1279 3458 1338 3514 qua
1353 3442 1442 3498 dicit:
1459 3441 1584 3514 septimo
1601 3459 1700 3499 mense
1715 3445 1802 3516 quin-

121 3530 169 3587 Sub
192 3532 331 3605 principe,
348 3533 455 3605 iuquit,
471 3537 567 3590 crunt.
593 3532 716 3590 Pulchro
739 3535 928 3591 sacerdotalis
981 3530 1128 3587 tadecima
1138 3530 1184 3586 die
1195 3529 1305 3586 mensis
1326 3530 1355 3585 in
1377 3530 1561 3587 solemnitate
1579 3531 1674 3602 (deod.
1690 3533 1752 3605 xn),
1774 3539 1803 3590 et

123 3618 231 3693 dignitas
249 3627 466 3694 commonetur,
483 3624 529 3679 cui
547 3624 679 3694 subjecta
703 3623 741 3679 sit
764 3625 880 3693 officim
895 3632 928 3681 ut
982 3627 1094 3688 cetera,
1105 3619 1219 3675 videtur
1229 3618 1301 3673 mihi
1312 3619 1391 3676 57⁰
1405 3618 1571 3691 significare
1585 3621 1801 3693 scenopegiam,

125 3710 183 3766 sciat
195 3727 223 3767 ae
238 3712 428 3768 sacrificium.
443 3717 471 3768 et
485 3712 627 3769 libamina
640 3730 704 3785 quae
721 3713 928 3770 offerunturex
983 3725 1071 3780 quam
1088 3707 1135 3762 hic
1151 3708 1213 3763 Sine
1237 3707 1355 3762 110ffliss⁰
1379 3707 1486 3779 POSUM·
1509 3710 1667 3765 curramus
1681 3725 1750 3782 ergo
1765 3712 1801 3766 ed

127 3797 178 3854 rino
188 3801 235 3872 [lt.
250 3802 364 3873 burnel,
381 3818 432 3875 pro
448 3801 554 3875 populo
570 3803 673 3859 olierre
687 3803 791 3858 debere
802 3804 831 3858 in
842 3819 928 3858 cunc·
983 3796 1107 3869 singula,
1122 3801 1150 3851 et
1160 3795 1322 3868 quidnobis
1330 3795 1471 3861 videatur,
1480 3795 1800 3857 breviterdisseramus.

129 3884 390 3948 tissolemnitatibus
403 3909 409 3946 :
422 3889 624 3946 tamvidelicet
634 3890 662 3946 in
676 3889 819 3957 kalendis,
831 3890 859 3946 id
872 3896 926 3962 cst,
981 3886 1052 3941 Esse
1067 3883 1267 3940 solemnitates
1289 3884 1467 3956 spirituales,
1482 3890 1511 3941 et
1525 3886 1683 3957 Apostolus
1700 3888 1802 3946 docet:

133 3979 276 4051 neomeniis,
308 3996 398 4050 qnam
424 3978 455 4034 in
481 3979 630 4035 sabbatis:
661 3980 779 4050 quando
798 3980 927 4038 tenebris
983 3975 1105 4046 Neergo
1130 3974 1197 4045 quis
1220 3991 1270 4030 VOS
1290 3974 1404 4044 judicet
1426 3976 1454 4030 in
1478 3974 1542 4031 cibo
1567 3980 1690 4049 etpotu,
1708 3977 1803 4035 autin

132 4069 213 4121 cuncta
224 4068 433 4141 operientibus,
451 4067 563 4123 lunaris
578 4069 729 4124 exordium
741 4066 926 4138 luminisest,
982 4067 1064 4136 parte
1079 4062 1274 4119 solemnitatis
1290 4068 1341 4120 aut
1355 4064 1523 4132 neomeniae,
1541 4069 1592 4120 aut
1603 4066 1802 4137 sabbatorum,

132 4155 153 4205 et
163 4152 186 4209 in
199 4157 293 4229 requie
301 4157 493 4213 sabbatorum
505 4174 512 4212 :
524 4160 555 4213 ut
566 4156 854 4230 iaciatvidclicetpro
865 4174 929 4231 pec·
982 4168 1048 4224 quse
1063 4156 1133 4209 sunt
1148 4153 1253 4208 umbra
1268 4153 1433 4209 futurorum
1460 4153 1570 4226 (dolosa.
1589 4173 1621 4225 11,
1639 4156 1693 4228 lo).
1709 4157 1744 4213 m
1759 4157 1801 4214 sic

133 4245 187 4313 calo,
196 4246 227 4301 ad
237 4246 416 4319 expiandum
426 4262 478 4318 pro
487 4245 574 4303 domo
590 4244 688 4313 lsrael,
700 4263 764 4318 que
776 4252 821 4303 est
831 4246 927 4303 Eccle-
982 4258 1034 4314 per
1045 4241 1150 4297 lsaiam
1160 4241 1806 4314 loquiturDeus:Neomeniasvestras,etsab-

133 4328 926 4402 eitlleiviventiseolumnaetfirmamentatumveritatis.
983 4330 1051 4387 bata
1065 4336 1171 4400 vestra,
1187 4336 1214 4386 et
1229 4329 1307 4386 diem
1323 4346 1464 4403 magnum
1481 4347 1538 4387 non
1559 4332 1707 4405 suscipio:
1721 4333 1803 4405 jeju-

134 4415 174 4475 lata
184 4425 310 4481 estenim
327 4426 432 4480 domus
446 4423 496 4480 Dei
512 4423 647 4492 viventis,
664 4429 692 4479 et
707 4424 812 4481 domus
827 4425 926 4496 lsrael,
983 4420 1076 4490 nium,
1093 4425 1121 4475 et
1136 4419 1234 4486 terias,
1250 4424 1279 4476 et
1294 4419 1473 4487 neomenias,
1485 4425 1514 4475 et
1527 4419 1726 4477 solemnitates
1741 4438 1804 4478 ves-

133 4519 176 4575 que
187 4513 347 4587 expiatione
362 4529 483 4569 suorum
501 4511 613 4584 indiget
628 4517 824 4584 peccatorum.
943 4533 967 4597 D
983 4511 1044 4564 tras
1059 4509 1121 4564 odit
1135 4510 1233 4565 anima
1248 4525 1313 4565 mea
1332 4509 1408 4579 (lsoi.
1431 4527 1449 4576 1,
1476 4510 1531 4577 13).
1558 4508 1745 4566 Manifestum
1760 4516 1806 4568 cst

155 4598 276 4665 tieraltl
287 4603 382 4674 seqq.)
392 4604 456 4658 llaec
470 4601 538 4658 dicit
552 4602 683 4656 Dominus
699 4602 768 4657 Dens
781 4618 786 4656 :
799 4603 829 4656 ln
838 4605 929 4674 primo
983 4598 1060 4671 quod
1078 4598 1128 4670 qui
1144 4597 1345 4654 solemnitates
1359 4597 1453 4653 oderit
1466 4597 1645 4665 iudeorum,
1661 4615 1731 4655 suas
1741 4599 1806 4654 dili-

132 4689 930 4758 rae‚anamemtssamesaeotooroeannemoimmoeota-
983 4691 1043 4759 gat,
1061 4687 1216 4742 sabbatum
1231 4687 1366 4743 videlicet
1381 4687 1457 4760 quod
1473 4686 1606 4742 relictum
1628 4691 1673 4743 est
1695 4687 1804 4760 populo

131 4776 179 4845 Mn,
186 4788 209 4836 et
216 4780 339 4853 erpiobis
349 4781 548 4835 sanctuarium.
559 4780 592 4835 Et
601 4779 678 4835 tollet
687 4779 809 4836 sacerdos
819 4780 852 4836 de
861 4799 928 4836 son·
983 4774 1052 4831 Dei:
1070 4781 1102 4831 ut
1115 4775 1266 4830 videamus
1281 4792 1344 4847 que
1360 4793 1377 4830 a
1391 4777 1449 4831 Deo
1465 4777 1573 4831 donata
1588 4780 1658 4832 sunt
1670 4777 1765 4844 nobis,
1776 4781 1805 4834 et

130 4867 193 4927 ntae
205 4870 280 4926 aas
296 4868 433 4940 proderit
445 4873 628 4940 propensata,
640 4870 756 4938 etponet
768 4870 797 4924 in
807 4871 929 4941 postibus
983 4862 1148 4936 loquamur,
1165 4881 1223 4919 non
1235 4864 1264 4919 in
1280 4865 1373 4921 doctis
1388 4865 1523 4920 humanae
1540 4864 1688 4937 sapientie
1698 4866 1805 4932 verbis,

130 4948 211 5026 temno,
225 4963 249 5014 et
265 4960 295 5013 in
310 4962 432 5030 quatuor
446 4958 557 5029 aepulis
572 4958 719 5030 crepidinis
733 4958 842 5025 altoris,
858 4968 883 5016 et
898 4961 929 5014 in
983 4954 1034 5008 sei
1050 4955 1079 5008 in
1100 4953 1232 5008 doctrina
1255 4954 1388 5026 spiritus,
1413 4953 1616 5026 spiritualibus
1639 4954 1806 5026 spiritualia

130 5046 212 5106 tenter
223 5052 313 5119 portae
327 5049 394 5104 atrii
408 5048 560 5104 interioris.
576 5049 610 5102 Et
624 5048 663 5102 sie
676 5048 760 5117 factes
771 5050 800 5101 in
813 5049 929 5119 septimo
983 5047 1196 5116 comparantes.
1210 5042 1240 5096 ln
1252 5043 1386 5114 presenti
1400 5044 1478 5099 onim
1489 5043 1595 5099 seculo
1607 5045 1684 5116 quod
1696 5044 1725 5100 in
1740 5063 1805 5102 ma·

128 5138 262 5208 mmnpro
271 5152 432 5209 niroqnoqne
443 5137 491 5207 qni
501 5137 678 5206 ipnorcoerit,
696 5133 751 5206 [Al.
769 5137 927 5209 maerentl,
982 5132 1062 5204 ligno
1073 5132 1201 5205 positum
1211 5135 1265 5200 est,
1279 5131 1341 5187 dies
1352 5132 1444 5188 bonos
1454 5131 1551 5188 videre
1562 5149 1620 5189 non
1632 5150 1803 5207 possumus,

127 5225 233 5281 derare
244 5227 374 5297 deceptus
391 5229 442 5295 est,
458 5229 486 5281 et
499 5223 646 5296 expiabitis
669 5221 765 5296 [Vulg.
788 5226 927 5297 expietis]
983 5222 1078 5280 sedin
1095 5238 1168 5277 novo
1184 5220 1364 5292 :dequibus
1380 5221 1483 5276 diebus
1493 5220 1522 5276 in
1538 5221 1667 5280 carmine
1677 5223 1804 5280 Massico

123 5322 161 5376 pro
172 5312 257 5370 domm
274 5316 305 5370 ln
319 5317 409 5386 primo
422 5329 525 5382 mense,
542 5313 744 5386 quartadecima
757 5311 801 5368 die
814 5315 926 5383 mensis,
982 5311 1111 5384 Spiritus
1134 5312 1253 5366 sanctus
1268 5309 1347 5365 canit
1363 5326 1369 5364 :
1387 5309 1531 5366 Memento
1546 5311 1662 5369 dierum
1677 5312 1804 5384 antiqui·

123 5402 244 5458 eritaobis
257 5402 369 5475 parete
383 5401 563 5459 solemnitas:
587 5406 690 5474 septem
716 5401 809 5457 dictes
828 5419 927 5472 asyma
982 5401 1070 5458 tatis:
1092 5399 1223 5471 intellige
1247 5415 1340 5454 annos
1364 5399 1561 5471 generationis
1584 5401 1803 5474 generationum

147 5525 182 5601 (a)
201 5527 343 5586 Rescribit
358 5528 514 5598 Victorius,
545 5529 577 5584 dt
597 5532 627 5584 in
650 5525 741 5584 eodem
756 5527 831 5585 loco:
848 5528 926 5602 qued
1017 5526 1055 5600 (b)
1070 5525 1150 5581 ldem
1166 5520 1271 5579 maluit
1299 5523 1483 5593 comedentur,
1511 5541 1546 5584 ex
1573 5523 1656 5602 vulg.
1685 5529 1804 5594 almas,

117 5593 170 5658 tea
182 5597 223 5660 ibi
232 5600 340 5675 juncta
353 5600 414 5662 siat
426 5599 604 5663 testimonia.
980 5615 1122 5680 primns,
1143 5615 1176 5677 ln
1190 5613 1310 5677 ωηο
1324 5616 1370 5677 οη
1383 5597 1464 5684 &m
