3840 6098
95 358 156 432 m
724 346 757 410 Β.
780 342 935 408 sussen
956 338 1177 407 mutorum
1736 333 1799 400 50⁰

97 500 162 558 tum
184 494 249 567 elus
271 488 488 558 intellexerunt,
502 489 531 543 et
557 482 707 542 venientes
733 480 764 537 in
788 481 921 536 sanctam
934 477 963 546 Α
976 491 1030 551 goa
1045 474 1096 550 qui
1111 478 1194 533 erent
1207 474 1238 532 ia
1249 473 1539 544 nniversaGhaldea,
1555 471 1656 530 Daniel
1681 475 1711 530 et
1737 474 1800 528 tres

98 583 257 654 Bethleem,
273 581 467 638 adoraverunt
476 590 613 648 puerum,
632 571 717 630 stelle
735 570 861 641 desuper
874 583 921 624 os·
976 565 1058 640 pueri
1069 568 1206 638 saperent
1219 568 1249 621 et
1263 562 1470 637 intelligerent,
1485 562 1653 619 celaverunt
1681 577 1731 618 eos
1755 560 1800 616 in·

98 675 236 733 undant,
250 667 360 743 (pann
372 666 416 738 11),
976 653 1217 727 terrrogationem
1228 653 1315 726 regis,
1327 669 1363 710 ne
1383 652 1586 725 preferrentur
1600 651 1657 709 sibi
1671 651 1701 707 in
1711 651 1801 707 inter-

135 762 230 836 (Vers.
247 753 476 831 ³.)1ttatcttad
495 768 626 810 eosrcn:
655 749 715 807 l'idi
737 749 876 807 somnium
898 752 924 802 et
977 739 1801 816 pretationemsomnii.llt0bheneeausaminterrogavit

99 854 193 910 mente
207 847 336 920 confusus
343 846 439 917 ipnmo
449 837 764 915 quidemerimDmbra
778 836 923 908 quedam,
978 830 1080 888 Daniel
1095 831 1130 888 de
1140 829 1314 888 erudelitate
1327 829 1551 902 sententie,qui
1579 845 1699 886 caueam
1722 828 1800 902 pari·

101 936 229 998 etutite
244 934 351 1004 dicam,
367 929 558 990 auraeomnii
580 932 668 1000 atque
693 924 849 997 vestigium
877 938 924 979 re·
979 918 1036 977 culi
1048 921 1094 976 sui
1113 919 1270 977 nesciebnt.

102 1025 214 1086 mansit
227 1024 258 1080 in
273 1024 360 1079 cende
373 1020 451 1093 regie
467 1037 474 1075 τ
492 1022 525 1074 ut
536 1014 728 1074 referentibus
742 1012 820 1083 eliis,
848 1009 924 1068 028
1014 1008 1108 1081 (Vere.
1125 1009 1169 1076 lo,
1186 1009 1242 1078 17.)
1255 1011 1324 1067 cnm
1338 1008 1377 1079 (d)
1389 1024 1453 1080 erpo
1467 1024 1526 1064 rem
1540 1007 1689 1065 indicasset
1702 1006 1804 1064 Arioclt

103 1117 203 1192 posset
225 1109 375 1169 reminisci
401 1123 502 1166 eorum
532 1122 595 1179 que
618 1104 741 1170 viderat,
765 1105 795 1158 et
820 1114 927 1173 nequa·
979 1098 1099 1167 Danieli,
1110 1098 1207 1154 Daniel
1218 1100 1356 1169 inpressos
1365 1098 1579 1168 ropaoitrepem,
1592 1101 1622 1154 ut
1635 1101 1743 1169 tempus
1753 1096 1804 1152 da·

103 1216 195 1277 quam
208 1216 277 1257 eum
292 1198 458 1270 deciperent
471 1193 655 1250 mentientes.
979 1190 1021 1245 ret
1047 1187 1102 1244 sibi
1130 1187 1166 1242 od
1186 1187 1351 1244 solationem
1365 1187 1806 1258 inanonmmreptsrinprcrms

140 1291 232 1364 (vers.
260 1288 300 1358 l.)
324 1283 529 1358 Responderunt
552 1280 674 1339 Cbatdai
704 1281 765 1348 cepi
802 1277 925 1351 syriace.
981 1277 1067 1332 estod
1081 1275 1192 1333 mmnm
1201 1293 1290 1348 mam,
1305 1275 1476 1348 inanisque
1489 1280 1517 1332 et
1531 1275 1679 1344 iiisaeli,et
1693 1274 1806 1332 trente

105 1381 144 1453 (o)
155 1379 312 1449 Hucusque
326 1390 391 1448 que
405 1373 481 1430 lecta
499 1375 579 1439 suut,
608 1383 743 1426 sermone
770 1371 929 1424 narrantur
981 1365 1062 1421 sociis
1071 1366 1129 1421 sois
1147 1364 1278 1421 indicauit
1304 1366 1455 1437 nepotinm,
1478 1368 1533 1421 ete.
1563 1363 1663 1422 Daniel
1687 1368 1807 1438 tempus

104 1468 233 1526 llebroeo.
248 1464 291 1521 Ab
306 1463 361 1520 hoc
374 1461 438 1518 loeo
448 1458 588 1532 usquead
598 1455 742 1515 visionem
761 1455 831 1513 anni
849 1453 929 1511 tertii
982 1452 1129 1526 postulet:
1142 1469 1201 1510 non
1211 1469 1269 1525 quo
1284 1453 1457 1510 tractatione
1468 1456 1496 1509 et
1510 1452 1669 1526 sagacitate
1695 1451 1808 1509 mentis

104 1556 183 1629 regis
197 1552 360 1620 Balthasar,
379 1566 468 1623 quam
483 1547 585 1605 Daniel
600 1545 672 1602 vidit
693 1545 723 1601 in
752 1543 846 1615 Susis,
877 1543 930 1600 lle·
982 1539 1097 1599 occulta
1111 1543 1292 1614 peruuireret
1308 1544 1377 1610 ;sed
1393 1541 1809 1616 quooccultorumDominum

104 1643 212 1703 brsicis
228 1640 347 1715 quidem
358 1637 475 1706 litteris,
485 1637 536 1693 sed
550 1635 653 1708 lingua
667 1633 835 1691 scribuntur
844 1631 928 1688 Chul·
983 1633 1161 1703 predaretur.
1178 1631 1211 1686 llt
1225 1630 1289 1686 ideo
1303 1630 1460 1701 Ananiam,
1475 1635 1505 1688 et
1518 1629 1679 1698 Misaelem,
1694 1635 1722 1688 et
1733 1632 1814 1686 Ars-

105 1731 199 1801 daieu,
216 1745 306 1803 quam
321 1731 406 1785 vocat
419 1726 468 1782 hie
482 1723 641 1797 Syriacam.
983 1716 1162 1791 riamjungit
1176 1719 1371 1791 adpreees,ne
1380 1717 1461 1775 solue
1471 1720 1507 1776 de
1517 1736 1571 1776 ano
1582 1718 1812 1775 meritovidaen·

141 1821 235 1894 (Vens.
250 1818 290 1891 5.)
305 1819 367 1875 Nisi
380 1815 570 1872 indicaveritis
584 1812 656 1869 milti
665 1815 804 1868 somnium
816 1818 843 1868 et
864 1825 928 1866 con·
983 1810 1033 1862 tur
1042 1822 1217 1879 presumere
1234 1824 1241 1864 :
1258 1811 1291 1863 ut
1305 1824 1431 1880 quorum
1446 1812 1509 1865 erat
1523 1822 1680 1865 commune
1701 1806 1810 1865 discri-

101 1911 241 1988 iccterom
250 1909 323 1983 ciem
338 1906 464 1979 peribitis
476 1919 533 1972 vos,
550 1909 576 1959 et
595 1901 690 1959 domnos
717 1902 813 1957 vestm
836 1898 930 1971 palli·
984 1910 1062 1962 men,
1079 1895 1333 1953 eommunisesset
1347 1900 1375 1953 et
1389 1896 1492 1954 oratio.

106 2000 257 2067 celantur,
271 1999 325 2053 ete.
341 1992 545 2052 comminatus
559 1993 604 2048 eet
618 2005 734 2062 poenam
744 1986 881 2062 proponit
901 1991 932 2043 et
1019 1982 1169 2056 (Verolil.)
1185 1986 1257 2041 Tunc
1280 1986 1391 2043 Danieli
1415 2002 1466 2059 per
1487 1987 1618 2044 visionem
1642 1990 1721 2043 nocte
1746 2002 1811 2060 my·

108 2086 297 2164 proeminent
311 2082 337 2139 si
352 2081 500 2156 potuerint
513 2079 663 2137 somnium
693 2077 799 2144 dicere,
828 2091 932 2133 conse·
984 2074 1262 2130 steriumrcoelotnm
1283 2082 1332 2130 eet.
1360 2074 1515 2131 Somnium
1544 2075 1620 2148 regis
1640 2091 1694 2132 suo
1721 2075 1814 2132 discit

109 2177 233 2254 quenter
247 2172 347 2231 eredat
361 2170 450 2228 etiem
465 2169 512 2226 his
527 2185 592 2241 qua
606 2164 866 2235 ineertasunt,hoc
876 2167 931 2236 est,
986 2159 1120 2219 somnio:
1137 2161 1228 2218 immo
1243 2165 1272 2219 et
1294 2163 1453 2231 somnium,
1482 2166 1512 2220 et
1540 2163 1813 2238 interpretationem

109 2264 181 2339 quid
194 2260 340 2337 significet
354 2258 514 2317 somnium.
525 2256 606 2322 Quod
622 2256 648 2312 si
663 2271 722 2311 non
737 2254 886 2327 potuerint
899 2269 934 2310 ea
985 2251 1062 2323 ejus,
1090 2249 1140 2306 Dei
1163 2249 1339 2308 revelatione
1362 2253 1522 2326 cognoscit,
1551 2252 1628 2323 quod
1662 2253 1813 2311 demones

108 2352 216 2423 dicere,
231 2352 268 2408 de
282 2348 390 2424 quibus
400 2364 451 2406 rex
463 2347 494 2404 iu
507 2345 655 2421 plerisque
666 2344 807 2400 contusus
821 2346 934 2416 poterat
987 2338 1172 2412 ignorabant,
1183 2339 1329 2411 sapientia
1342 2340 1441 2397 seculi
1451 2340 1524 2398 scire
1534 2357 1593 2398 noa
1603 2341 1815 2415 poteratUnde

109 2438 267 2511 reeordari,
283 2434 370 2494 etiam
386 2435 490 2492 future
503 2430 752 2507 interpretationis
762 2430 887 2503 perdant
899 2429 933 2485 fi·
988 2431 1018 2484 et
1032 2427 1158 2500 apostoli
1172 2427 1357 2502 mysterium,
1374 2430 1452 2501 quod
1467 2429 1581 2487 eunetis
1591 2434 1668 2487 retm
1688 2446 1814 2504 genem·

109 2529 188 2589 dem.
203 2523 495 2600 Deniquesequitur.
988 2515 1120 2573 tionibus
1135 2516 1415 2588 iuerstignoratum,
1430 2517 1557 2589 Domino
1578 2517 1735 2588 revelante,
1762 2535 1815 2577 oo·

145 2617 241 2690 (Vens.
254 2615 283 2685 9,
296 2615 354 2687 10.)
363 2613 508 2671 Sennium
516 2613 611 2685 itapne
617 2609 700 2667 dicite
712 2610 793 2681 miti,
804 2613 837 2664 nt
850 2608 936 2664 scians
988 2610 1143 2678 gnoscuai.

110 2705 182 2782 prod
195 2702 450 2776 interpretationem
467 2714 573 2771 qnoque
586 2699 747 2770 emonem
770 2695 934 2769 loquamini.
1025 2692 1118 2766 (Vere.
1132 2695 1191 2767 eo.)
1207 2699 1239 2752 st
1252 2695 1353 2753 Daniel
1367 2697 1506 2754 benedteit
1518 2698 1572 2754 Deo
1584 2697 1656 2764 culi,
1684 2701 1712 2754 et
1738 2698 1818 2754 locro

110 2793 150 2870 (l)
165 2791 342 2865 Respondetes
356 2804 421 2858 erpo
440 2785 565 2844 Cboldei
577 2801 670 2844 coram
691 2800 754 2856 repe
780 2784 911 2842 dicerent
927 2800 933 2839 :
989 2781 1103 2854 casato,
1115 2786 1170 2839 cte.
1180 2784 1223 2840 Ad
1239 2784 1457 2842 distinctionem
1468 2802 1569 2844 eorum
1585 2785 1636 2859 qui
1658 2790 1817 2844 vomantur

111 2881 172 2941 Non
190 2884 232 2936 est
250 2879 331 2936 bomo
352 2891 433 2949 snper
447 2882 550 2932 terrem
562 2876 611 2948 pni
623 2877 934 2941 sermmoemtunmmee,
989 2867 1020 2926 in
1035 2873 1121 2940 terra,
1147 2875 1176 2928 et
1199 2873 1387 2930 demoniacis
1410 2874 1523 2931 artibus
1551 2879 1640 2948 atque
1654 2873 1816 2949 prestigiis

109 2969 198 3044 possit
211 2968 338 3041 implere,
353 2968 407 3023 ele.
432 2962 613 3020 Confitentur
642 2959 731 3035 magi,
760 2958 937 3018 confitentur
989 2961 1106 3015 terrena
1118 2958 1273 3028 deludunt,
1283 2960 1384 3017 Daniel
1401 2965 1458 3018 Deo
1485 2960 1549 3019 eoeli
1579 2962 1740 3020 benedixit.
1769 2961 1815 3021 nii

99 3055 229 3124 *harioli
245 3059 274 3113 et
284 3053 380 3112 omnis
395 3049 937 3121 scientiasecularielittereturae,pre·
990 3045 1068 3102 enim
1084 3051 1134 3118 qul
1150 3065 1207 3105 non
1222 3049 1353 3107 iecerunt
1367 3050 1472 3108 eoelum
1487 3055 1647 3123 ettonem,
1663 3051 1815 3125 peribunt.

113 3143 267 3204 seientiam
280 3142 446 3200 iutumrum
462 3156 520 3196 non
536 3155 600 3199 esse
612 3137 777 3204 hominum,
793 3138 844 3195 seu
872 3137 933 3194 Dei.
1026 3135 1119 3207 (llere.
1134 3137 1193 3210 21.)
1207 3139 1240 3194 lit
1268 3140 1325 3210 ipse
1351 3147 1443 3196 motat
1466 3147 1590 3212 tempora
1612 3149 1639 3198 et
1659 3144 1763 3212 etates,
1789 3145 1817 3198 et

112 3234 155 3292 Du
168 3249 227 3306 quo
242 3231 384 3306 pmbstur
397 3226 554 3302 prophetes
567 3226 619 3285 Dei
633 3225 739 3300 spiritu
758 3225 936 3298 locutos,qui
951 3202 973 3271 C
992 3226 1123 3296 transfert
1137 3238 1316 3300 regnantque
1329 3229 1479 3285 constitnit.
1495 3229 1558 3285 Non
1572 3244 1641 3304 ergo
1660 3229 1816 3297 miremur,

111 3323 212 3381 lutura
226 3319 404 3378 cecinerunt.
990 3313 1017 3370 ei
1032 3314 1150 3386 quando
1165 3315 1323 3385 cernimus,
1341 3319 1370 3372 et
1379 3317 1497 3389 regibus
1511 3332 1605 3391 reges,
1614 3321 1644 3376 et
1657 3316 1757 3392 regnis
1766 3335 1816 3377 re·

146 3411 241 3485 (Vens.
254 3410 298 3477 12,
314 3408 371 3480 te.)
387 3408 445 3477 Quo
458 3405 565 3472 andito,
584 3405 668 3462 recin
678 3405 774 3475 furore
788 3407 813 3460 et
827 3405 938 3460 irama-
991 3415 1050 3475 gna
1060 3403 1227 3472 succedere,
1242 3421 1305 3477 qua
1322 3405 1370 3462 Dei
1385 3406 1588 3478 gubernantur
1601 3410 1631 3463 et
1646 3410 1815 3480 mutantur,

110 3514 168 3572 pno
181 3499 325 3572 precepit,
340 3495 499 3566 rotperirent
512 3493 746 3565 omnessopientes
772 3490 934 3564 Rabylonis.
990 3490 1316 3550 etflniunturarbitrio.
1333 3494 1503 3566 Caussaque
1521 3493 1706 3568 singulorum
1732 3494 1818 3553 novit

108 3587 144 3646 Bt
158 3585 414 3658 emmmsndentin
426 3583 561 3654 sapinstes
574 3581 863 3652 interficiebantur,(c)
878 3583 934 3636 ete.
989 3578 1098 3652 illequi
1113 3581 1388 3639 eouffltoromnium
1404 3589 1458 3650 est,
1474 3588 1503 3641 et
1517 3599 1594 3657 sape
1609 3581 1701 3641 melos
1724 3598 1813 3657 reges

109 3677 251 3746 Quaerunt
259 3672 384 3744 llebrei‚
400 3668 563 3729 eurDsniel
577 3676 607 3726 et
619 3672 679 3726 tres
693 3667 776 3743 pueri
795 3685 854 3725 non
876 3667 936 3724 sint
988 3667 1100 3740 patitur
1113 3669 1260 3736 suscitari,
1275 3674 1308 3727 ut
1323 3669 1392 3727 meli
1408 3669 1631 3744 malospuniant
1644 3669 1814 3744 :simulque

107 3762 236 3839 ingressi
252 3762 289 3820 ad
303 3777 402 3836 regem
413 3776 481 3818 eum
496 3758 562 3816 aliis
576 3756 769 3832 repitentibus,
780 3760 809 3814 et
823 3756 936 3831 prolata
989 3755 1185 3824 subostendit,
1195 3761 1224 3814 et
1233 3757 1361 3833 generali
1376 3759 1574 3833 disputatione
1593 3763 1737 3835 preparet
1758 3777 1814 3818 su·

108 3850 432 3923 sententiajubesntur
445 3847 618 3921 perireeum
641 3845 766 3903 ceteris.
790 3846 872 3913 Quod
893 3845 935 3902 ita
988 3843 1124 3914 ditarem,
1140 3847 1287 3904 somnium
1304 3847 1382 3905 ese
1396 3848 1537 3922 quovidit
1562 3865 1627 3907 esse
1654 3850 1691 3907 de
1714 3853 1815 3908 mute·

108 3939 287 4006 edisserunt,
303 3940 337 3994 ut
350 3952 384 3994 eo
399 3940 531 4008 tempore
545 3950 604 4008 quo
621 3951 671 3991 rex
678 3933 799 4007 premia
810 3937 839 3991 et
846 3934 933 4006 dona,
987 3933 1066 3991 tione
1080 3939 1109 3992 et
1122 3936 1307 3993 successione
1316 3953 1485 4011 regnorum.

108 4030 139 4085 et
151 4027 294 4084 bonorem
309 4024 472 4082 maximum
487 4022 728 4095 promittebatur
737 4020 935 4090 noluerint,ne
1023 4024 1076 4080 Dat
1090 4027 1254 4096 sapientiam
1267 4026 1447 4099 sapicrdibns,
1461 4034 1488 4084 et
1499 4029 1643 4084 scientiam
1653 4027 1815 4098 intelliosn·

108 4112 298 4187 impudenter
311 4111 429 4169 divitias
441 4116 470 4167 st
478 4110 650 4185 dignitatem
660 4107 847 4168 Chaldaicam
856 4111 935 4168 vide·
988 4111 1060 4168 titas
1074 4113 1263 4186 disciplinam.
1279 4114 1368 4171 Juxta
1378 4113 1451 4172 illud
1468 4116 1547 4188 quod
1575 4115 1720 4189 seriptum
1743 4119 1815 4174 est:

108 4205 212 4260 rentur
223 4203 369 4274 appetere.
381 4202 441 4255 Aut
453 4203 530 4255 certe
544 4198 602 4271 ipsi
621 4197 747 4255 chaldei
772 4199 935 4257 invidentes
988 4199 1089 4257 indict
1102 4203 1260 4274 raptasset
1277 4207 1392 4276 opponet
1418 4205 1589 4276 sapientiam
1615 4204 1710 4276 (Pron.
1738 4220 1760 4262 r.
1775 4205 1815 4278 0).

107 4287 206 4365 glorie
223 4284 515 4353 earumetseientin,
531 4285 586 4344 soli
600 4285 725 4359 ingressi
741 4290 821 4354 sunt,
848 4287 934 4359 quasi
988 4289 1041 4359 Qui
1054 4291 1130 4346 enim
1143 4290 1233 4362 toln,
1258 4290 1371 4349 dabitur
1393 4293 1439 4349 illi
1464 4293 1568 4366 (ltattn
1602 4310 1667 4365 xxv,
1691 4294 1764 4363 29);
1788 4296 1820 4351 et

108 4377 164 4438 solt
179 4375 299 4453 premis
315 4375 493 4451 percepturi,
509 4379 539 4432 et
551 4377 653 4448 postea
675 4374 705 4431 in
726 4374 856 4448 periculo
883 4392 934 4432 vo·
987 4378 1093 4435 anime
1104 4395 1167 4452 que
1177 4380 1268 4436 fervet
1282 4397 1380 4437 amore
1395 4381 1556 4456 sapientie,
1573 4381 1701 4439 libenter
1725 4380 1821 4456 spirl-

107 4465 342 4526 luerintbabere
356 4466 597 4536 consortesquos
611 4463 708 4537 inape
733 4462 831 4537 glorie
855 4464 933 4521 reiu-
988 4468 1037 4522 tus
1051 4466 1103 4524 Dei
1119 4467 1294 4526 infunditur.
1310 4469 1342 4525 ln
1360 4486 1527 4542 perversam
1560 4475 1658 4527 sutem
1681 4469 1820 4528 animam

107 4557 250 4615 iuverant.
949 4561 974 4628 Ι)
990 4571 1048 4612 non
1061 4554 1196 4613 introibit
1205 4557 1350 4630 snpientia
1363 4557 1438 4631 (Sap.
1454 4561 1509 4627 ιιι).

141 4644 237 4720 (vers.
254 4642 313 4713 i5.)
328 4640 621 4711 b'tinterropaottenm
636 4641 685 4712 poi
697 4658 715 4697 a
740 4656 804 4714 repe
827 4656 936 4715 accepe-
1025 4644 1397 4718 (tarentinensem
1420 4647 1565 4721 motando
1590 4655 1618 4704 et
1643 4646 1818 4720 atsemdita,

106 4737 153 4792 rot
164 4733 241 4796 020
254 4735 436 4807 potestatem:
450 4729 580 4803 oroneo
593 4746 706 4787 comam
724 4737 785 4788 tom
817 4730 950 4811 crudelis-
989 4736 1105 4791 etnovit
1119 4735 1281 4791 intenebris
1293 4737 1448 4804 mmtitata,
1464 4737 1551 4793 ettae
1564 4742 1733 4794 cumeoest.
1760 4734 1819 4794 (lui

105 4823 244 4882 senlenda
257 4838 275 4878 a
288 4821 361 4895 socie
370 4821 443 4892 repis
462 4828 530 4877 esset
544 4835 664 4891 conseo.
693 4819 823 4877 seientes
849 4817 935 4876 Chal·
989 4816 1065 4880 Deus
1078 4822 1185 4880 revelet
1199 4823 1354 4897 profunde,
1369 4830 1399 4882 et
1413 4828 1510 4898 potest
1523 4823 1620 4882 dicere
1635 4808 1651 4882 ι’
1667 4823 1820 4898 Opsesrrn·

107 4908 174 4978 dei,
186 4910 265 4983 quod
280 4906 438 4984 decuplum
450 4924 539 4981 super
552 4911 673 4965 cunctos
688 4907 816 4965 hariolos
830 4912 859 4965 et
872 4924 935 4965 ma·
988 4910 1054 4968 dum
1068 4910 1229 4968 divitiamm
1242 4913 1392 4985 sapientise
1405 4915 1565 4972 etscientiae
1579 4915 1632 4972 Dei
1655 4913 1743 4984 (Rom.
1773 4929 1818 4985 ιι,

144 5067 183 5142 (α)
197 5067 369 5154 Amavimus
383 5067 451 5126 bine
462 5068 498 5126 ed
512 5066 851 5153 msenostrorumlldtsm
867 5073 935 5156 sub·
986 5088 1067 5147 quern
1080 5076 1120 5142 tn,
1136 5075 1203 5146 ileo,
1216 5074 1326 5148 oneris,
1340 5076 1433 5144 pravis
1447 5081 1497 5142 est,
1511 5074 1722 5147 necrcperietrtr
1735 5074 1816 5147 ortis·

106 5143 933 5284 tt‘emittentistttblttttttettttt
987 5145 1816 5274 iiim⁹¹li”‘¹¹'i‘.²''l'”⁶”1⁶⁰”·¹i⁶iii'‘metm‘'
1885 5225 1890 5234 ·

105 5282 301 5366 indicationes.
316 5281 349 5337 st
364 5253 528 5366 respondbns
544 5283 600 5338 lice
621 5284 664 5339 ott
693 5230 844 5340 Chaldaeisy:
869 5287 931 5342 Ser-
1022 5232 1770 5362 (gffpffdu'ss’ssgfnoffi'ss,‘fflgfflffm
1790 5291 1819 5347 st

104 5369 149 5410 mo
163 5361 274 5411 recessu
286 5370 304 5410 o
316 5366 379 5408 me:
395 5368 445 5425 qur
461 5368 615 5426 perperam
633 5358 662 5410 et
679 5358 781 5410 eontra
793 5354 932 5414 S.Doete·
985 5360 1054 5417 socii
1088 5360 1126 5414 'ns
1136 5367 1168 5414 ut
1186 5361 1320 5486 perirent.

107 5423 149 5480 ris
162 5429 291 5482 mentem
307 5423 573 5496 subjungebantur,
589 5440 657 5481 eum
670 5424 787 5498 Syriaco
814 5425 933 5499 ipsimet
1021 5431 1061 5501 (d)
1099 5430 1177 5486 riora
1210 5432 1355 5498 aeverbe,
1373 5432 1584 5500 (inmemorem
1598 5430 1758 5487 indicasset.
1780 5429 1818 5487 A·

104 5494 206 5637 scripti
222 5495 291 5579 siut²
307 5501 396 5568 etque
411 5496 483 5552 adeo
497 5494 681 5553 excludendi.
986 5499 1062 5557 rioclt
1071 5503 1186 5558 Danieli
1201 5518 1209 5560 ε
1227 5508 1290 5559 turn
1305 5502 1417 5576 integer
1432 5503 1505 5560 alter
1519 5519 1633 5572 versus,
1646 5501 1679 5558 lit
1704 5501 1818 5572 inpres-

140 5564 168 5636 (b
189 5566 243 5649 l’re
258 5567 337 5650 husee
353 5566 459 5650 verbis.
474 5567 674 5638 Respondentes
688 5583 764 5652 erpo,
775 5572 842 5638 etc,
857 5585 930 5629 mse.
985 5587 1030 5629 sus
1044 5573 1127 5631 estad
1138 5573 1249 5631 domem
1262 5590 1352 5646 snam,
1368 5579 1437 5646 ete,
1447 5575 1477 5631 in
1493 5572 1680 5633 msanostrie
1692 5571 1818 5633 nonha-

104 5636 270 5697 nestrrhao
288 5637 346 5697 ulra
372 5653 449 5697 saon
480 5643 576 5697 textus
605 5639 804 5713 substituunt,
832 5641 928 5702 semo
986 5642 1103 5703 bantur.
