3818 6104
113 288 174 361 218
738 300 772 364 S.
795 298 950 365 sussen
971 298 1194 365 lilliliQNYlll
1755 296 1816 364 ddi

115 432 185 493 dam
200 437 385 509 peccatorum
399 451 514 494 carcere
528 437 649 510 positas,
668 436 805 494 interficit
820 435 850 492 in
866 453 936 511 agro
948 436 978 504 A
990 451 1112 493 sensnm
1126 435 1272 495 dietomm
1287 436 1462 510 aperientes.
1481 438 1548 496 aee
1560 434 1628 494 decit
1639 432 1748 495 Adonai
1760 435 1815 494 Do·

115 526 936 600 campoquelatissimamcircumdatTyrnmmnnitioni·
988 529 1082 581 minus
1107 529 1185 600 Tyro,
1211 543 1276 601 qua
1299 528 1438 584 Hebraico
1461 527 1628 601 appellatur
1650 542 1706 582 soa
1730 526 1812 598 (salz

114 613 171 671 bus
185 614 259 685 suis,
276 619 307 671 ut
320 614 451 672 clausam
466 620 572 683 teneat,
588 620 617 672 et
632 614 731 671 nullus
745 632 780 671 ex
794 632 829 670 ea
843 616 935 688 Baby·
986 617 1136 690 Numquid
1146 619 1175 672 in
1183 618 1231 673 die
1239 619 1330 673 ruina
1338 622 1405 688 inre,
1413 618 1532 688 qnando
1541 615 1814 673 Nabuchodonosor

113 701 185 760 lonii
200 703 276 777 regis
290 705 411 762 evadere
427 705 519 778 possit
533 706 701 778 imperium.
718 705 854 761 Destruet
869 721 936 759 mu·
987 712 1185 780 oppugnante,
1201 708 1358 772 corrueris,
1374 710 1403 762 et
1413 706 1444 762 in
1456 706 1568 779 gemitu
1576 704 1814 773 vulneratorum,

113 807 162 848 ros
176 797 332 867 turresque
341 796 500 865 subvertet,
511 800 540 851 et
550 795 692 868 quidquid
704 795 779 851 sorte
789 794 893 849 babuit
903 794 934 849 in
988 793 1814 868 siveinteriectornm‚quioceisiluesintinmediotni‚nnn

112 882 311 956 dogmatibus,
337 884 528 941 inundatione
549 900 691 954 equorum
714 886 778 953 ejus
793 888 822 938 et
835 883 934 939 sonitu
988 884 1815 956 commovebuutnrinsulae?Etdcscendentomnesreges

109 971 245 1043 equitum
258 976 447 1045 rotarumque
462 977 490 1029 ct
500 989 640 1029 curruum
651 972 775 1044 strepitu
785 973 934 1044 pertremi-
988 976 1024 1031 de
1039 975 1169 1041 sedibus,
1185 975 1245 1031 sive
1259 974 1342 1030 soliis
1355 973 1430 1037 suis,
1444 977 1474 1029 et
1487 972 1634 1045 principes
1655 972 1751 1027 maris
1765 971 1815 1045 qui

110 1063 181 1127 scat,
194 1065 223 1116 et
233 1061 414 1134 ingredietur
424 1067 524 1134 portas
533 1064 609 1134 ejus,
620 1061 702 1117 nullo
712 1060 895 1134 probibente,
905 1066 935 1117 et
986 1065 1109 1121 dirersis
1121 1064 1267 1137 imperant
1278 1062 1395 1130 insulis,
1406 1067 1437 1118 et
1447 1062 1586 1118 auferent
1597 1062 1770 1117 diademata
1781 1062 1816 1118 dc

110 1147 224 1220 plateas
248 1149 372 1206 civitatis
388 1167 395 1205 ε
418 1153 487 1220 Quia
509 1153 566 1207 mia
585 1156 609 1208 et
623 1153 744 1224 spatiosa
760 1153 804 1205 ria
819 1160 858 1206 est
872 1166 935 1222 qne
987 1153 1132 1227 capitibus
1140 1153 1213 1222 suis,
1222 1169 1340 1209 omnem
1348 1151 1492 1224 regnandi
1504 1149 1629 1222 gloriam
1637 1151 1817 1222 deponentes

110 1236 188 1293 ducit
202 1239 239 1294 ad
251 1247 365 1295 morum
379 1241 484 1308 (Nacti.
500 1259 550 1307 vu,
568 1241 621 1311 13),
638 1257 780 1312 equorum
795 1241 860 1312 ejus
872 1239 934 1295 cal·
987 1248 1121 1300 etvestes
1131 1241 1372 1316 pretiosissimas,
1384 1245 1418 1297 et
1430 1238 1597 1296 incredibili
1607 1239 1750 1295 varietate
1760 1237 1816 1294 iul·

110 1328 220 1384 cabunt
228 1327 355 1400 ungule,
363 1329 589 1401 universamque
599 1329 795 1386 substantiam
807 1328 867 1385 sive
877 1332 934 1384 sta·
986 1337 1098 1406 gentes,
1114 1332 1254 1402 abjicient
1270 1346 1340 1400 asa,
1355 1335 1384 1385 et
1394 1328 1526 1400 stuporis
1538 1325 1816 1399 magnitudinemn-

109 1421 177 1474 tuas
192 1417 314 1486 nobiles,
330 1419 437 1488 quibus
447 1419 503 1475 sibi
516 1419 659 1492 imagines
670 1417 933 1474 finxeranttalsita·
986 1422 1125 1478 tentnrin
1135 1421 1307 1487 amentiam,
1324 1423 1412 1491 alque
1423 1416 1592 1474 humilitate
1603 1417 1720 1488 dejecti,
1732 1417 1814 1474 sede·

109 1507 157 1577 tis,
173 1508 210 1564 de
225 1497 332 1581 q'uibus
343 1509 556 1581 scriptumest:
572 1509 697 1575 Domine,
713 1511 744 1563 in
758 1510 870 1564 ciuitate
884 1517 932 1564 tua
985 1511 1061 1566 bunt
1074 1510 1104 1565 in
1119 1514 1208 1574 terra,
1223 1514 1252 1565 et
1266 1524 1335 1563 cum
1348 1512 1378 1562 ta
1391 1507 1518 1562 viderint
1530 1504 1686 1572 corruisse,
1702 1506 1758 1562 sibi
1775 1507 1816 1563 si·

108 1600 244 1666 imapum
267 1613 361 1654 eorum
381 1597 527 1671 dissipabis
550 1599 608 1670 (Pe.
626 1615 710 1668 uxxrr,
731 1599 789 1666 20),
814 1598 850 1653 ad
874 1601 932 1653 ter-
986 1599 1068 1656 milia
1082 1597 1301 1656 formidabunt:
1319 1595 1452 1668 nihilque
1466 1595 1815 1668 putabuntintarrabo·

108 1702 172 1742 ram
181 1686 307 1759 dejiciet,
316 1692 345 1743 ct
354 1688 513 1743 destructis
524 1688 626 1759 muris,
637 1688 743 1743 domus
754 1703 870 1759 quoque
881 1704 932 1743 no·
985 1685 1818 1761 nisesseperpetnnm3sedecontrarioassumsntsnper

106 1775 181 1834 biles
192 1779 407 1844 subvertentur,
419 1794 493 1849 quas
503 1776 558 1832 sibi
571 1781 732 1850 paraverat,
744 1780 772 1832 et
781 1775 812 1831 in
822 1776 932 1848 quibus
985 1785 1014 1836 te
1029 1779 1202 1844 lamentum,
1218 1781 1246 1833 et
1260 1774 1355 1832 flebile
1369 1774 1516 1830 canticum
1527 1773 1812 1842 commemorabunt,

106 1867 282 1935 exsultabat,
307 1871 393 1939 atquc
407 1866 438 1922 in
454 1871 564 1922 tantam
589 1866 799 1923 desolationem
823 1867 930 1935 veniet,
985 1868 1134 1925 dicentes:
1150 1865 1301 1931 Quomodo
1312 1864 1413 1937 peristi
1424 1879 1487 1934 qua
1497 1861 1614 1918 habitas
1627 1862 1684 1935 (Al.
1696 1862 1815 1919 babita-

105 1960 141 2013 ut
154 1955 267 2029 lapides
282 1956 346 2027 ejus
360 1960 389 2011 et
403 1953 484 2027 ligna
495 1955 604 2029 quibus
615 1955 808 2011 edificaverat
817 1971 928 2024 mums,
984 1957 1049 2025 bas)
1071 1956 1101 2012 in
1116 1956 1202 2018 mari.
1226 1955 1298 2010 urbs
1312 1952 1432 2026 inclyta,
1456 1951 1517 2007 sive
1531 1950 1651 2008 laudata
1665 1952 1680 2007 t
1702 1951 1811 2024 Tyrum

106 2050 136 2102 et
149 2048 289 2102 cementa
304 2048 517 2114 construxerat,
532 2044 687 2117 projiciant
697 2045 728 2100 in
739 2045 929 2117 protundum,
984 2039 1813 2112 enimsuisscinsulam,ctnulllumbabuissedeterrain·

107 2136 222 2192 cantica
231 2151 287 2206 que
296 2135 361 2206 ejus
375 2138 404 2190 et
414 2135 537 2202 musica,
554 2135 663 2205 quibus
677 2134 733 2190 sihi
745 2134 774 2189 in
786 2133 930 2206 sapientia
984 2133 1115 2204 troitum,
1125 2133 1156 2188 in
1169 2133 1286 2199 Grecis,
1299 2130 1480 2202 Latinisque,
1491 2133 1521 2186 et
1531 2129 1669 2186 Barbarie
1680 2128 1812 2188 historiis

107 2222 198 2296 hujus
209 2221 306 2280 saculi
318 2223 492 2291 confidebat,
503 2228 532 2279 et
542 2223 639 2279 omnis
647 2223 827 2279 cithararum
838 2238 929 2279 sonus
984 2222 1129 2296 legimus:
1146 2222 1197 2278 sed
1213 2226 1315 2294 postea
1329 2238 1347 2277 a
1360 2219 1631 2275 Nabuchodonosor
1645 2233 1714 2291 rege
1727 2217 1812 2275 Chal-

108 2328 167 2369 non
182 2313 318 2369 audietur
332 2312 472 2384 amplius,
488 2315 516 2368 et
531 2312 652 2385 piscatio
666 2313 731 2384 ejus
748 2311 884 2379 cessabit,
901 2316 930 2366 et
984 2314 1124 2379 deorum,
1146 2311 1203 2376 vel,
1225 2314 1258 2366 ut
1273 2308 1406 2366 nonnulli
1421 2308 1580 2372 affirmant,
1595 2307 1633 2363 ab
1648 2306 1728 2363 δυο
1743 2306 1811 2364 Alc·

107 2401 163 2458 erit
176 2401 308 2469 humilis,
324 2402 364 2458 ita
375 2406 407 2457 ut
419 2402 537 2458 siccatio
549 2418 735 2474 sagenarum,
747 2400 861 2457 etultra
871 2416 928 2456 nou
983 2403 1104 2471 sundro,
1114 2417 1180 2474 rcgs
1189 2400 1393 2466 Macedonum,
1401 2399 1568 2471 jactosesse
1578 2412 1712 2470 aggeres,
1721 2400 1809 2470 stop-

107 2491 276 2560 sdidcetnr,
288 2491 357 2563 quia
366 2492 401 2547 ad
410 2492 525 2549 Domini
534 2492 710 2548 sententiam
719 2491 930 2547 traditaNabu·
983 2491 1160 2566 pugnatione
1173 2490 1334 2561 vineisque,
1351 2492 1380 2542 et
1394 2487 1535 2543 arietibus
1548 2485 1644 2542 locum
1660 2501 1808 2559 prepara·

107 2581 300 2649 cbodcnosor,
323 2580 443 2637 omnino
458 2581 597 2637 subversa
615 2585 669 2649 ast,
693 2583 776 2652 juxta
798 2581 876 2652 quod
900 2584 929 2636 et
982 2587 1057 2653 tum,
1074 2598 1107 2637 ac
1122 2581 1158 2636 de
1173 2578 1270 2635 insula
1283 2579 1390 2633 factam
1405 2592 1469 2633 esse
1483 2573 1680 2648 peninsulam.
1698 2575 1809 2649 Tuigi-

104 2668 262 2744 Apostolus
276 2669 362 2725 dicit:
379 2669 450 2737 Quos
460 2670 565 2725 tradidi
578 2670 699 2736 Satanae,
714 2673 744 2724 ut
759 2669 864 2724 discant
874 2686 927 2724 non
982 2675 1041 2739 tur,
1058 2671 1150 2737 oSor,
1168 2670 1283 2741 oTym,
1304 2684 1370 2740 qun
1387 2667 1538 2739 quondam
1551 2663 1631 2720 inisti
1645 2662 1676 2719 in
1693 2663 1811 2721 cunctis

107 2759 298 2828 blasphemare
318 2759 340 2825 (l
359 2759 534 2828 Tim.1,28).
559 2762 632 2813 Loca
653 2757 785 2813 diflicilia
799 2767 878 2823 sunt,
900 2762 930 2814 et
983 2756 1340 2824 tortissimainsulis,sive
1349 2756 1378 2810 in
1387 2754 1512 2811 urbibus
1522 2752 1652 2809 omnium
1662 2768 1733 2808 voce
1744 2752 1811 2809 lan·

106 2844 236 2919 prudens
259 2843 349 2901 lector
369 2862 402 2901 ac
424 2845 549 2918 diligens
570 2846 656 2901 debet
670 2846 820 2917 ignoscere
836 2845 928 2903 labori
983 2840 1808 2915 datncumhabitatoribustuis,quosuniversitimebant‚

105 2950 182 2992 meo.
197 2935 254 2989 Aut
264 2934 287 2990 si
300 2933 406 2990 melius
416 2934 485 3008 quid
499 2935 774 3007 potueritinvenirc,
790 2940 818 2991 et
830 2951 883 3008 ego
897 2937 928 2991 in
983 2938 1129 3011 quomodo
1143 2937 1240 2994 subito
1261 2933 1423 2991 corruisti?
1446 2932 1528 2988 Nunc
1550 2931 1721 3004 stupebunt,
1747 2930 1811 2988 sire

105 3025 171 3098 eJus
182 3022 313 3080 transibo
323 3022 513 3079 sententiam:
524 3024 684 3079 dummodo
694 3024 927 3081 noveritvenism
982 3028 1128 3100 pavebunt
1142 3042 1231 3098 super
1246 3030 1274 3080 te
1289 3025 1399 3090 insula,
1424 3026 1453 3078 et
1467 3026 1500 3077 ut
1515 3020 1620 3077 melius
1633 3019 1764 3076 babetur
1776 3019 1807 3076 in

107 3130 196 3188 quam
211 3112 283 3168 mibi
299 3111 417 3180 tribuet,
433 3128 464 3168 se
479 3111 516 3167 ab
532 3110 597 3167 aliis
612 3116 811 3184 accepturum.
982 3116 1133 3187 Hebraico,
1145 3131 1239 3181 naues,
1250 3115 1280 3169 in
1292 3113 1338 3169 dic
1349 3112 1464 3185 pavoris
1474 3115 1503 3166 et
1513 3109 1604 3165 ruine
1616 3112 1684 3179 tua,
1700 3111 1809 3165 attur·

142 3201 235 3275 (Vere.
252 3201 287 3255 15
300 3202 394 3272 seqq.)
416 3202 478 3257 lieo
501 3200 568 3256 dicit
591 3202 722 3257 Dominus
745 3203 814 3257 Deus
832 3186 963 3274 Parme
983 3206 1131 3261 babuntur
1143 3204 1245 3260 insula
1260 3204 1290 3259 in
1306 3202 1391 3257 mari.
1414 3201 1495 3256 Unde
1516 3198 1746 3272 consequentius
1762 3202 1808 3255 est

106 3289 312 3363 Numquidnam
330 3307 348 3345 a
362 3293 452 3345 souitu
466 3291 555 3344 ruinae
571 3291 633 3358 luae,
653 3299 679 3345 et
692 3292 796 3361 qemitu
810 3293 928 3363 interfe-
982 3312 1071 3367 supra
1080 3310 1163 3349 naues
1173 3292 1277 3365 legere,
1293 3309 1329 3348 ue
1341 3291 1470 3347 secundo
1482 3291 1629 3363 ponantur
1640 3289 1763 3350 insula:
1773 3304 1807 3345 co

106 3384 212 3438 ciorum
224 3383 343 3446 tucrum,
359 3380 514 3434 eumoccisi
527 3380 634 3449 fuerint
648 3380 677 3432 in
692 3378 780 3434 madio
791 3380 841 3444 tui,
857 3395 928 3435 com·
982 3384 1058 3456 quad
1075 3380 1174 3438 nullus
1189 3381 1357 3454 egrediatur
1372 3396 1407 3436 ex
1420 3383 1459 3444 te,
1475 3379 1545 3449 sive,
1568 3381 1599 3433 ut
1612 3376 1820 3451 Septuaginta·

107 3468 286 3526 mouebantur
298 3468 418 3526 insulas?
432 3469 463 3523 Et
473 3467 633 3522 descendent
642 3466 791 3522 decadibus
801 3471 859 3524 suis
870 3485 927 3524 om-
982 3470 1208 3538 transtulerunt,
1224 3472 1254 3526 in
1264 3470 1308 3526 die
1318 3470 1483 3539 egressionis
1497 3471 1572 3525 tuae:
1587 3465 1807 3539 quandosnescis

106 3575 155 3615 nes
162 3561 300 3632 principes
309 3559 414 3614 maris:
429 3565 455 3613 ei
466 3560 590 3628 auferent
599 3558 716 3613 munias
725 3573 799 3627 suas,
810 3561 835 3613 et
845 3561 927 3614 uasti-
983 3561 1071 3617 ductu
1086 3560 1209 3633 captiva.
1225 3563 1290 3614 Haec
1303 3558 1421 3615 interim
1432 3557 1517 3630 quasi
1531 3556 1664 3628 quadam
1676 3555 1808 3611 historiae

104 3652 253 3706 mentam
262 3649 340 3704 varia
349 3647 488 3720 abjicient,
498 3654 525 3701 et
534 3645 928 3718 irnduenturDDDstuporedn
978 3652 1059 3723 jacta
1069 3650 1126 3705 sint
1138 3648 1347 3704 fundamenta:
1360 3663 1439 3702 nunc
1449 3642 1601 3718 spirituale
1609 3643 1739 3700 nitemur
1747 3642 1811 3700 nul-

103 3737 336 3805 demandabant,
359 3745 383 3793 et
403 3737 513 3793 attoniti
533 3751 615 3807 super
629 3737 770 3808 repentino
793 3752 858 3791 casu
882 3746 927 3793 tao
982 3755 1048 3794 men
1058 3735 1520 3810 imponere.Fingealiquem,diu
1530 3738 1644 3789 servata
1652 3731 1805 3805 pudicitia,

103 3827 347 3893 admiranbuniur,
364 3829 389 3881 et
403 3830 571 3882 assumentes
580 3842 662 3897 super
671 3829 696 3880 te
706 3825 866 3897 lamentum,
880 3827 926 3881 di·
981 3827 1084 3884 multis
1094 3824 1227 3883 floruisse
1236 3825 1406 3896 virtutibus,
1422 3827 1450 3879 et
1460 3826 1561 3896 postea
1572 3821 1603 3878 in
1614 3820 1713 3895 aliquo
1722 3822 1807 3895 gravi

102 3919 162 3972 cent
176 3916 246 3971 tibi:
261 3914 396 3984 Qreomodc
407 3917 507 3985 peristi
521 3929 584 3985 que
597 3916 704 3969 habitas
719 3917 749 3968 in
763 3917 846 3986 mari,
861 3916 926 3971 subs
982 3916 1156 3989 mortalique
1166 3918 1283 3988 peccato
1294 3931 1358 3971 csse
1368 3913 1550 3987 collapsum:
1567 3927 1663 3968 nonne
1673 3911 1710 3968 ad
1721 3911 1806 3967 soni·

103 4002 220 4074 inclyta,
241 4017 305 4074 quae
324 4004 406 4073 luisti
417 4004 499 4072 sortis
515 4005 543 4057 in
559 4005 633 4057 mari
647 4018 710 4057 cum
725 4002 926 4059 habitatoribus
980 4012 1043 4063 turn
1060 4007 1150 4062 ruina
1165 4007 1228 4078 ejus
1243 4005 1523 4075 interfectarumque
1536 4001 1677 4056 virtutum
1700 4015 1805 4056 omnes

103 4091 157 4145 turs
167 4105 232 4161 quos
240 4089 425 4162 fonnidabant
435 4092 581 4146 uniuersi?
595 4096 674 4148 Nunc
687 4092 833 4164 stupebunt
844 4109 925 4148 naves
979 4093 1083 4151 insula
1090 4094 1299 4150 movebuntur:
1309 4092 1337 4147 bi
1347 4089 1629 4162 videlicetquisalsis
1636 4088 1807 4161 amarisque

102 4178 383 4251 indispouoristui,et
392 4179 577 4235 turbabantur
585 4181 926 4252 insulaeinmnri,eoqucrt
980 4184 1069 4255 hujus
1080 4182 1177 4238 seculi
1189 4183 1355 4238 tunduntur
1366 4180 1526 4237 fluetibus?
1540 4183 1568 4235 et
1578 4176 1753 4235 descendent
1762 4177 1806 4232 de

100 4268 196 4326 nuilus
206 4269 363 4338 egrediatur
371 4283 406 4325 ea
417 4275 451 4324 te.
465 4267 551 4323 LXX:
566 4269 637 4337 Quia
647 4268 706 4325 ltaec
716 4268 785 4324 dicit
795 4270 924 4326 Dominus
979 4272 1083 4329 throno
1095 4271 1238 4344 superbia
1249 4289 1319 4339 sua,
1330 4287 1432 4327 omnes
1443 4267 1638 4342 quiinsaeculi
1648 4265 1806 4338 hujussal-

100 4358 236 4416 DensSor.
248 4358 592 4415 Nonneaoocerninaetuae
600 4359 924 4428 atmiapemuerintuul-
978 4361 1081 4434 sugine
1096 4360 1242 4432 principes
1256 4359 1440 4425 videbantur,
1459 4363 1488 4414 et
1506 4356 1671 4413 humilitate
1682 4355 1804 4427 dejecti,

99 4449 193 4504 nenati
202 4448 254 4513 tui,
268 4463 331 4503 curn
342 4447 506 4516 enapinatns
515 4448 601 4517 fuerit
613 4445 723 4516 gladius
733 4448 763 4501 in
773 4448 861 4503 medio
872 4450 922 4520 tui,
978 4449 1285 4506 auterentdiademata
1295 4448 1331 4504 do
1341 4446 1487 4520 capitibus
1498 4445 1570 4514 suis,
1589 4462 1652 4518 que
1663 4443 1806 4500 videban-

98 4536 338 4594 sommonebuntur
351 4537 461 4606 imula,
484 4544 509 4591 et
523 4536 682 4592 desenulerd
696 4536 729 4591 de
742 4536 852 4592 sedibus
865 4540 923 4593 suis
937 4554 960 4620 p
976 4544 1024 4595 tur
1040 4537 1124 4595 bouis
1139 4537 1276 4611 operibus
1300 4536 1461 4609 possidere,
1484 4541 1513 4592 et
1532 4534 1706 4591 vestimenta
1719 4531 1807 4588 varia

18 4658 22 4665 ·
97 4642 189 4684 mnnes
197 4626 439 4699 prinicipesmaris,
450 4629 476 4680 et
487 4625 614 4701 auferent
624 4641 737 4681 coronas
751 4641 822 4693 sicas,
838 4629 864 4682 et
874 4644 919 4682 ue·
976 4627 1141 4684 diversitate
1151 4625 1293 4682 uirtutum
1303 4623 1442 4697 abjicient
1457 4627 1485 4679 at
1496 4623 1656 4679 induentur
1668 4624 1804 4692 stupore,

97 4717 234 4773 stimentis
243 4715 301 4771 suis
310 4715 395 4771 uariis
404 4715 709 4771 laudabanturiFurore
719 4716 874 4771 insanient:
890 4718 920 4772 in
975 4717 1034 4773 eive
1048 4716 1164 4773 timoris
1179 4713 1380 4787 magnitudine
1395 4713 1611 4786 quodammodo
1622 4711 1806 4768 videbuntur

99 4807 173 4861 terra
186 4805 326 4872 sedebunt,
348 4812 374 4860 et
388 4803 577 4875 formidabunt
588 4804 770 4877 perditionem
784 4821 872 4873 suam,
896 4809 920 4861 et
974 4807 1070 4863 insani
1083 4827 1090 4876 3
1108 4804 1310 4875 sedebuntque
1324 4803 1418 4872 humi,
1435 4807 1463 4860 et
1478 4804 1632 4875 stupentes
1646 4814 1736 4872 super
1751 4816 1806 4856 re-

97 4896 338 4967 imminpere,
354 4900 380 4948 et
390 4896 529 4949 assument
539 4909 621 4966 super
633 4902 657 4949 te
668 4893 829 4965 tenentum,
840 4898 866 4950 et
875 4895 920 4951 di·
974 4895 1094 4968 pcntino
1109 4911 1178 4950 casu
1195 4895 1259 4965 ejus
1271 4892 1515 4948 admirabuntur:
1532 4890 1678 4947 intantum
1692 4893 1724 4944 ut
1733 4904 1804 4946 om·

96 4988 157 5036 cent
178 4982 250 5036 tibi:
271 4981 407 5050 Quomodo
426 4985 525 5055 peristi
545 4985 572 5037 et
596 4982 729 5054 dissipata
747 4985 918 5055 asianam,
974 4978 1803 5053 nesassumantplanctumetlnmentationemsupersum

96 5068 162 5125 urbs
176 5067 297 5138 laudata,
313 5087 371 5141 qua
380 5073 460 5142 suisti
474 5074 555 5144 tortis
569 5071 681 5126 inmari
694 5072 762 5143 ipsa,
776 5079 801 5127 et
812 5071 919 5126 babita-
974 5073 1024 5147 qui
1039 5072 1158 5142 corruit,
1175 5076 1204 5127 et
1218 5070 1334 5126 dicant:
1352 5070 1503 5135 Quomodo
1519 5067 1632 5142 peristi,
1648 5066 1699 5140 qni
1714 5065 1804 5139 prius

96 5165 167 5216 tores
181 5157 250 5230 ejus,
260 5172 323 5227 qua
335 5158 409 5215 dedit
421 5163 547 5217 timorem
557 5175 638 5217 suam
648 5150 774 5216 omnibus
784 5159 918 5216 habitato·
974 5161 1072 5218 salvus
1084 5177 1151 5217 eras
1164 5163 1175 5216 l
1190 5159 1337 5233 quomodo
1348 5158 1496 5226 corruisti,
1513 5157 1564 5231 qui
1575 5161 1656 5215 tanto
1666 5159 1805 5228 tempora

95 5249 172 5304 ribus
185 5248 264 5304 suis?
278 5247 309 5301 dt
322 5249 510 5318 formidabunt
524 5251 627 5307 insulse
640 5249 673 5304 ier
687 5249 731 5306 die
745 5251 835 5305 ruina
850 5256 917 5317 tue,
973 5256 1107 5319 steteras,
1122 5249 1173 5322 qui
1189 5249 1218 5304 in
1234 5248 1308 5304 mari
1323 5247 1414 5318 hujus
1430 5245 1529 5304 seculi
1544 5247 1620 5303 inter
1634 5261 1737 5301 omnes
1753 5245 1803 5302 in-

95 5340 121 5393 et
135 5336 320 5393 turbabuntur
333 5336 435 5393 insulae
450 5340 480 5393 in
494 5341 568 5394 mari
583 5340 613 5394 in
628 5341 704 5394 exitu
714 5343 769 5394 tuo.
786 5336 918 5393 Primum
973 5337 1065 5412 clytos
1080 5338 1240 5411 putabaris,
1264 5336 1314 5407 qui
1331 5352 1396 5392 eras
1411 5341 1583 5392 cunctorum
1599 5333 1735 5407 opinione
1749 5349 1805 5390 ro·

95 5422 391 5496 lpsahistoriaeverba
400 5426 745 5495 pandamusbrevissima
756 5424 918 5502 perappica
973 5427 1101 5485 bustusl
1115 5431 1143 5483 et
1154 5424 1333 5482 habitatores
1345 5424 1383 5494 (a)
1399 5424 1453 5494 tui,
1469 5424 1525 5480 hoa
1536 5427 1590 5494 ast,
1606 5422 1804 5496 cogitatianes

129 5651 168 5726 (a)
177 5651 232 5710 Pro
239 5654 292 5726 tui,
306 5652 384 5728 quod
392 5651 523 5724 Vaticani
532 5669 587 5712 ma.
597 5670 651 5727 ope
661 5656 854 5727 rastitiumus,
872 5657 914 5717 vi·
970 5657 1054 5731 tione,
1066 5657 1216 5733 nulloque,
1230 5657 1281 5715 aut
1292 5654 1453 5730 incongruo
1466 5657 1638 5731 consuerat,
1655 5655 1730 5728 Turi.
1749 5654 1801 5714 bi·
