3818 6104
105 341 186 413 star
498 348 871 420 consummatores
895 346 935 412 m
956 347 1087 415 rursu
1110 349 1239 418 nisan.
1262 352 1349 420 mn
1368 352 1421 422 ιιι.
1735 322 1813 421 net

104 480 190 557 Cum,
206 484 312 560 inquit,
329 483 443 545 nullum
459 488 538 547 aliud
554 507 702 564 sperarem
717 488 871 559 auxilium,
888 501 931 542 re-
946 482 976 552 Α
989 487 1159 544 custodiunt
1186 489 1309 560 vanites,
1338 509 1395 548 non
1422 489 1571 566 relinquit,
1600 505 1660 550 uon
1684 490 1812 552 detesta-

105 572 236 631 oordatio
251 572 367 632 Domini
383 575 455 632 mibi
472 577 561 636 saluti
579 578 642 652 luit,
665 579 750 651 juxta
773 577 866 633 illud:
883 577 932 632 Re·
986 577 1045 647 tur,
1062 576 1112 633 sed
1126 583 1260 652 expectat
1273 584 1305 636 ut
1320 581 1458 637 redeant:
1476 579 1518 637 illi
1534 598 1600 639 vero
1616 583 1744 638 stantem
1756 583 1812 639 mi·

103 662 233 721 cordatos
251 681 313 720 som
331 665 452 732 Domini,
464 671 490 723 et
509 669 618 726 laetotvs
637 685 698 725 sum
709 669 766 740 (Pr.
783 684 875 734 ιιιιιιι,
893 666 930 735 ι).
986 664 1175 722 sericordiam
1192 672 1221 723 et
1237 667 1313 725 ultro
1328 686 1360 726 se
1375 670 1543 727 offerentem
1567 676 1671 744 sponte
1695 670 1813 745 propris

103 753 140 810 m
155 753 185 808 in
202 753 258 809 alio
273 752 335 810 loco
352 771 359 810 :
375 755 541 813 Recordatur
550 774 612 812 sum
625 758 733 813 dierum
743 758 930 827 oritiqcorom,
985 751 1201 826 derelinquunt.
1224 757 1322 814 Potest
1338 757 1392 815 boo
1416 763 1444 814 et
1459 777 1493 816 ex
1507 777 1631 832 persona
1646 759 1761 816 Domini
1776 761 1813 819 de

102 843 129 898 et
142 857 230 898 aneos
244 844 364 900 eternae
378 843 407 899 in
423 852 511 901 mente
525 847 611 902 tobei
625 851 682 916 (Pr.
700 863 792 913 uxxvr,
808 845 846 917 6).
872 844 930 917 Ego
983 839 1152 898 Judaeorum
1162 844 1284 916 perfidia
1295 847 1471 918 prophetari,
1483 847 1612 921 quidum
1624 864 1654 904 se
1664 847 1812 905 estimant

101 947 171 988 oum
183 930 369 1004 desperarem
381 932 517 1002 salutem,
527 937 556 991 et
566 935 662 990 carnis
675 933 818 1007 fragilitas
829 933 858 989 in
872 949 932 989 me·
984 937 1127 1003 precepta
1144 933 1295 989 bominum
1310 939 1338 991 et
1360 934 1571 992 phariseorum
1592 936 1730 993 mandata
1749 952 1810 993 ser·

101 1019 152 1075 dio
167 1023 266 1075 ventre
281 1020 336 1075 ceti
349 1020 422 1077 nibil
437 1039 484 1078 me
494 1024 530 1079 de
540 1021 600 1078 vita
609 1039 727 1096 sperare
738 1021 929 1095 permitteret,
983 1034 1060 1088 vare,
1076 1036 1140 1092 quae
1157 1021 1269 1078 vanitas
1285 1027 1371 1096 atque
1395 1025 1582 1081 mendacium
1609 1030 1690 1093 sunt,
1717 1024 1810 1082 Deum

101 1107 930 1181 quidquidimpossibilevidebatur‚Dominirecordatione
983 1107 1033 1178 qui
1048 1124 1164 1182 semper
1178 1127 1279 1167 eorum
1296 1111 1434 1168 misertus
1450 1113 1554 1184 luerat,
1571 1112 1763 1185 reliquerunt.

98 1201 274 1270 superatum
290 1201 343 1254 est.
359 1198 500 1255 Videbam
517 1216 563 1257 me
577 1200 710 1257 clausum
720 1201 750 1256 in
767 1204 849 1257 utero
863 1198 929 1268 ceti,
1020 1194 1112 1262 (Vere.
1130 1199 1185 1271 10.)
1205 1200 1259 1270 Epo
1274 1208 1365 1256 autem
1388 1202 1417 1257 in
1432 1217 1493 1257 uoce
1508 1201 1598 1258 leodis
1613 1201 1759 1259 immolabo
1773 1202 1810 1258 ti·

98 1290 129 1344 et
143 1286 207 1342 tota
219 1301 287 1359 spes
303 1302 368 1342 mea
379 1287 522 1344 Dominus
534 1295 606 1345 erat.
618 1290 658 1345 Du
669 1290 777 1363 quibus
787 1287 930 1345 discimus
984 1284 1030 1340 bi:
1048 1288 1125 1342 414
1141 1302 1318 1360 qrtaecumque
1332 1291 1394 1345 oooi
1407 1291 1520 1346 reddam
1541 1307 1592 1364 pro
1612 1291 1702 1347 solute
1714 1290 1810 1348 Domi·

92 1374 929 1451 JuxuSeptuagintaeotemporaquodeficitarimanostra,
982 1388 1029 1428 oo.
1045 1374 1134 1429 LXX:
1152 1377 1206 1447 Epo
1220 1380 1312 1432 autem
1331 1395 1392 1433 rom
1407 1394 1469 1435 voce
1484 1379 1575 1435 laudis
1589 1387 1615 1435 et
1629 1380 1811 1452 consessionis

98 1462 298 1536 etaoorporis
308 1479 448 1538 compage
458 1465 614 1535 divellitur,
627 1484 684 1523 non
694 1485 747 1523 nos
759 1467 863 1524 debere
873 1466 929 1523 alio
983 1463 1129 1519 immolabo
1144 1465 1205 1531 libi,
1229 1481 1404 1538 quecumque
1417 1469 1479 1524 vovi
1492 1467 1608 1525 reddam
1624 1469 1675 1525 tibi
1688 1468 1811 1526 solutore

98 1549 309 1624 cogitationem
325 1557 445 1622 vertere,
463 1554 518 1610 nisi
533 1555 569 1610 ad
580 1572 658 1624 eum,
671 1556 722 1629 qui
732 1559 760 1612 et
770 1555 799 1611 in
810 1571 930 1628 corpore
982 1552 1107 1608 Domino.
1124 1553 1177 1617 Qui
1194 1554 1364 1610 custodiunt
1377 1557 1531 1629 vanitates,
1548 1574 1632 1614 suam
1644 1556 1808 1614 misericor-

98 1644 128 1696 et
135 1645 218 1698 extra
227 1654 335 1714 eorpus
344 1645 445 1698 noster
454 1647 499 1698 est
512 1644 661 1700 Dominus.
670 1643 928 1718 SuperSalvatoris
983 1638 1062 1695 diam
1077 1640 1275 1714 reliquerunt:
1289 1658 1341 1715 ego
1353 1648 1451 1701 autem
1462 1645 1512 1718 qui
1525 1663 1576 1719 pro
1590 1644 1750 1702 multorum
1762 1662 1809 1702 sa·

94 1740 166 1785 vero
186 1745 381 1802 personando
398 1734 443 1787 est
456 1731 584 1788 difficilis
599 1731 810 1807 interpretatio,
822 1732 872 1806 qui
883 1731 928 1787 di·
983 1728 1044 1784 luto
1059 1729 1214 1787 devoratus
1230 1748 1307 1800 sum,
1330 1732 1360 1787 in
1376 1748 1445 1788 voce
1460 1731 1557 1789 laudis
1573 1738 1601 1789 et
1615 1732 1810 1791 consessionis

96 1814 157 1874 xit:
174 1817 268 1875 Tristis
281 1821 321 1874 est
336 1820 433 1874 animo
446 1837 507 1876 oreo
526 1838 610 1894 osque
632 1822 667 1878 od
687 1826 801 1878 mortem
816 1823 926 1894 (liutto.
982 1816 1142 1901 immolabo
1161 1819 1225 1890 tibi,
1242 1819 1387 1893 meipsum
1401 1821 1543 1878 offerens:
1561 1823 1627 1895 quio
1640 1821 1746 1879 Perelio
1760 1838 1810 1880 no·
1866 1816 1876 1842 ‘

95 1918 174 1976 xxv1,
189 1904 234 1974 38,
250 1907 307 1979 39).
323 1907 379 1963 st:
397 1913 490 1977 Peter,
505 1912 531 1965 si
542 1910 674 1983 possibile
687 1920 738 1979 est,
766 1911 887 1966 transeat
909 1927 927 1965 o
980 1907 1067 1960 strom
1079 1907 1236 1963 immolatus
1246 1910 1285 1963 est
1297 1907 1452 1981 Christustl
1464 1907 1525 1965 Cor.
1536 1909 1809 1984 v).litquusi(c)ve-

94 2004 142 2052 me
154 1997 235 2053 celto
247 1995 306 2052 iser.
323 1996 358 2052 Et
373 2013 379 2051 :
398 1999 429 2053 ln
443 2015 540 2055 monos
556 2003 617 2073 tous
630 1998 786 2056 commendo
800 1999 928 2072 spiritum
981 2010 1033 2050 rus
1047 1994 1178 2066 pontiiex
1191 1999 1220 2052 et
1241 1995 1304 2051 ovis
1319 1997 1449 2069 seipsum
1466 2013 1518 2069 pro
1534 1997 1619 2054 nobis
1633 1998 1750 2055 obtulit.
1774 1998 1810 2056 m

94 2092 189 2140 mecm
204 2083 261 2156 (Ps.
276 2101 342 2157 xxx,
358 2084 405 2157 6):
423 2090 452 2142 et
467 2090 572 2144 catera
584 2087 631 2144 bis
645 2087 766 2143 similia.
981 2083 1151 2155 confitebor,
1168 2085 1274 2156 inquit,
1290 2085 1344 2140 tibi
1361 2089 1393 2141 ut
1408 2089 1475 2142 aute
1491 2086 1643 2142 confessus
1659 2104 1737 2155 sum,
1763 2084 1809 2142 dl·

135 2172 168 2230 Ut
182 2175 275 2229 veniet
287 2173 323 2229 ad
336 2176 363 2230 te
376 2177 464 2231 oratio
480 2190 549 2243 meo,
565 2176 603 2233 od
617 2178 749 2247 templum
764 2177 842 2232 m
865 2193 927 2232 sun·
981 2187 1070 2228 oens:
1088 2172 1226 2242 Confiteor
1251 2172 1303 2245 [sl.
1323 2173 1487 2246 Confitebor]
1512 2175 1573 2243 tibi,
1596 2180 1679 2231 Pater
1694 2177 1810 2233 Domine

96 2260 172 2319 ctum
185 2267 274 2317 tuom.
288 2261 327 2335 (a)
341 2263 409 2319 txx
421 2264 567 2321 similiter.
579 2266 729 2322 idcirooin
740 2264 927 2322 tribulatione
968 2259 1044 2329 ,ceti
1070 2266 1095 2316 et
1118 2267 1203 2319 terreo
1226 2260 1307 2333 (Met.
1329 2279 1368 2331 ru,
1394 2263 1444 2330 15;
1466 2264 1545 2320 loon.
1562 2280 1598 2330 vr,
1615 2262 1677 2334 39);
1693 2268 1722 2318 et
1743 2262 1809 2319 red·

95 2345 216 2406 Domini
231 2351 401 2407 reeordatus
415 2367 492 2419 sum,
510 2355 542 2408 ut
561 2352 653 2409 oratio
670 2369 734 2409 mea
749 2353 784 2408 de
798 2358 927 2410 extremo
981 2349 1049 2405 dam
1064 2354 1140 2421 vota,
1157 2367 1221 2423 qun
1234 2349 1287 2405 ieci
1304 2367 1355 2421 pro
1370 2349 1465 2406 salute
1479 2351 1613 2408 omnium
1629 2351 1763 2419 Domino,
1776 2353 1810 2408 ιιι

96 2434 184 2511 marl,
199 2440 229 2494 et
243 2437 382 2495 scissuris
398 2439 541 2496 montium
553 2441 731 2498 conscendat
742 2441 777 2497 ad
789 2439 887 2508 ooelos,
898 2444 928 2496 et
981 2453 1068 2494 omne
1078 2440 1153 2511 quod
1167 2429 1273 2495 dedisti
1283 2439 1356 2494 mihi
1367 2454 1424 2495 non
1436 2439 1573 2512 pereatis
1585 2439 1809 2496 aternumcer-

93 2525 242 2584 renlatad
254 2527 397 2601 templum
409 2533 546 2585 sanctum
557 2534 651 2595 tuum,
663 2530 694 2586 in
704 2547 763 2603 quo
777 2535 807 2586 ιιι
819 2533 928 2585 aterna
982 2527 1081 2583 nimus
1096 2527 1166 2598 quid
1182 2527 1212 2583 in
1228 2544 1282 2583 sua
1297 2528 1434 2601 passione
1443 2525 1574 2585 Salvator
1587 2542 1639 2601 pro
1651 2531 1751 2585 nostre
1761 2542 1808 2584 sa·

94 2612 205 2672 liuerls
228 2615 419 2672 beatitudine.
447 2620 482 2673 nt
496 2618 743 2675 considerandum
759 2619 836 2692 quod
853 2634 927 2675 novo
980 2614 1041 2678 lute
1056 2615 1242 2688 promiserit:
1259 2633 1316 2672 non
1334 2615 1474 2673 iaciamus
1498 2617 1668 2674 mendacem
1683 2615 1807 2673 losum:

93 2708 214 2781 genem
227 2702 320 2761 oratio
332 2704 382 2762 dat
392 2721 444 2777 pro
456 2708 596 2777 oratione,
609 2713 637 2765 et
647 2713 781 2781 precetur
791 2711 824 2763 ut
835 2705 927 2763 oratio
981 2718 1049 2777 crgo
1062 2704 1165 2760 mundi
1177 2703 1281 2771 simus,
1295 2708 1323 2760 et
1338 2704 1376 2761 ab
1392 2705 1537 2762 universis
1548 2709 1733 2778 peccatorum
1744 2720 1807 2761 sor·
1820 2716 1823 2721 ⁴

94 2788 179 2849 illius
192 2793 372 2850 conscendat
381 2794 417 2850 ad
428 2794 571 2868 templum
586 2796 646 2853 Dei.
661 2797 735 2853 Petit
745 2800 843 2854 sutem
854 2812 926 2869 qua·
980 2791 1068 2849 dibus
1092 2792 1229 2865 separati,
1253 2797 1286 2849 ut
1308 2810 1362 2850 nos
1386 2794 1444 2851 Deo
1466 2793 1541 2867 patri
1558 2794 1660 2851 offerat
1674 2792 1808 2851 victimae

95 2880 122 2938 sl
139 2880 279 2954 pontifex,
296 2886 329 2937 ut
343 2882 373 2937 in
389 2897 509 2955 corpore
524 2899 578 2941 suo
593 2883 719 2959 populus
735 2885 882 2941 liberetur.
982 2896 1056 2954 ques
1070 2886 1196 2938 voverat.

135 2964 229 3039 (Vere.
242 2968 283 3042 9.)
299 2971 352 3039 Qui
365 2970 521 3028 custodiunt
535 2976 670 3030 condoles
682 2977 799 3046 frustra,
815 2974 926 3029 roberi-
1016 2970 1110 3042 (Vere.
1132 2972 1190 3042 tl.)
1204 2972 1237 3027 lit
1249 2972 1323 3027 dixit
1335 2972 1469 3027 Dominus
1481 2973 1572 3044 pisci:
1589 2979 1615 3028 et
1628 2972 1749 3028 memnii
1762 2972 1808 3029 Jo-

99 3056 228 3114 eordtom
236 3064 314 3114 saum
324 3058 362 3130 (ι)
374 3059 572 3132 derelinquent.
586 3062 674 3118 LXX:
694 3065 747 3133 Qut
772 3061 928 3119 custodiunt
979 3076 1046 3115 nom
1061 3061 1092 3114 in
1106 3059 1224 3116 aridium.
1242 3060 1332 3116 Lxx:
1349 3063 1383 3116 st
1400 3063 1532 3134 praecepit
1546 3064 1613 3130 ceto,
1629 3069 1655 3117 et
1667 3061 1747 3132 rjedt
1761 3061 1809 3118 Jo-

98 3156 174 3202 oono
186 3152 212 3203 et
223 3145 376 3216 mendacio,
398 3150 617 3207 misericordium
639 3169 719 3208 suom
744 3153 924 3224 reliquerunt.
980 3164 1047 3203 riom
1060 3165 1142 3221 super
1153 3151 1264 3204 siccum.
1282 3149 1347 3205 Haec
1362 3167 1426 3222 qus
1438 3166 1527 3222 supra
1536 3148 1662 3223 legimus
1676 3149 1732 3208 sub
1742 3165 1808 3223 per·

95 3233 178 3293 Deus
192 3236 298 3292 natura
313 3234 480 3294 misericors
504 3244 559 3307 est,
584 3244 613 3296 et
635 3244 756 3315 paratus
780 3244 812 3297 ut
835 3213 963 3296 salvetc
982 3248 1055 3294 sona
1068 3237 1148 3294 Jonae
1164 3237 1306 3294 Dominus
1317 3239 1490 3312 deprecatus
1507 3242 1553 3295 est
1573 3240 1604 3296 in
1624 3243 1725 3296 ventre
1740 3237 1807 3312 ceti,

95 3320 266 3393 elementia,
291 3340 365 3397 quos
389 3340 446 3381 non
472 3331 567 3401 potest
591 3328 704 3387 salvare
715 3329 832 3402 justitia
844 3347 850 3386 :
874 3344 928 3385 nos
982 3324 1017 3382 de
1032 3344 1089 3398 quo
1100 3330 1128 3382 et
1139 3327 1192 3382 lob
1204 3327 1325 3401 mystice
1337 3327 1466 3400 loquitur
1478 3343 1484 3382 :
1501 3327 1647 3384 Maledicot
1656 3329 1682 3383 ei
1694 3329 1742 3399 qui
1752 3344 1809 3384 oro·

95 3417 199 3471 autem
213 3411 283 3471 vitio
298 3418 398 3471 nostro
412 3420 544 3488 paratam
559 3416 801 3489 misericordiam,
814 3423 843 3474 et
853 3417 928 3473 ultro
983 3414 1080 3471 edicit
1094 3415 1163 3483 dici,
1180 3415 1228 3470 ille
1243 3417 1292 3486 qui
1304 3416 1673 3488 mopnomcetumccptorua
1683 3421 1723 3471 est
1736 3415 1807 3488 (tob.

97 3501 311 3563 resumentem
320 3503 472 3575 perdimus
482 3509 510 3562 et
520 3505 767 3578 relinquimusltt
776 3522 834 3562 non
845 3504 927 3573 dixit,
983 3521 1026 3575 ιιι,
1042 3503 1081 3575 8).
1106 3503 1277 3576 Pracipitur
1291 3519 1359 3576 ergo
1374 3503 1442 3559 huic
1458 3519 1564 3576 magno
1581 3506 1654 3570 ceto,
1678 3507 1708 3558 et
1721 3503 1809 3576 abys-

96 3591 150 3665 psti
161 3592 271 3664 sedunt
285 3592 422 3649 comitates
443 3592 575 3665 (vanitas
589 3594 698 3668 quippe
714 3593 886 3664 vanitatum,
902 3596 930 3649 et
983 3592 1024 3648 sis
1039 3596 1068 3647 et
1083 3590 1208 3659 interno,
1234 3595 1267 3646 ut
1290 3592 1376 3647 terris
1397 3591 1552 3647 restituant
1566 3590 1764 3648 salvatorem:
1781 3593 1810 3649 et

96 3678 201 3738 omnia
224 3679 337 3736 vanitas
360 3680 444 3752 (licet.
467 3699 487 3750 1,
508 3682 537 3753 2)
562 3698 598 3738 ne
623 3682 762 3739 damnare
784 3681 931 3737 videretur
984 3680 1034 3753 qui
1050 3684 1183 3736 mortuus
1199 3680 1304 3746 suerat,
1316 3683 1348 3734 ut
1361 3679 1498 3735 liberaret
1507 3695 1557 3735 eos
1569 3681 1619 3751 qui
1632 3677 1735 3736 mortis
1745 3678 1809 3735 vin·

98 3768 264 3837 universos,
281 3773 310 3825 et
323 3773 429 3826 cuncto
444 3771 544 3844 generi
557 3770 687 3827 humano
698 3769 930 3827 misericordiam
984 3768 1058 3826 culis
1073 3769 1257 3836 tenebantur,
1274 3783 1374 3824 secum
1390 3766 1534 3840 plurimos
1545 3767 1650 3823 educat
1660 3767 1696 3823 ad
1710 3767 1809 3824 vitam.

98 3856 264 3931 denegare,
285 3857 335 3914 sed
351 3859 402 3931 qui
417 3859 589 3916 custodiunt
602 3860 756 3929 vanitates,
773 3859 834 3916 sive
849 3875 930 3916 meu·
985 3857 1065 3924 Quod
1081 3861 1179 3914 autem
1196 3856 1334 3912 scribitur
1349 3857 1479 3927 euomuit,
1496 3853 1715 3933 ipprrmmrepev
1727 3856 1813 3914 debe·

98 3937 290 4018 dacium,qui
300 3947 519 4004 transieruntin
531 3948 665 4005 allectum
677 3948 792 4004 cordis:
811 3948 861 4021 qui
873 3965 931 4004 uon
985 3963 1052 4003 mus
1067 3945 1218 4017 accipere:
1235 3945 1314 4017 quod
1329 3961 1364 4002 ex
1378 3944 1447 4000 imis
1461 3943 1600 4001 vitalibus
1624 3944 1739 4015 mortis,
1753 3943 1812 4002 vic·
1836 3998 1844 4011 x

99 4030 337 4103 solomonium,
364 4037 415 4092 sed
437 4037 479 4093 ita
494 4036 665 4093 custodiunt
678 4037 832 4106 vanitates,
849 4036 932 4110 quasi
986 4035 1043 4093 trix
1057 4035 1117 4091 vita
1131 4034 1315 4108 processerit.

100 4120 460 4197 diliguntettbesaurum
471 4125 601 4183 invenire
612 4141 643 4183 se
655 4131 769 4199 putent.
780 4127 934 4200 Simulque
1022 4125 1102 4198 (Gap.
1120 4123 1309 4180 lit-Vere.
1326 4121 1813 4195 l,2.)EttaetomestoerlmmDo·
1854 4180 1857 4185 ,

101 4218 192 4270 cerne
206 4213 482 4286 magnanimitatem
498 4215 656 4287 propheta,
672 4215 703 4271 in
713 4216 858 4288 profundo
871 4233 934 4272 ma·
986 4215 1060 4270 mini
1074 4213 1110 4270 od
1123 4212 1363 4283 tormentando,
1380 4211 1474 4268 dicens
1487 4227 1494 4267 :
1508 4211 1758 4279 surrectionem
1769 4210 1816 4269 Ni·

102 4298 160 4369 tis,
175 4300 206 4357 iu
220 4308 321 4359 ventre
335 4303 423 4358 tante
436 4302 537 4359 bestia
553 4307 660 4360 aeterna
670 4307 754 4361 noete
768 4308 934 4378 coopertus,
987 4305 1069 4360 nium
1076 4303 1214 4359 civitatem
1222 4303 1390 4372 mopoom,ct
1397 4299 1520 4371 predico
1529 4301 1558 4355 in
1566 4315 1600 4354 eo
1606 4299 1645 4371 (d)
1656 4301 1735 4367 iuxta
1743 4312 1817 4370 prae·

102 4405 164 4449 non
181 4389 290 4464 cogitet
304 4389 341 4446 de
355 4389 484 4462 periculo
500 4407 564 4461 suo,
586 4390 637 4447 sed
654 4392 689 4447 de
704 4395 933 4459 ueteranorum,
988 4393 1157 4448 dicationem
1168 4393 1300 4463 priorem,
1317 4405 1400 4461 quam
1414 4404 1462 4459 epo
1477 4388 1573 4458 loquor
1586 4384 1622 4442 od
1636 4389 1673 4441 te.
1685 4384 1770 4441 LXX:
1782 4386 1817 4442 m

102 4477 235 4556 &uenali
247 4479 394 4535 sententia
403 4478 638 4552 philosophatur.
651 4480 936 4552 Misericordiamin-
987 4483 1075 4553 suctus
1091 4485 1131 4537 est
1145 4495 1232 4535 serino
1257 4478 1371 4535 nemini·
1384 4475 1419 4531 ad
1433 4477 1529 4533 Ionum
1551 4473 1676 4546 secondo,
1700 4473 1793 4531 dicens
1808 4488 1815 4531 ι

103 4568 181 4645 quit,
196 4582 276 4624 suom
291 4567 490 4641 derelinquent.
507 4567 587 4624 Licet
600 4568 711 4625 oilensa
722 4569 760 4624 sit
770 4568 936 4624 misericor·
950 4576 975 4643 Ι)
991 4569 1088 4643 Soros,
1101 4578 1127 4626 et
1141 4569 1209 4624 uode
1222 4570 1251 4622 in
1268 4569 1385 4622 Niniueo
1400 4566 1537 4620 civitatem
1548 4579 1687 4634 mcprrom,
1701 4567 1728 4619 et
1739 4579 1817 4635 prse-

103 4656 166 4726 dia,
182 4668 272 4730 qaam
289 4672 342 4713 nos
358 4671 518 4731 possumus
541 4655 637 4728 ipsum
660 4655 821 4729 intelligere
846 4662 935 4713 Deum
990 4659 1052 4715 dica
1066 4661 1096 4714 in
1110 4674 1145 4713 ea
1156 4659 1242 4728 juxto
1250 4652 1473 4728 predicationem
1481 4654 1612 4723 priorem,
1623 4666 1707 4723 quom
1716 4667 1766 4721 epo
1776 4651 1817 4708 lo·

104 4744 271 4820 (Misericors
293 4747 368 4802 enim
392 4750 418 4801 et
443 4747 590 4801 miserator
612 4747 753 4811 Dominus,
778 4747 886 4818 potiens
912 4750 937 4800 et
990 4756 1068 4805 cutm
1082 4762 1143 4801 sum
1159 4745 1194 4800 od
1209 4753 1243 4800 to.
1260 4743 1323 4800 Non
1339 4741 1447 4797 dicitur
1462 4739 1620 4813 propheta,
1645 4755 1735 4812 quare
1759 4756 1817 4796 non

103 4837 207 4895 malm
230 4837 417 4892 miserationis
442 4835 499 4907 (Ps.
523 4849 614 4904 cmv,
637 4835 676 4904 8),
698 4839 796 4892 tamen
821 4851 872 4892 eos
886 4834 936 4907 qui
991 4835 1085 4893 iecisti
1102 4833 1179 4906 quod
1195 4833 1248 4889 tibi
1264 4833 1361 4888 iuerat
1378 4829 1565 4903 imperatum,
1592 4829 1643 4884 sed
1667 4827 1777 4884 suitlcit
1790 4828 1817 4884 ei

145 5086 188 5158 (o)
203 5086 330 5143 Deerant
351 5087 440 5143 verba
462 5086 524 5141 tilii
544 5085 695 5167 similiter:
722 5100 786 5156 que
801 5088 864 5140 tum
879 5084 937 5152 hic,
993 5088 1026 5140 ut
1040 5081 1215 5166 ex'Vulgats
1226 5078 1432 5162 ejusedi'tione
1447 5079 1577 5150 apparet,
1593 5077 1648 5132 boo
1663 5073 1768 5130 modo:
1785 5073 1818 5130 bt

109 5162 175 5215 tum
191 5156 261 5213 alibi
277 5157 520 5230 sapiusexmss.
538 5156 719 5239 suffecimus.
810 5228 815 5238 .
932 5242 939 5256 ·
992 5155 1114 5280 plraedrcc
1128 5171 1159 5237 m
1172 5152 1446 5235 rutpredrcotronem,
1461 5165 1545 5221 quom
1558 5163 1605 5220 epo
1620 5147 1716 5231 loquor
1728 5145 1815 5229 odie.

146 5227 188 5301 (ι)
204 5228 246 5284 sd
265 5229 391 5301 vulgara
407 5225 555 5300 exemplar
569 5227 715 5282 Victorius
727 5225 935 5298 derelinquunt.
1019 5240 1185 5308 oocsrnrm,
1197 5226 1281 5295 justo
1292 5226 1321 5276 et
1328 5236 1461 5294 priorem,
1475 5236 1532 5275 non
1543 5224 1612 5302 sunt
1624 5235 1654 5301 ιιι
1666 5217 1816 5285 Hebraico,

109 5312 203 5374 quam
218 5300 332 5356 videtur
343 5301 374 5356 in
385 5298 702 5371 subnexaexpositione
712 5298 867 5353 lectionem
878 5298 940 5370 ipse
994 5313 1047 5352 neo
1062 5302 1149 5350 etrum
1172 5310 1236 5376 esse
1251 5286 1819 5430 pgtirffizgntrtaepitirggsrglerogfflniffllls'rorffiqglg

109 5371 253 5517 1)τῦςοῖιῖ
263 5372 465 5510 pompm,
477 5442 553 5496 inira
567 5457 633 5510 erpo
643 5440 813 5496 adverbium
824 5444 941 5515 preter·
993 5367 1207 5506 ιῐιῗιῐιὶιαῖιῃιεῗὲἶιθιέ
1223 5383 1258 5492 ιιιῗι
1273 5434 1322 5489 ills
1337 5380 1409 5489 arog
1423 5405 1605 5489 describat’ur
1614 5430 1693 5504 iuga.
1704 5429 1819 5502 Expun-

110 5513 206 5570 mittit
220 5512 377 5571 Victorius.
995 5516 1046 5568 cte
1062 5515 1131 5565 sunt
1146 5509 1253 5590 itaque·
1267 5522 1351 5587 voces
1375 5506 1410 5560 ab
1435 5503 1494 5572 illo,
1512 5504 1659 5587 'locusque
1678 5501 1715 5557 ad
1729 5500 1819 5561 tidem

159 5585 190 5656 cl)
203 5583 353 5668 Victorius
368 5585 408 5642 sit
423 5601 429 5642 :
446 5584 530 5641 Hune
545 5581 643 5639 locum
658 5581 724 5666 billi
740 5581 942 5656 interpretatio
995 5570 1820 5710 Vplgatmeditronrsrestitutustlobrseontramesildem

109 5655 140 5714 sl
181 5653 227 5714 vlt
239 5672 248 5713 r
262 5666 305 5714 ere
319 5656 398 5715 eninr
413 5655 457 5713 illl
469 5659 638 5721 verterunt:
655 5655 849 5727 Hieronymus
862 5668 941 5724 vero,
997 5653 1059 5711 mbr
1087 5651 1173 5710 boore
1187 5650 1376 5709 arbrtramur.
