3818 6104
98 276 158 340 907
724 280 756 339 S.
780 275 935 341 austun
957 274 1177 338 allabuntur
1275 300 1280 307 ·
1735 273 1781 336 tot

100 426 309 482 superaquam
325 415 378 479 est,
395 412 451 466 cito
474 408 661 467 dissolvitur:
678 411 720 466 sic
736 427 858 483 regnum
870 410 923 465 da·
936 413 964 479 Α
979 409 1057 464 enim
1072 408 1211 480 operient,
1228 411 1255 464 et
1270 406 1358 464 colles
1379 407 1500 463 eadent:
1532 405 1594 460 hac
1621 407 1715 460 autem
1729 404 1783 460 hant

100 514 162 553 cam
174 498 304 554 tribuum
314 498 450 556 velociter
465 501 593 568 finietur,
609 504 638 555 et
649 499 786 572 peribunt
799 499 923 564 excelsa,
980 515 1036 570 pra
1052 514 1156 568 pavore
1170 501 1199 553 et
1215 496 1389 553 incredibili
1413 494 1582 566 tormidine,
1599 509 1653 566 per
1675 499 1783 564 quamet

99 586 127 640 id
143 591 198 652 est,
215 589 453 660 semenstrem),
469 590 505 644 de
516 589 624 660 quihus
635 589 776 660 scriptum
788 592 852 643 est:
870 593 924 643 Ve-
980 592 1094 641 montes
1109 592 1138 641 ct
1153 585 1240 642 eolles
1257 585 1506 641 humiliabuntur.

100 682 254 730 cunctamen
263 675 476 748 adhuepopulus
492 677 650 733 itnmotebot
660 685 686 732 et
699 677 827 733 adolebat
838 680 924 731 inec-
1015 675 1109 746 (Vera.
1125 676 1152 738 tt,
1173 675 1226 741 ttt.)
1243 676 1283 729 lta
1296 675 1391 730 stichus
1406 673 1499 729 Getae
1508 670 1635 744 peccauit
1649 670 1785 726 lsrectriti

98 763 392 837 cobis(llldeq.xx11.
409 767 464 837 lt).
481 768 543 838 lpsa
560 760 826 821 autemexcelsaiin
845 769 924 833 sunt,
979 767 1118 818 steterunt.
1136 761 1474 833 ttorrcontprehendcteos
1504 764 1533 816 in
1563 759 1657 814 Getae
1677 759 1784 830 praettsn

100 851 160 907 sive
173 854 337 941 eventilet),
349 855 443 925 idest,
458 855 537 923 idoli,
549 855 627 926 quod
644 855 851 926 interpretatur
862 855 924 908 inu·
979 869 1061 924 super
1074 851 1150 922 titios
1162 854 1318 922 iniquitatis
1332 853 1424 907 :turta
1438 850 1608 905 desiderium
1618 863 1709 902 nutem
1718 850 1784 903 corn·

100 941 156 1007 tite,
169 941 246 1011 quod
259 942 370 998 idolum
382 943 521 1000 etiuutile
531 949 682 1015 peccatum
693 946 738 998 est
750 940 847 998 lsrael.
861 941 926 996 Dis·
978 943 1056 1012 pieria
1067 957 1110 996 eos
1122 960 1128 996 :
1140 942 1378 1010 conprequhantnr
1390 956 1473 1011 artpcr
1484 955 1530 994 eos
1539 937 1783 1008 popnttpnmnnt·

101 1029 196 1102 sipato
211 1035 308 1087 autem
325 1031 401 1088 idolo
416 1036 446 1088 ot
460 1031 582 1088 excelsis
597 1033 671 1102 ejus.
979 1031 1091 1098 pientur
1103 1032 1270 1101 msuper
1279 1030 1390 1100 (alterna
1402 1031 1563 1099 iniquitates
1577 1043 1655 1082 sues.
1668 1025 1745 1082 Lxx:
1757 1027 1785 1081 u

136 1119 229 1191 (Vera.
245 1120 285 1191 9.)
314 1121 446 1193 lappoct
475 1120 596 1177 tritulus
623 1119 748 1176 ascendet
764 1135 925 1191 superares
981 1119 1126 1188 qtiocolles
1154 1123 1227 1183 aunt,
1253 1121 1374 1190 peccauit
1401 1117 1559 1173 herachitii
1586 1121 1785 1171 steteruntznen

101 1224 207 1276 eorum,
223 1217 249 1265 et
261 1208 352 1265 dicem
361 1212 510 1281 montibus,
522 1211 625 1282 operite
635 1226 697 1279 etos,
711 1213 736 1264 et
747 1209 872 1277 coitibus,
883 1224 926 1263 ce·
979 1207 1181 1275 cernoretenttt
1192 1223 1235 1262 eos
1245 1210 1275 1261 in
1286 1207 1354 1262 colle
1363 1205 1464 1262 telluris
1472 1205 1784 1277 superfitiosiniquitctis:

102 1297 159 1353 dete
172 1312 321 1368 sapenos.
332 1298 418 1354 LXX:
434 1299 530 1372 Spina
542 1306 568 1353 et
582 1298 680 1353 tritati
691 1299 834 1354 ascendent
843 1313 927 1368 super
979 1299 1053 1352 etenit
1064 1301 1093 1351 ut
1106 1299 1255 1369 corriperet
1267 1295 1317 1362 [tl.
1333 1295 1527 1367 conumpcrct}
1543 1311 1589 1350 ees
1599 1312 1609 1349 :
1619 1299 1646 1349 et
1657 1309 1786 1365 conpreca-

101 1386 204 1441 ettcrio
218 1401 322 1455 eorum,
339 1391 365 1442 et
379 1388 472 1443 dicent
484 1387 631 1452 mentitas,
647 1389 750 1458 operite
763 1402 823 1451 nes,
840 1388 864 1440 ct
875 1387 928 1441 cot·
981 1386 1083 1440 horitur
1096 1401 1176 1456 anper
1191 1386 1253 1440 illos¹
1266 1385 1371 1456 populi,
1388 1384 1495 1456 qaondo
1507 1384 1629 1454 correpti
1656 1383 1787 1453 sucrimh

101 1474 183 1540 titus,
193 1474 438 1546 ceditesupcrnos.
452 1475 693 1549 Signumultimre
705 1474 882 1542 solitudinis,
895 1479 926 1529 ut
980 1474 1402 1545 elautusiniquitatilassuia.llx
1412 1489 1444 1528 ee
1460 1473 1506 1528 die
1516 1488 1576 1544 quo
1592 1488 1713 1527 uxorem
1725 1473 1788 1528 tesi·

101 1578 137 1618 nc
152 1562 277 1634 parietes
288 1563 407 1635 quidem
422 1569 450 1619 et
462 1570 591 1620 extrema
605 1565 794 1619 edificiorum
804 1562 927 1635 vestigia
980 1560 1789 1635 treturpiteratqueerudeliteeinterleeitbenjamininne

100 1650 314 1723 relinquantur.
332 1653 371 1709 llo
386 1657 526 1726 tompore,
552 1653 642 1709 dicem
655 1654 806 1723 montibus,
821 1654 926 1722 operite
982 1648 1716 1723 oeeahaapaccavitmthiomnistsrael(tottam)
1728 1667 1734 1704 :
1745 1665 1790 1704 non

99 1756 162 1807 net,
176 1747 201 1796 et
212 1741 337 1812 collitus,
353 1741 442 1797 ondita
455 1760 539 1814 cuper
564 1759 624 1798 nes.
640 1742 721 1805 Quod
738 1742 881 1797 Dominus
895 1741 925 1796 in
981 1739 1140 1811 qniaultus
1151 1745 1195 1796 est
1205 1740 1355 1811 injuriam,
1373 1747 1400 1795 et
1412 1739 1508 1795 scelus
1523 1738 1792 1812 sanguinevindica·

101 1826 204 1884 ultimo
219 1833 349 1901 tempore
359 1830 535 1903 captivitatis
545 1831 674 1888 iudaice
687 1831 757 1886 dicit
771 1847 835 1886 esse
845 1847 924 1885 com·
979 1829 1019 1884 vit
1033 1854 1040 1896 ;
1057 1830 1107 1884 sed
1122 1830 1189 1900 quia
1200 1829 1298 1885 dolore
1309 1827 1435 1884 maritali
1447 1827 1594 1899 prosilivit
1614 1827 1651 1883 ad
1665 1843 1791 1900 pugnam,

100 1916 251 1991 plandum.
263 1917 410 1990 Quidquid
427 1935 583 1991 argunnae
598 1920 807 1974 contradscem
820 1917 923 1989 tribus,
980 1922 1009 1973 et
1021 1919 1208 1990 saerilegium
1223 1919 1251 1972 in
1268 1918 1359 1973 Deum
1375 1934 1461 1973 suum
1475 1916 1573 1972 noluit
1586 1916 1734 1972 vindicare
1745 1934 1754 1970 .·
1766 1932 1791 1972 eo

101 2007 162 2063 sive
176 2010 277 2062 contra
290 2023 406 2063 omnem
423 2008 531 2063 dieitur
544 2006 643 2074 lsrael,
661 2008 790 2063 sciamus
803 2010 924 2068 τυπικῶς
980 2006 1058 2077 quod
1070 2006 1098 2060 in
1109 2007 1194 2061 domo
1207 2005 1306 2061 ltliohae
1323 2005 1417 2076 ephod
1442 2009 1471 2060 at
1487 2004 1658 2075 theraphim
1674 2020 1734 2076 qua
1749 2019 1791 2076 pto

101 2094 189 2152 etiam
198 2095 234 2151 ad
243 2099 337 2151 totum
348 2095 487 2167 populum
497 2112 583 2168 posse
593 2095 755 2163 transferri,
765 2101 798 2151 ut
808 2096 925 2167 quando
981 2094 1065 2149 idolis
1078 2095 1289 2161 adorabantur,
1301 2096 1338 2165 (t)
1350 2093 1540 2166 neglexerint.
1559 2093 1612 2148 ltie
1622 2093 1711 2165 igitur
1724 2092 1794 2148 stetit

101 2183 360 2256 Ramauicaperiut
369 2184 924 2256 Jerusalem,ctsubverterinttemplum
981 2184 1071 2238 lsrael
1085 2201 1090 2239 :
1104 2183 1142 2238 ibi
1153 2200 1240 2238 suum
1252 2183 1391 2254 repressit
1401 2181 1666 2254 gradum,neultra
1675 2179 1793 2237 ambula·

102 2271 163 2329 siva
177 2273 359 2344 cumjudicii
376 2274 438 2330 dies
463 2274 584 2344 venerit,
616 2279 646 2330 ut
662 2274 711 2330 alii
726 2273 924 2346 suspicantur,
980 2270 1238 2328 retinviisbomini
1250 2271 1433 2326 :ideirconon
1445 2270 1794 2342 noscomprehendetpro·

102 2361 179 2418 m
193 2362 293 2418 dicant
308 2378 413 2434 magno
429 2362 549 2419 horrore
572 2368 748 2431 metuentes,
764 2363 924 2431 montibus,
980 2362 1144 2433 ptchabaa
1155 2359 1792 2432 praelium,sivecaptivitaa,sicutipsiputant:

100 2452 203 2523 operite
218 2467 275 2520 noe,
292 2459 319 2507 et
332 2451 457 2521 cultiles,
468 2452 560 2508 cedite
573 2468 657 2521 super
670 2468 729 2517 noa,
745 2451 818 2506 mori
831 2450 925 2522 magis
980 2450 1020 2504 ibi
1035 2450 1113 2505 enim
1128 2450 1202 2505 bene
1218 2450 1348 2504 lecerunt
1365 2453 1396 2503 ut
1408 2445 1794 2521 persequerenturtlliusini·

100 2544 234 2612 optantes
244 2556 332 2612 quam
344 2557 461 2597 eernere
475 2557 539 2613 queo
551 2542 817 2597 alleruntmortcm.
831 2540 927 2595 Sedet
980 2539 1101 2611 quitatis
1114 2557 1120 2605 ;
1137 2539 1187 2593 sod
1200 2537 1366 2608 corripiam,
1379 2537 1484 2609 inquit,
1497 2554 1547 2592 eos
1568 2541 1659 2609 atque
1674 2535 1795 2593 erudiam

101 2629 242 2702 spiritalis
253 2630 389 2703 nequitie
400 2631 541 2699 Samaria,
555 2647 618 2703 quia
630 2647 661 2686 sc
676 2629 809 2702 apopulo
821 2628 870 2684 Dei
883 2628 926 2683 di·
979 2632 1040 2683 tota
1055 2627 1145 2682 animi
1162 2627 1217 2682 mei
1234 2627 1391 2693 voluntate,
1406 2632 1434 2682 at
1458 2627 1646 2698 congregabo
1663 2626 1795 2682 adversus

100 2717 217 2784 viserat,
234 2718 302 2774 fecit
322 2735 521 2792 regemsuum
551 2720 676 2775 transire
703 2717 847 2789 velociter,
864 2733 924 2773 ser·
979 2714 1235 2787 illospopulorum
1251 2714 1481 2784 multitudinem,
1499 2714 1800 2786 quiaduasleccrunt

102 2823 219 2863 monem
240 2807 376 2864 videlicet
403 2807 617 2874 hereticorum,
646 2813 734 2878 atque
762 2806 925 2863 doctrinam
979 2802 1798 2875 iniquitates,vindieandohominem,ett)eisuiiujurinm

101 2895 186 2968 quasi
202 2912 351 2968 spumam,
368 2897 428 2954 sive
443 2896 585 2952 erernium
612 2913 699 2968 super
713 2896 817 2952 faeiem
830 2912 923 2967 aqua,
979 2890 1231 2964 negligendostve
1241 2894 1316 2948 duas
1327 2892 1496 2963 iniquitates
1507 2909 1513 2947 ε
1525 2893 1816 2964 quiaprimumpac-

102 3001 229 3058 quorum
238 2984 530 3053 aliuddumvidetur,
541 2990 657 3057 repente
666 2984 924 3041 dissolvituraliud
979 2985 1116 3036 caverunt
1130 2982 1158 3037 in
1177 2979 1262 3037 idolis
1278 2980 1390 3049 llichae,
1406 2981 1534 3036 seeundo
1551 2981 1580 3036 in
1596 2980 1700 3036 vitulis
1723 2979 1809 3037 tero-

101 3073 187 3131 tacilc
201 3079 248 3132 est
260 3073 361 3131 tollere
376 3075 412 3130 de
426 3091 572 3147 aquarum
602 3072 835 3141 summitatibus,
850 3079 878 3128 et
893 3073 922 3129 in
979 3070 1065 3126 boam
1082 3086 1088 3124 :
1104 3069 1148 3124 vel
1163 3074 1239 3125 certe
1250 3069 1285 3141 (cl
1297 3070 1371 3124 diras
1382 3068 1489 3125 vitulos
1499 3069 1640 3125 Samaria
1655 3069 1685 3124 in
1701 3068 1760 3125 Dan
1771 3069 1831 3123 aa

100 3163 199 3237 iguem
214 3163 338 3221 mittere.
355 3161 441 3219 Tales
464 3167 534 3219 sunt
561 3161 688 3218 heretici
718 3150 1089 3234 spumantibusllltethal,
1107 3159 1354 3228 possumusduas
1383 3158 1553 3229 iniquitates
1583 3157 1742 3231 appellare,
1766 3157 1796 3212 de

99 3253 195 3310 verbis
210 3255 368 3324 tumentes,
384 3257 413 3308 et
428 3269 530 3310 arsura
550 3255 693 3324 precepta
707 3251 812 3307 Christi
829 3250 924 3323 bapti·
979 3246 1086 3318 quihus
1101 3246 1280 3302 etleremias
1294 3245 1425 3318 loquitur
1437 3248 1634 3316 :ltuopcasima
1645 3249 1795 3318 sccitpope·

100 3330 924 3396 amatiaosermonibusilliuecommiscentesQuaomnia
978 3338 1021 3391 tas
1030 3352 1107 3391 meets
1118 3354 1127 3390 .·
1138 3335 1343 3406 dereliquerunt
1352 3336 1457 3406 sontem
1466 3350 1549 3406 aquae
1560 3337 1668 3399 vineat
1675 3335 1795 3407 temnant

101 3421 332 3495 pertransibunt,
348 3424 377 3477 et
390 3421 478 3477 verba
488 3420 644 3492 magnilica
654 3420 682 3476 in
696 3419 925 3492 quibuslabora·
977 3427 1032 3479 siti
1047 3425 1122 3480 licens
1138 3427 1275 3489 contritos,
1292 3425 1340 3494 qui
1355 3439 1411 3478 nort.
1425 3427 1537 3494 possunt
1564 3440 1653 3494 aquus
1667 3425 1796 3480 continere

100 3516 214 3582 verunt,
226 3511 304 3583 quad
316 3510 525 3582 interpretatur
535 3505 922 3582 lin‚illicodispergentur,in
978 3514 1085 3579 (terena.
1098 3531 1129 3581 ιι,
1147 3514 1201 3583 13).
1217 3513 1265 3567 llee
1279 3514 1341 3567 dure
1353 3511 1521 3584 iniquitates
1531 3517 1636 3568 contra
1647 3513 1703 3568 duo
1713 3512 1797 3567 Deca-

101 3601 210 3672 quibus
225 3598 354 3674 peccavit
369 3598 456 3656 lsrael
470 3617 476 3655 :
493 3603 633 3671 tantaque
647 3599 703 3654 erit
717 3597 843 3653 solitudo
854 3597 921 3653 doe·
978 3602 1036 3673 logi
1051 3618 1173 3673 erupere
1184 3601 1375 3674 praeceptam
1387 3600 1495 3672 quibus
1506 3601 1616 3655 dicitur
1629 3618 1636 3656 :
1651 3602 1702 3671 Epo
1711 3599 1795 3654 Demi·

101 3689 184 3745 trine
200 3689 343 3762 passima,
360 3693 392 3744 ut
403 3689 494 3761 spina
509 3688 646 3744 attributi
663 3688 822 3743 ascendant
836 3702 924 3757 super
977 3708 1030 3746 naa
1048 3691 1189 3746 Deustuus
1201 3708 1207 3746 ε
1219 3692 1359 3746 nonerunt
1370 3685 1791 3761 tibidiialiiubsquemetdced.

102 3794 167 3835 aras
178 3778 398 3850 eorum.Spinas
406 3777 567 3834 attributos
576 3778 615 3833 ibi
625 3777 715 3843 nasci,
727 3776 776 3831 ubi
785 3792 923 3848 agrorum
978 3797 1005 3848 x,
1020 3782 1048 3846 2,
1064 3780 1297 3852 3).Septuuginta
1307 3780 1411 3844 Gulae,
1423 3778 1504 3833 celtes
1516 3778 1704 3851 interpretati
1711 3781 1790 3832 sunt:

101 3867 183 3925 nulla
196 3867 312 3923 cultura
325 3871 379 3938 est,
396 3866 533 3921 omnibus
555 3870 642 3938 patet.
658 3866 720 3920 lstec
736 3864 826 3937 spinae
842 3868 921 3933 sunt,
978 3877 1002 3923 A
1019 3868 1328 3941 diebusergocollium
1339 3868 1466 3940 peccavit
1478 3867 1581 3922 lsrael:
1594 3868 1796 3939 quandomon·

102 3970 166 4026 (111ae
173 3955 525 4020 tuff⁰ssassl⁸0ffiessl0mtel
535 3970 663 4009 cresccre
674 3971 730 4009 non
747 3954 922 4026 sinuatque
978 3957 1337 4029 tesEecleaiaedereliquit,
1348 3962 1377 4013 et
1390 3958 1424 4012 ad
1436 3956 1534 4024 colles,
1551 3956 1611 4012 sive
1638 3957 1797 4012 elirosdes·

85 4057 87 4063 ·
101 4045 264 4098 nascuntur
273 4041 303 4096 in
315 4057 403 4097 manu
416 4040 579 4106 temulenti,
594 4058 667 4113 quas
678 4058 729 4113 pro
743 4059 798 4096 uva
809 4042 875 4097 tecit
886 4042 925 4098 ls·
978 4046 1230 4103 cendithareticos
1241 4045 1414 4101 :doctiorem
1422 4063 1452 4101 se
1462 4043 1797 4118 putansquamllcelesia

102 4135 171 4186 rael.
188 4130 331 4186 Dominus
345 4129 423 4186 enim
440 4130 617 4201 exspectavit
632 4135 665 4185 ut
680 4132 785 4187 taceret
799 4147 881 4201 uvas,
895 4136 924 4187 et
978 4142 1031 4200 est,
1044 4140 1072 4192 et
1082 4135 1239 4192 sublimius
1247 4133 1355 4206 aliquid
1365 4135 1526 4206 reperisse:
1545 4137 1586 4188 iti
1594 4133 1796 4200 sceteratahon

100 4219 169 4275 tecit
179 4219 289 4291 spinas,
302 4219 362 4274 sive
370 4218 536 4274 labruscam
547 4218 702 4275 habentem
715 4236 776 4273 uvae
788 4219 924 4276 similitu·
977 4225 1063 4283 estin
1075 4241 1171 4279 errore
1181 4223 1797 4296 perseveraverunt.Quodquesequiturat'on

100 4308 210 4377 dinem,
223 4312 361 4364 etamaro
371 4313 460 4379 gustu
471 4307 651 4362 vescentium
667 4325 717 4364 ora
727 4312 921 4380 torquentem.
976 4314 1180 4384 cornperlnrntct
1194 4329 1238 4368 cos
1252 4313 1504 4384 incollepraelinm,
1514 4312 1637 4384 quidam
1654 4313 1698 4369 sie
1713 4313 1797 4367 inter·

100 4398 168 4455 Ideo
179 4415 246 4454 cum
253 4397 357 4469 judicii
369 4402 486 4469 tempus
495 4397 651 4460 advenerit,
664 4402 693 4453 et
702 4398 923 4454 luerinteuneta
977 4402 1081 4473 pretati
1093 4407 1161 4457 snrn
1175 4419 1181 4456 :
1195 4402 1263 4473 quia
1273 4406 1437 4474 genuerunt
1450 4401 1526 4456 tilios
1541 4401 1752 4474 iniquitatis,et
1765 4399 1796 4456 ds

100 4489 251 4554 subversa,
266 4487 364 4543 dicent
379 4486 537 4553 montibus,
552 4503 625 4559 quoa
640 4487 723 4558 prius
733 4486 861 4542 excelsos
871 4503 923 4557 pu·
937 4510 960 4575 D
976 4489 1103 4545 Ecclesia
1114 4490 1445 4561 recedentes‚coeperunt
1455 4506 1518 4544 csse
1534 4489 1562 4543 in
1580 4489 1718 4553 collibus,
1735 4504 1795 4544 cum

99 4577 212 4643 tabant,
226 4580 255 4632 et
265 4574 414 4649 magistris
424 4577 571 4645 quondam
585 4576 657 4643 suis,
670 4579 769 4647 operite
783 4591 832 4631 noa
844 4592 849 4630 :
863 4575 920 4630 eol-
977 4579 1139 4650 persecutio
1155 4578 1313 4645 advenerit,
1330 4595 1387 4633 non
1413 4595 1463 4633 eos
1488 4579 1719 4649 comprehendet
1734 4582 1797 4653 pra

98 4663 246 4738 libusque,
262 4666 351 4722 cedite
377 4681 458 4736 anper
470 4681 529 4721 nos.
556 4666 610 4721 Sed
631 4666 700 4737 quia
727 4665 756 4719 in
774 4663 921 4720 montibus
975 4667 1176 4733 lium,diabolo
1187 4684 1256 4723 suos
1267 4667 1517 4739 impugnarent
1533 4668 1660 4723 nolente.
1672 4669 1729 4725 Alii
1742 4670 1793 4723 ite:

98 4755 206 4826 posuit,
222 4757 327 4827 operite
342 4770 407 4810 nos:
424 4755 497 4810 etin
513 4753 648 4822 collibus
664 4754 760 4823 caelite,
777 4754 920 4810 sacratius
975 4757 1116 4822 Quoniam
1133 4773 1166 4811 ex
1182 4755 1285 4810 elichus
1301 4756 1419 4811 collium
1432 4757 1561 4825 peccavit
1588 4756 1690 4824 lsrael,
1715 4762 1743 4812 et
1759 4756 1796 4811 ibi

98 4842 207 4916 aliquid
222 4843 438 4915 explanandum
454 4848 508 4898 eat.
522 4843 681 4907 Montibus,
699 4843 795 4910 idest,
812 4842 920 4899 sanetis
976 4846 1054 4900 stetit
1069 4852 1096 4900 ct
1112 4844 1190 4899 ultra
1205 4844 1357 4900 ambulare
1373 4863 1429 4900 non
1447 4846 1560 4917 potuit:
1579 4863 1678 4903 nonne
1689 4849 1796 4919 oportet

97 4933 146 5000 qui
157 4948 254 4988 veram
266 4931 477 4988 babentetnen
489 4931 587 4986 fictam
597 4931 795 5000 altitudinem,
807 4932 918 4988 dicent:
975 4951 1040 4988 euin
1059 4934 1086 4987 in
1101 4932 1225 4988 collibus
1241 4951 1257 4988 n
1281 4933 1380 5005 prelio
1390 4934 1596 5004 comprehendi
1608 4935 1622 4988 t
1632 4935 1737 4992 Nonne
1751 4937 1796 4990 de·

96 5023 197 5092 operite
206 5036 264 5076 noe.
274 5022 353 5077 Beati
366 5021 440 5076 enim
449 5035 566 5091 quoram
575 5030 674 5091 opertae
684 5024 749 5075 sunt
759 5021 920 5092 iniquitates
974 5024 1043 5078 bant
1054 5023 1403 5095 pugnareadversuseum
1415 5024 1467 5077 viri
1480 5023 1726 5093 Ecclesiastiei‚ut
1736 5024 1796 5080 illos

96 5107 181 5179 (Psoi.
197 5108 285 5180 xxxi).
295 5109 331 5165 ut
342 5107 464 5166 collibus
478 5108 597 5180 quinon
611 5108 720 5165 habent
734 5108 919 5166 altitudinem
974 5111 1589 5184 destruantsuperilliesiniquitatistquisi
1603 5115 1797 5170 tuerinteom·

96 5197 271 5268 naturalem,
288 5215 362 5271 quos
379 5197 490 5252 dudum
522 5197 666 5268 putabant
687 5197 794 5254 habere
808 5197 918 5270 aliquid
974 5200 1110 5272 prehensi
1121 5200 1379 5273 etsuperati,nltra
1390 5218 1526 5272 generare
1537 5218 1594 5257 non
1609 5202 1798 5275 poteruntsi·

96 5286 288 5355 summitatis,
312 5285 487 5359 loquentur:
516 5285 605 5342 cedite
619 5303 704 5359 super
724 5302 790 5344 nce:
805 5291 918 5343 montes
975 5291 1095 5371 mulque
1108 5288 1247 5345 Dominus
1259 5288 1798 5364 pollicetur‚qaodcorripiateosatquc

108 5446 169 5524 ,(α)
185 5445 238 5502 Pro
261 5463 353 5519 cuper,
381 5447 487 5504 Victor.
515 5451 636 5520 propter,
666 5448 701 5504 ad
717 5447 846 5523 Vulgata
860 5448 917 5506 lee-
972 5457 1027 5509 est.

93 5515 212 5570 tionem.
356 5587 362 5598 .
385 5587 392 5600 ·
1009 5523 1043 5593 te)
1056 5522 1136 5579 Unus
1145 5521 1256 5578 Palatia
1265 5563 1270 5578 .
1279 5523 1330 5586 ‚eet
1341 5525 1411 5581 reru
1421 5523 1489 5583 duras
1500 5525 1744 5598 iniqttitutc5,daos
1758 5527 1798 5584 υἱ·

128 5584 166 5661 (t)
177 5584 258 5644 ldem
269 5588 306 5645 ad
316 5587 466 5648 Brixiancs
478 5589 562 5649 codd.
572 5589 738 5663 neptecert‘t,
751 5592 828 5664 quod
840 5592 916 5651 idam
972 5594 1055 5664 tutor,
1071 5597 1136 5666 eta,
1154 5594 1332 5669 expressius.
