3840 6098
119 226 176 289 etl
745 225 777 284 S.
799 217 954 283 neseph
977 217 1197 281 urceolum
1760 215 1821 276 dd!

118 357 259 431 quoniam
272 353 394 428 implete
408 357 453 411 est
467 352 619 425 prophetia
633 369 684 425 per
696 352 854 409 adventum
864 353 939 424 ejus,
954 351 983 420 Α
996 344 1822 422 terna.Etsignabiturvisio,etprophetia,utnequaqaam

117 450 271 520 propterea
285 444 395 515 signari
410 442 564 508 visionem,
580 446 608 497 et
619 441 803 514 prophetiam
816 439 940 508 dicebat,
996 440 1138 513 propheta
1154 439 1319 494 inveniatur
1334 437 1363 492 in
1380 436 1479 505 lsrael,
1506 441 1535 491 et
1555 439 1683 509 ungatur
1697 438 1823 492 sanetus

115 534 256 607 quoniam
266 529 941 603 ipseestsiguaoulumomniumprophetarum,
994 533 1172 584 sanctorum.
1185 526 1225 583 De
1239 543 1295 598 quo
1311 527 1341 581 in
1356 524 1495 583 Psalterio
1509 523 1637 598 legimus
1650 539 1656 579 :
1667 527 1820 595 Propterea

113 620 280 694 adimplens
296 619 469 692 omniaque
481 623 557 674 retro
568 620 647 675 deso
665 618 812 690 propheta
823 616 940 672 nuntia·
994 619 1076 672 aucit
1090 619 1203 686 telteus,
1214 617 1284 672 licus
1299 619 1372 685 tuae,
1393 615 1451 671 oteo
1467 614 1572 671 taetitiae
1593 613 1668 671 0οῦ
1679 626 1742 684 prae
1754 627 1821 668 coa·

114 711 195 766 bant.
212 709 280 765 Post
294 709 451 764 adventum
466 708 556 778 enim,
573 711 602 763 et
623 707 791 779 passionem
805 697 869 776 ejus
884 705 938 776 (At.
994 706 1112 761 sortitus
1124 706 1180 761 tais
1195 705 1253 775 (Pr.
1269 721 1345 775 xciv,
1361 703 1400 775 8).
1417 702 1470 769 Qui
1487 706 1515 758 et
1534 701 1564 757 in
1587 700 1644 758 alio
1668 699 1732 756 loeo
1747 699 1823 756 dicit

112 798 243 870 Christi),
255 798 319 869 jam
343 814 400 853 non
424 802 470 853 est
493 797 576 864 visio,
599 812 694 868 nsque
715 794 871 867 Prophetis
885 794 938 864 (lt.
994 795 1030 850 de
1045 810 1075 849 se
1087 812 1093 849 :
1107 796 1204 850 Sancti
1217 797 1306 858 estote
1321 795 1388 864 quia
1415 801 1443 847 et
1467 807 1516 861 epo
1543 795 1652 847 sanctas
1666 805 1729 845 sam
1741 790 1821 856 (tevi

111 885 512 960 prophetestquaedhristum
534 884 649 941 nuntiet
657 901 720 940 esse
728 882 941 939 venturumltt
993 899 1053 945 xrs,
1067 882 1106 954 2).
1122 883 1199 938 Scito
1214 882 1303 954 igitur
1317 881 1457 953 quoniam
1483 897 1501 935 a
1524 879 1571 935 die
1593 878 1648 935 hac
1663 895 1723 950 qua
1739 877 1821 935 huna

112 979 178 1047 post
188 974 343 1047 paululum
354 992 361 1031 ε
373 975 543 1040 Videamus,
555 972 660 1044 inquit,
673 971 712 1044 (a)
724 971 794 1044 quid
806 969 940 1043 aliaesep·
994 970 1047 1026 tihi
1061 969 1177 1043 loquor,
1193 974 1221 1026 et
1236 971 1286 1026 Dat
1305 986 1440 1026 sermone
1464 969 1613 1042 promitto,
1628 967 1705 1040 quod
1722 982 1820 1023 rever-

112 1068 183 1133 tem,
195 1069 223 1120 et
233 1062 566 1120 dimidiahebdomades
576 1079 640 1135 que
655 1066 725 1117 sunt
741 1059 897 1116 subdivisae
908 1059 938 1114 in
993 1063 1072 1114 tatur
1087 1059 1224 1132 populus,
1240 1064 1269 1115 et
1279 1057 1443 1114 Jerusalem
1458 1057 1648 1125 instauretur,
1669 1072 1765 1128 usque
1780 1055 1818 1112 ad

111 1152 290 1209 abscissione
305 1152 436 1224 priorum
460 1150 724 1216 hebdomadarum,
749 1148 778 1204 in
800 1165 857 1220 qun
871 1151 936 1202 antu
993 1144 1692 1219 Christumdneem‚etperpetuamdesolationem
1701 1143 1818 1217 templi,

111 1241 172 1297 sint
181 1239 355 1313 adimpleta.
367 1240 435 1297 Post
446 1241 612 1311 Augustum
622 1237 711 1305 enim,
722 1237 759 1310 (h)
769 1236 820 1307 qui
833 1252 937 1308 super·
992 1235 1184 1291 hebdomadae
1194 1234 1547 1306 numerentursexaginta
1562 1235 1636 1303 dua,
1658 1249 1773 1290 necnon
1790 1236 1820 1291 et

110 1328 183 1383 vixit
195 1327 452 1400 postnativitatem
472 1326 591 1393 Christi,
605 1326 674 1382 anni
692 1324 860 1397 quindecim
874 1323 937 1379 effi·
992 1322 1054 1378 alie
1066 1328 1176 1396 septem
1200 1323 1401 1394 hebdomade,
1418 1323 1449 1378 in
1465 1322 1666 1394 quibusJ'uxta
1680 1322 1818 1378 ordinem

111 1417 238 1473 ciuntur.
251 1416 304 1473 Cui
317 1416 460 1473 successit
470 1414 605 1471 Tiberius
615 1415 719 1481 Cesar,
740 1416 769 1469 et
779 1412 935 1485 imperium
991 1413 1340 1483 suumdnerestient,de
1350 1412 1457 1482 quibua
1468 1415 1496 1467 et
1506 1413 1642 1482 antejam
1653 1410 1724 1476 dixi,
1737 1410 1817 1483 quod

110 1504 410 1577 habuitannisviginti
418 1501 936 1575 duobus,meusibusseptem‚diehae
991 1505 1154 1556 revertatur
1164 1501 1300 1573 populus,
1312 1505 1340 1557 et
1350 1501 1510 1556 edificetur
1521 1501 1618 1572 platea
1629 1517 1646 1556 a
1656 1499 1779 1556 Neemia
1787 1501 1817 1555 et

109 1593 145 1666 tc)
156 1592 258 1666 viginti
274 1597 346 1648 octo.
369 1593 464 1664 hujus
482 1592 597 1665 imperii
615 1592 727 1648 decimo
747 1590 847 1662 quinto
858 1606 935 1646 anno
990 1590 1091 1645 Esdra.
1108 1588 1139 1644 ln
1152 1590 1285 1662 fineergo
1296 1589 1549 1645 hebdomadarum
1560 1587 1817 1661 complebiturDei

17 1735 20 1742 ,
109 1678 973 1774 (d)patiturChristus,annns(tfldhabensquasitrigintaB
990 1678 1135 1734 sententia
1150 1678 1179 1733 in
1195 1677 1332 1751 angustia
1353 1683 1529 1750 temporum,
1554 1677 1671 1749 quando
1693 1692 1816 1733 rursum

108 1775 168 1825 tres
183 1786 249 1825 cum
265 1774 421 1842 pateretur.
434 1770 507 1825 Item
521 1769 607 1840 Caius
627 1769 722 1825 Cesar
746 1767 796 1839 qui
816 1771 845 1822 et
858 1766 933 1822 Gali·
988 1765 1156 1823 destruetur
1170 1766 1325 1839 templum,
1342 1771 1371 1821 et
1385 1767 1517 1839 capietur
1528 1767 1640 1823 civitas.
1657 1766 1729 1823 Nam
1746 1770 1816 1839 post

108 1857 187 1930 gula,
199 1859 285 1914 annis
295 1859 401 1929 trihus,
416 1858 570 1914 mensibus
581 1861 656 1924 octo,
667 1856 773 1912 diebus
783 1855 933 1912 tredecim.
988 1855 1139 1927 sexaginta
1153 1856 1228 1911 duas
1249 1855 1429 1911 hebomadas
1454 1855 1602 1911 occidetur
1625 1854 1771 1926 Christus,
1784 1859 1816 1912 et

108 1947 183 2003 Nero
195 1947 280 2003 annis
297 1963 412 2012 novem,
435 1946 587 2002 mensibus
605 1960 707 2001 novem
724 1944 827 1999 diebus
841 1944 934 1999 trede-
988 1959 1047 1999 non
1058 1944 1113 1999 erit
1124 1946 1188 2016 ejus
1199 1943 1385 2016 populusqui
1395 1961 1463 2000 eum
1474 1949 1636 2015 negaturus
1649 1944 1815 2012 est,siveat

109 2036 178 2091 cim.
190 2035 282 2091 Galba
292 2034 444 2091 mensibus
455 2039 578 2107 septem,
589 2034 694 2089 diebus
703 2034 738 2105 (e)
745 2032 848 2105 viginti
857 2036 931 2089 octo.
987 2029 1029 2085 illi
1040 2031 1152 2102 dicunt,
1165 2048 1221 2088 non
1235 2031 1291 2088 crit
1300 2031 1380 2088 illius
1393 2032 1446 2102 (lt.
1460 2030 1530 2104 illis)
1547 2032 1717 2105 imperium,
1733 2032 1813 2104 qaod

109 2123 184 2179 Otho
200 2123 353 2179 mensibus
377 2122 472 2179 tribus
500 2122 605 2178 diebus
634 2122 775 2194 quinque.
797 2120 933 2177 Vitellius
988 2121 1130 2191 putabant
1139 2121 1178 2192 (p)
1190 2137 1220 2176 se
1231 2125 1404 2177 retenturos.
1425 2122 1460 2176 Et
1479 2120 1550 2192 quid
1566 2120 1630 2177 dico
1646 2122 1682 2177 de
1696 2121 1813 2178 Christo

109 2211 262 2269 mensibus
274 2215 348 2278 octo,
359 2210 463 2267 diebus
474 2211 509 2283 (0
520 2210 622 2282 viginti
641 2216 717 2266 octo.
733 2209 933 2281 Vespasianus
987 2209 1156 2281 occidenda,
1170 2213 1199 2265 et
1209 2208 1316 2281 populo
1329 2210 1447 2281 penitus
1457 2209 1618 2265 deserendo
1630 2208 1738 2266 auxilio
1749 2209 1812 2276 Dei,

109 2317 186 2357 anno
200 2301 294 2373 primo
304 2300 419 2372 imperii
432 2299 477 2355 sui
498 2298 655 2355 debellavit
674 2299 843 2364 sudasset
858 2300 934 2354 fiunt
988 2313 1053 2351 cum
1070 2297 1227 2367 civitatem,
1243 2303 1272 2354 et
1286 2298 1486 2353 sanctuarium
1502 2296 1700 2370 dissipaturus
1711 2298 1813 2371 sitpo-

17 2421 18 2425 =
110 2387 934 2461 anainumeroquinquagintaduo,mensessex.Namim·
987 2383 1813 2459 pulusRomanus‚cumduceveuturoVespasianolono

110 2478 220 2551 paravit
235 2477 321 2534 annis
334 2478 481 2545 undecim,
494 2481 582 2549 atque
592 2477 634 2532 ita
646 2477 675 2532 in
688 2476 766 2533 diem
781 2493 933 2548 expugna·
987 2479 1114 2541 mortuo,
1124 2475 1399 2547 transactisseptem
1410 2475 1648 2543 hebdomadis,id
1657 2479 1713 2543 est,
1724 2475 1813 2533 annis

109 2567 199 2623 tionis
208 2582 278 2635 sure,
289 2565 383 2621 Judaei
394 2565 590 2638 impleverunt
604 2564 803 2622 hebdomades
813 2570 931 2638 septua-
987 2563 1303 2636 quadragintanovem,
1314 2564 1405 2620 AElius
1416 2563 1590 2632 Hadrianus,
1601 2568 1631 2620 et
1639 2580 1697 2637 quo
1707 2568 1812 2637 postea

108 2653 514 2728 gintapraedictasanaaiele.
530 2676 544 2703 »
555 2654 666 2710 Hebraei
679 2654 748 2727 quid
760 2654 796 2709 de
806 2653 932 2710 hocloco
986 2652 1021 2707 de
1037 2653 1130 2708 ruinis
1144 2652 1307 2708 Jerusalem
1323 2653 1394 2708 urbs
1409 2651 1482 2709 AElia
1502 2652 1620 2709 condita
1643 2657 1698 2721 ast,
1715 2653 1812 2712 rebel·

109 2743 323 2801 sentianthrevi
335 2759 470 2799 sermone
484 2744 679 2816 perstringam
689 2744 741 2815 (At.
753 2742 933 2815 perstrinxi),
985 2740 1080 2797 lantes
1093 2741 1221 2812 Judaos,
1238 2740 1322 2797 Timo
1338 2742 1412 2797 Rulo
1425 2742 1567 2814 magistro
1592 2743 1735 2799 exercitus
1752 2759 1811 2816 pn·

109 2833 196 2887 fidem
207 2831 351 2887 dictorum
363 2831 929 2904 hisaquibusdictasuntderelinquens.
985 2830 1147 2902 guantettt
1159 2831 1315 2902 superavit.
1328 2834 1358 2885 et
1368 2830 1663 2888 tuncdeficiethostia
1675 2835 1704 2888 et
1717 2833 1812 2889 sacri·

109 2918 932 2996 Dicamusigituraapappacrracocutsensusmanisestior
984 2918 1248 2992 ficium,etusque
1269 2919 1304 2974 ad
1334 2919 1619 2976 consummationem
1648 2921 1762 2990 mandi,
1780 2926 1811 2980 et

109 3009 169 3064 fiat.
186 3007 207 3063 0
222 3006 333 3074 Daniel,
349 3010 422 3064 scito
438 3009 548 3081 quoda
571 3007 618 3063 die
641 3007 696 3063 hac
710 3023 769 3080 qua
783 3007 836 3062 tihi
852 3024 930 3064 nuno
985 3007 1072 3062 finem
1089 3008 1284 3080 perseverabit
1311 3006 1462 3064 desolatio.
1487 3009 1544 3064 Nec
1567 3025 1631 3079 nos,
1657 3010 1809 3083 inquiunt,

107 3096 212 3169 loquor
224 3097 403 3167 (eratautem
414 3113 510 3152 annus
531 3097 643 3169 primus
659 3096 746 3165 Darii,
759 3096 808 3168 qui
824 3071 966 3152 occiditC
986 3101 1109 3164 moveat,
1126 3097 1204 3168 quad
1219 3096 1347 3167 primum
1363 3102 1554 3153 numerentur
1569 3103 1681 3170 septem
1696 3099 1809 3157 hehdo·
1842 3132 1848 3141 -

108 3184 270 3256 Baithasar,
282 3189 310 3239 et
322 3200 445 3257 regnum
457 3183 659 3241 Chaldeorum
670 3185 700 3241 in
709 3185 812 3241 Persas
821 3184 931 3241 Medos·
984 3186 1087 3250 madae,
1099 3190 1128 3241 et
1138 3189 1238 3257 postea
1247 3187 1398 3258 sexaginta
1408 3187 1482 3255 due,
1494 3190 1522 3242 et
1532 3203 1651 3243 rursum
1662 3203 1730 3256 una,
1743 3205 1809 3262 qua

107 3291 165 3346 que
177 3271 337 3343 transtulit)
352 3290 447 3345 usque
461 3274 497 3329 ad
522 3274 769 3346 septuagesimam
783 3291 928 3331 annorum
985 3273 1012 3327 in
1025 3272 1098 3329 duas
1109 3278 1207 3346 partes
1220 3274 1369 3330 dividitur.
1381 3276 1432 3330 hiat
1452 3276 1531 3330 enim
1552 3275 1606 3332 hoc
1623 3276 1734 3334 idioma
1746 3293 1810 3334 ser·

106 3362 333 3430 hebdomadam,
349 3360 403 3417 hoo
418 3366 463 3419 est
481 3373 574 3418 annos
590 3362 820 3435 quadringentos
836 3379 928 3419 nona·
984 3363 1080 3417 monis
1090 3361 1233 3430 hebraici,
1245 3367 1273 3418 et
1293 3363 1479 3433 antiquorum
1498 3365 1644 3421 sermonis
1654 3365 1761 3433 Latini,
1774 3370 1809 3422 ut

106 3450 199 3524 ginta,
210 3449 270 3506 hac
281 3449 388 3523 populo
398 3453 448 3506 tuo
466 3467 517 3523 per
527 3454 625 3523 partes
639 3451 779 3507 accident.
795 3451 927 3507 Primum
986 3451 1090 3523 ante(i)
1099 3451 1242 3508 minorem
1254 3468 1411 3507 numerum
1421 3457 1809 3526 supputentetposteema»

106 3539 315 3612 propitiabitur
328 3538 381 3594 tihi
397 3538 484 3607 Deus,
500 3556 588 3612 quem
604 3556 683 3596 nune
695 3556 871 3613 magnopere
881 3541 928 3597 de·
980 3540 1086 3610 joram.
1098 3539 1185 3596 Verbi
1196 3538 1299 3613 gratia,
1312 3556 1369 3596 non
1377 3542 1462 3612 juxta
1473 3541 1676 3613 proprietatem
1695 3541 1807 3617 linguas

106 3627 246 3700 precaris,
262 3631 292 3683 et
307 3626 452 3683 delebitur
465 3632 629 3699 peccatum,
645 3632 673 3684 et
697 3627 786 3683 finem
806 3629 929 3702 accipiat
983 3633 1090 3685 nostre
1102 3629 1316 3685 nuncdicimus
1328 3647 1334 3686 :
1347 3629 1494 3686 Abraham
1504 3631 1576 3687 vixit
1586 3630 1669 3689 annis
1682 3635 1803 3688 eentum

105 3715 313 3790 pravaricatio.
329 3715 411 3772 Nunc
426 3716 505 3772 enim
525 3716 597 3772 urhe
620 3717 745 3784 deserta,
769 3722 799 3773 et
819 3716 928 3791 templo
983 3719 1169 3791 septuaginta
1196 3718 1344 3791 quinque:
1372 3717 1415 3773 llli
1451 3721 1596 3777 contrario
1622 3721 1802 3794 loquuntur:

107 3806 248 3878 usquead
259 3805 611 3874 trudameutadestructo,
622 3806 649 3860 in
659 3804 739 3862 luctu
749 3810 792 3862 est
803 3806 927 3879 populus
981 3807 1052 3862 vixit
1061 3806 1207 3863 Abraham
1219 3807 1304 3864 annis
1315 3807 1454 3881 quinque,
1464 3809 1807 3883 etseptuaginta,eteen·

106 3895 284 3950 constitutus
294 3909 301 3950 :
313 3893 363 3949 scd
379 3910 436 3950 non
452 3897 519 3966 post
533 3894 643 3966 grande
657 3894 929 3967 tempusinstaura-
982 3899 1054 3950 tum.
1069 3895 1131 3953 Non
1141 3894 1231 3967 igitur
1241 3903 1272 3951 ut
1281 3894 1389 3970 legitur
1398 3896 1439 3952 ita
1449 3897 1650 3970 impletur‚sed
1662 3901 1696 3954 ut
1709 3902 1817 3956 totum⁴

105 3983 241 4038 trituret
253 3998 311 4038 non
322 3981 418 4037 solum
431 3981 486 4038 hoo
501 3983 552 4038 liet
565 3983 595 4037 in
606 3982 653 4038 his
663 3983 849 4057 septuaginta
860 3984 929 4041 heb·
982 3985 1090 4056 pariter
1100 3988 1285 4057 supputetur,
1297 3984 1338 4040 ita
1347 3985 1436 4041 linem
1444 3986 1560 4058 accipit.
1569 3987 1808 4061 Neeignursmus

105 4069 321 4126 domadibusut
331 4069 610 4140 edificetureivitas‚
622 4076 651 4127 et
661 4070 802 4144 templum
818 4072 929 4129 instau·
983 4073 1126 4145 quosdam
1141 4073 1259 4130 illorum
1275 4074 1382 4146 dicore,
1398 4074 1475 4147 quod
1492 4092 1551 4131 una
1563 4075 1760 4146 hebdomada,
1771 4075 1809 4133 da

106 4162 196 4225 retur,
212 4158 262 4214 sed
277 4162 414 4214 nascatur
424 4158 569 4228 Christus,
583 4159 613 4215 id
625 4164 679 4226 est,
692 4159 809 4231 justitia
819 4161 927 4235 sempi·
983 4178 1041 4233 qua
1056 4160 1198 4234 scriptum
1213 4166 1275 4218 est:
1293 4162 1370 4218 606
1385 4161 1563 4234 Coafimaabit
1580 4168 1697 4236 pactum
1710 4164 1811 4221 mal&

141 4298 180 4370 (a)
194 4298 379 4371 Superlluum
395 4299 461 4370 quid
476 4299 622 4355 Pametius
639 4301 789 4373 expungit.
981 4311 1131 4374 pateretur.
1141 4302 1216 4366 Quin
1228 4303 1316 4359 etiam
1323 4305 1427 4376 juncto
1437 4304 1808 4434 Palatinoigsiusque'ler·

141 4370 929 4444 tt)Palat.mspaitasseperuieit:moxaanipuiadecim
983 4375 1097 4431 tulliani
1108 4374 1258 4431 codicibus
1272 4391 1326 4431 ison
1343 4378 1457 4447 triginta
1472 4386 1536 4446 tres,
1552 4395 1584 4435 se
1618 4382 1645 4434 tr
1687 4382 1810 4435 alateu-

106 4458 158 4514 pro
172 4443 255 4496 anab
270 4441 426 4513 qaindecim
441 4458 476 4498 ex
491 4443 581 4498 Vatic.
599 4442 725 4516 aliisque
739 4461 811 4501 mss.
829 4462 929 4502 emen·
943 4442 967 4508 D
982 4453 1044 4503 tum
1052 4446 1159 4503 Christi
1166 4463 1258 4502 annos
1265 4452 1454 4518 computata
1478 4449 1648 4521 paretinaui
1668 4448 1808 4524 'vangelii

105 4515 223 4595 damus,
244 4513 480 4596 interpunctione
501 4516 629 4598 ‘insuper
651 4515 801 4598 castigata.
824 4517 929 4574 Peme·
983 4519 1195 4586 testimonium,
1212 4518 1289 4599 quod
1304 4535 1380 4574 anno
1403 4537 1439 4575 xv
1457 4465 1567 4577 pliberii
1581 4520 1748 4594 baptizatus
1763 4524 1810 4579 eet

104 4583 161 4640 lius
175 4584 300 4654 videtur,
316 4601 346 4640 ra
370 4588 423 4652 nrt,
452 4585 509 4658 legi
538 4587 643 4642 debers
669 4603 791 4658 primum
812 4591 929 4661 depasti
982 4590 1127 4657 Christus,
1166 4590 1536 4664 uastannorumtriginta.

104 4672 166 4728 pro.
181 4661 246 4712 Post
259 4658 335 4738 caim
346 4602 520 4728 aspectam:
543 4657 612 4728 qaia
633 4658 682 4714 isti
697 4659 766 4714 anni
781 4676 818 4716 xv
832 4660 926 4733 ipsius
1016 4606 1457 4735 (aeratusiiteameliusreepro
1467 4661 1738 4734 uipiatioetotquia,
1756 4660 1804 4718 ia·

104 4731 319 4800 suntduguslr.
981 4734 1054 4805 quit,
1065 4733 1809 4806 imperavitdumtaxatvrrmensibusetdiebuepaa·

138 4801 174 4867 (c)
185 4799 277 4855 Penes
288 4798 501 4856 Tertullianum
512 4801 614 4871 viginti
624 4800 786 4869 dumtaxat,
798 4802 827 4857 in
839 4818 926 4875 quem
981 4804 1120 4868 cissimis,
1132 4818 1262 4876 nempca
1272 4821 1299 4859 ιν
1309 4805 1376 4861 idus
1385 4806 1401 4860 J
1404 4804 1500 4876 unias,
1511 4806 1652 4877 usquead
1663 4821 1735 4861 xvnr
1746 4804 1806 4863 lral.

105 4868 203 4925 locum
218 4869 377 4937 Pamelius,
394 4872 522 4938 tametsi,
547 4871 644 4944 inquit
667 4872 698 4927 B.
722 4872 926 4947 Hieronymus,
983 4875 1166 4932 Februarias.

102 4941 254 4997 Pomerius
265 4946 294 4997 et
321 4942 666 5016 lossaordinarialegunt
676 4945 777 5014 viginti
787 4950 855 5013 octo,
867 4945 928 5017 pla·
1015 4948 1165 5018 (ttlterum
1196 4947 1337 5014 rouipinti
1352 4950 1409 5003 octo
1419 4962 1509 5018 penes
1525 4946 1696 5004 Tertullian.
1712 4947 1808 5004 decena

103 5015 150 5067 cet
159 5016 257 5067 tamen
268 4958 388 5086 ruffgata
397 5012 493 5097 lectio,
504 5015 631 5097 marimo
651 5031 719 5096 oum
736 5016 799 5072 dies
820 5021 928 5098 Auctor
983 5019 1098 5091 tegitur,
1110 4963 1347 5090 quoXPamelius
1358 5034 1432 5074 exeo
1465 5019 1559 5092 robat,
1570 5018 1648 5092 quod
1663 5020 1696 5074 A.
1712 5016 1808 5075 Vitel-

103 5099 161 5137 non
177 5089 335 5164 computet.
350 5085 424 5142 Nam
441 5093 482 5143 uti
498 5093 542 5142 est
562 5103 592 5141 1n
608 5086 702 5142 Fastis
717 5087 927 5144 consularibus
981 5089 1038 5145 lius
1053 5088 1205 5161 imperarit
1217 5104 1234 5143 a
1248 5089 1294 5144 die
1309 5106 1348 5143 rm
1364 5089 1422 5144 hal.
1440 5036 1532 5146 §laiss
1547 5105 1641 5164 usquc
1657 5089 1693 5147 ad
1705 5107 1734 5146 rx
1744 5088 1805 5147 hat.

103 5153 227 5210 Goltzu:
243 5170 320 5210 sano
332 5173 366 5211 ra
382 5173 450 5213 uas.
472 5177 497 5214 c.
524 5173 688 5214 ccccxxxix.
714 5175 749 5212 sn
777 5175 846 5214 xvrr.
861 5177 926 5216 nau.
980 5162 1135 5218 ianuarias
1149 5176 1206 5232 quo
1222 5159 1269 5215 die
1284 5160 1399 5217 occisus
1410 5166 1464 5227 est,
1476 5162 1628 5219 mensibus
1640 5177 1747 5234 nempe
1759 5177 1807 5217 oc·

101 5242 194 5281 arara.
210 5241 267 5281 rra.
285 5240 383 5282 cassa
398 5244 458 5284 nrvr
472 5244 538 5284 roo.
556 5246 581 5284 r.
596 5245 655 5284 nrvr
676 5244 751 5284 roca
766 5247 854 5287 arros
868 5250 926 5290 an·
981 5237 1010 5289 to
1025 5237 1054 5288 et
1068 5233 1172 5289 diebus
1187 5230 1309 5301 aliquot.

101 5312 421 5354 eusrusuoaruusssr.
434 5304 670 5356 amenseuutem
682 5306 724 5355 hu
748 5306 814 5358 usto
824 5320 928 5375 snpra·
1016 5304 1053 5376 (9)
1070 5305 1117 5360 Sic
1131 5302 1276 5359 emendat.
1293 5302 1384 5370 Vatic,
1402 5320 1457 5360 ms.
1474 5308 1568 5361 Antea
1582 5309 1655 5371 erat,
1670 5302 1742 5375 qaod
1754 5318 1809 5377 pa·

101 5368 180 5425 dicto
188 5367 258 5425 anni
269 5384 296 5433 v,
308 5384 334 5424 c.
343 5371 407 5435 766,
419 5371 454 5427 ad
466 5387 701 5443 maneamusque
740 5372 848 5430 artium
856 5378 927 5433 anni
982 5377 1057 5432 trabat
1066 5392 1094 5430 se
1108 5376 1323 5446 redempturum.

101 5440 166 5506 789,
183 5444 253 5497 sunt
266 5440 410 5497 duntaxat
423 5443 493 5498 anni
506 5460 576 5512 xxrr,
590 5459 707 5500 manses
720 5460 771 5499 vn.
1017 5447 1056 5519 (t)
1071 5448 1204 5504 Fortasse
1217 5446 1368 5518 seperabit.
1384 5449 1448 5502 Mox
1461 5463 1528 5503 vero
1544 5447 1635 5504 Vatia.
1645 5445 1745 5519 defecit
1754 5461 1809 5519 pro

138 5510 177 5582 (d)
188 5512 220 5566 in
233 5511 326 5568 Vatio.
338 5529 394 5570 ms.
407 5512 561 5595 baptizatur
571 5516 737 5589 propalatur
758 5516 849 5575 terme
859 5537 926 5577 cum
981 5518 1096 5590 delicet.

102 5580 375 5664 Glossaordinaria,
390 5589 529 5645 omittens
544 5591 574 5647 et
586 5586 660 5648 illud
674 5560 763 5662 paulo
777 5595 927 5663 postcom
1015 5591 1049 5666 (t)
1062 5591 1150 5650 Adita
1165 5593 1389 5650 conterraneum
1404 5605 1503 5650 msam
1513 5586 1760 5651 casamarium
1769 5585 1809 5649 de
