3818 6104
95 281 157 351 tut
389 288 762 358 COMMENTARIORUM
785 292 824 356 ΙΝ
845 290 1093 357 assentaturi
1116 292 1191 358 LIB.
1214 294 1294 360 x111.
1317 293 1403 361 dat).
1425 289 1520 366 XLII.
1743 292 1803 375 ddb

94 423 165 478 sunt
174 420 298 495 estant
306 427 336 481 at
346 424 515 503 firmitatem
526 426 690 485 habeantet
698 426 923 501 pulchritudini·
939 432 967 499 Α
982 428 1011 484 in
1025 429 1181 503 Evangelio
1194 430 1337 503 scriptum
1359 435 1423 489 eat:
1438 431 1493 500 Qui
1517 435 1547 490 ta
1570 430 1747 506 percusserit
1769 429 1804 493 in

93 526 174 580 nem,
189 528 227 568 ne
242 514 310 586 quis
327 515 646 574 insanotasanetorum
656 516 761 574 similis
777 516 850 574 Oziae
861 535 926 591 pos·
980 518 1127 575 dexteram
1143 519 1305 587 maxillam,
1323 522 1417 593 prebe
1427 521 1453 578 ei
1468 525 1499 579 et
1514 520 1635 578 alteram
1650 521 1755 592 (Mutia
1772 539 1801 590 v,

96 600 349 676 eitirrumpere,et
360 605 417 662 sibi
438 607 798 664 secerdotiumvendicare
809 607 844 676 (ll
856 609 922 663 Por.
977 607 1035 678 29).
1052 607 1202 678 Numquid
1217 607 1313 665 dicere
1327 626 1386 666 non
1401 610 1507 682 putuit,
1517 616 1546 666 et
1560 609 1801 669 sinistram‘lSed

94 691 182 761 xxvr).
197 696 371 765 Superque
387 697 463 751 ostia
478 700 562 752 erant
577 697 709 752 fenestrae
719 695 924 767 obliqnae,sive
978 697 1096 767 quando
1111 697 1275 769 percutitur
1290 698 1401 766 dextra,
1419 699 1566 772 prabetur
1580 698 1672 756 altera
1679 700 1800 758 dextra:

98 779 433 855 absconditae,utipsum
447 801 563 858 quoque
573 785 674 841 lumen
688 787 767 857 quod
777 785 923 857 prebeba·
979 784 1049 855 quia
1064 784 1094 839 in
1110 788 1211 841 sancto
1226 785 1286 841 viro
1297 790 1456 859 utrumque
1479 788 1624 857 dextrum,
1641 791 1801 860 utrumque

94 872 140 924 tur
151 867 347 940 intrinsecus,
364 889 422 928 non
437 873 558 931 haberet
571 875 729 946 perlectam
755 874 921 942 scientiam,
978 874 1139 944 perlectum
1155 879 1209 930 est.
1220 875 1255 930 lit
1268 875 1298 930 in
1314 874 1480 932 humerulis
1490 876 1625 933 vestibuli
1636 877 1800 935 secundum

95 973 145 1013 nec
160 957 277 1014 clarum
291 959 390 1017 lumen
408 967 435 1017 et
450 963 563 1019 cunctis
578 969 699 1034 patens:
716 964 766 1019 sed
776 963 924 1035 plerisque
978 960 1070 1018 latera
1084 963 1200 1030 domus,
1217 963 1462 1037 latitudinemque
1477 966 1639 1038 parietum:
1660 983 1712 1040 pro
1741 983 1800 1039 quo

95 1045 170 1102 m
184 1052 311 1119 exparte
320 1054 399 1106 esset
414 1051 721 1107 absconditumNuno
735 1052 812 1108 enim
841 1052 921 1108 vide·
979 1051 1048 1107 LXX
1063 1051 1288 1118 transtulerunt,
1303 1052 1333 1109 in
1348 1052 1537 1126 laquearibus
1551 1055 1656 1126 AElam,
1673 1055 1722 1112 boc
1749 1063 1799 1126 est,

95 1134 202 1191 musin
215 1135 372 1209 aenigmate
384 1139 406 1210 tl
424 1139 483 1195 Cor.
498 1157 562 1208 xrn,
581 1141 643 1211 12);
661 1145 750 1196 etnec
761 1141 922 1196 damnavi·
978 1139 1092 1213 propyli
1107 1141 1160 1212 [At.
1174 1137 1342 1216 apertioni
1359 1146 1388 1199 et
1414 1142 1506 1199 latera
1534 1143 1650 1209 domus,
1679 1143 1800 1217 aequalis

98 1238 160 1279 mus
174 1222 255 1280 sicut
269 1231 386 1296 oportet
398 1245 451 1284 nos
467 1228 561 1285 scire:
589 1245 657 1285 cum
685 1234 783 1284 autem
813 1229 923 1286 venerit
977 1229 1126 1300 ponderis,
1143 1230 1203 1286 sive
1215 1247 1372 1288 masura:
1389 1247 1441 1304 per
1457 1249 1520 1304 que
1536 1232 1662 1290 latenter
1675 1232 1803 1304 ostendi·

100 1312 169 1383 quod
185 1313 351 1384 perfeetum
367 1321 421 1385 est,
438 1321 508 1374 tnnc
521 1318 599 1388 qnod
614 1321 739 1390 exparte
756 1319 922 1385 iuerat‚de-
977 1321 1037 1388 tur,
1052 1322 1081 1375 et
1095 1323 1194 1389 postes
1209 1319 1453 1391 superliminaris,
1484 1320 1544 1377 sive
1571 1320 1709 1378 vestibuli
1735 1320 1801 1392 (hoo

102 1403 234 1457 struatur.
252 1401 362 1460 uteret
378 1405 541 1462 similitudo
558 1404 723 1477 palmarum
741 1405 808 1463 hine
834 1411 922 1479 atque
976 1406 1536 1482 enimhumerulividentursigmtleare)
1547 1408 1799 1480 etlateradumus,

104 1489 170 1546 inde.
186 1488 346 1563 Eleganter
359 1493 389 1549 in
402 1494 591 1551 interioribus
603 1495 727 1567 Templi,
740 1495 922 1552 etinsanctis
976 1499 1005 1553 et
1019 1494 1206 1553 latitudinem
1221 1496 1377 1568 parietum,
1389 1502 1492 1554 cuneta
1507 1497 1628 1554 rationis
1640 1497 1801 1570 pleuaesse

107 1581 264 1635 sanctorum
280 1597 338 1636 non
354 1584 453 1655 posuit
467 1584 615 1640 dexteram
630 1589 658 1639 et
682 1583 854 1640 sinistram:
885 1601 921 1640 ne
975 1588 1064 1656 atque
1079 1601 1236 1656 mensure,
1253 1588 1281 1642 et
1292 1584 1366 1645 nihil
1382 1586 1412 1642 in
1427 1585 1537 1659 templo
1551 1585 1667 1643 Domini
1679 1585 1801 1659 reperiri

111 1669 164 1744 quid
178 1666 374 1729 sinistrumin
390 1672 437 1730 his
449 1689 512 1745 qaae
523 1688 631 1746 magna
643 1675 748 1728 suntet
758 1688 864 1729 areana
875 1673 920 1728 di·
976 1673 1053 1745 quod
1076 1674 1188 1746 absque
1216 1690 1356 1731 mensura
1384 1677 1413 1730 et
1436 1675 1580 1747 sapientia
1607 1675 1799 1737 constitutum

113 1763 319 1820 tumaideretur
332 1762 393 1830 ;sed
405 1761 474 1819 hinc
486 1766 574 1835 atque
584 1760 829 1833 indeq'uxtaillud
841 1762 919 1834 quod
976 1761 1025 1818 sit.

504 2049 714 2144 LIBER
748 2047 1053 2145 DECIMUS
1090 2048 1390 2146 TERTIUS.

899 2233 997 2255 ιη..

149 2351 301 2410 tet-scs
316 2350 433 2407 Tertius
461 2350 594 2409 decimus
613 2350 860 2423 Explanationum
887 2350 918 2406 in
932 2355 957 2421 Β
970 2350 1318 2423 x111,2)tlgiturgranum
1329 2349 1384 2408 hcc
1394 2350 1799 2424 sinapis,etiamsimodieum

122 2435 275 2496 Ezechielem
288 2439 372 2507 liber,
389 2441 538 2496 secundus
549 2444 595 2496 est
609 2438 919 2513 expositionistempli,
974 2438 1108 2507 fueritin
1125 2455 1263 2513 magnam
1279 2440 1438 2497 succrescit
1452 2440 1597 2510 arborem,
1611 2445 1641 2498 et
1667 2440 1798 2500 volatilia

122 2540 189 2596 quem
200 2533 227 2584 et
241 2533 377 2603 quartum
395 2528 552 2597 decimum,
583 2528 745 2601 opitulante
773 2526 921 2585 salvatore
975 2528 1039 2585 coeli
1054 2527 1188 2585 habitant
1202 2528 1232 2584 in
1244 2527 1333 2584 ramis
1344 2529 1408 2600 ejus
1419 2529 1495 2601 (trac.
1510 2529 1585 2602 1111).
1601 2530 1799 2596 Quamobrem

123 2621 209 2689 codro,
224 2619 260 2674 ad
276 2618 366 2674 tinem
379 2634 473 2689 usque
484 2618 593 2673 dictare
604 2616 920 2689 cupio,illudejusdem
974 2617 1041 2687 tibi,
1056 2617 1117 2673 filis
1130 2617 1333 2688 Eustochium,
1349 2634 1414 2690 qua
1443 2621 1543 2675 nostro
1571 2617 1799 2692 qualiacumque

127 2704 217 2760 numeri
233 2721 300 2761 cum
307 2703 784 2777 Davidinquartodecimopsalmo
795 2707 919 2760 canens:
975 2707 1085 2763 fuerint
1102 2706 1227 2763 libenter
1241 2706 1360 2779 accipis,
1376 2709 1573 2764 contestatum
1583 2706 1659 2775 volo,
1674 2711 1703 2765 et
1722 2705 1799 2766 illud

126 2793 459 2866 Domine,quiahabitabit
472 2793 701 2850 intabernaeulo
716 2797 839 2849 tument
854 2791 920 2865 quis
975 2795 1102 2853 rhetoris
1115 2795 1258 2852 Victorini
1276 2792 1402 2851 breviter
1414 2795 1568 2868 admoneo,
1584 2798 1617 2852 ut
1632 2795 1797 2853 obscurita-

125 2881 265 2953 requiescet
279 2883 310 2937 in
326 2889 425 2938 monte
440 2884 600 2938 sanctotuo
612 2882 699 2953 (Part.
715 2881 920 2951 xrv,1)‘tQuod
978 2890 1038 2943 tem
1061 2884 1244 2941 voluminum
1261 2901 1294 2940 er
1311 2883 1406 2940 tribus
1421 2883 1509 2941 rebus
1522 2883 1586 2940 fleri
1600 2883 1688 2952 scias,
1698 2882 1743 2941 vel
1758 2883 1800 2942 rei

123 2973 141 3022 et
151 2987 195 3042 pro
208 2970 362 3028 diiticiieet
374 2987 425 3043 pro
439 2969 614 3042 impossibili
625 2971 767 3027 debemus
780 2969 919 3042 accipere.
975 2972 1189 3047 magnitudine,
1205 2972 1249 3029 vel
1263 2973 1390 3030 doctoris
1415 2972 1573 3046 imperitia,
1589 2970 1633 3030 vel
1647 2972 1795 3031 audientis

122 3054 181 3116 linde
194 3066 221 3117 et
235 3061 265 3116 in
282 3060 340 3115 alie
356 3059 418 3116 ioco
434 3059 519 3132 quasi
530 3058 791 3116 virdesideriorum
807 3060 921 3115 enixius
975 3063 1083 3120 duritia
1098 3080 1104 3119 :
1122 3078 1246 3134 quorum
1261 3062 1391 3135 primum
1406 3065 1434 3119 et
1446 3062 1609 3119 secundum
1624 3062 1736 3135 liquido
1764 3062 1795 3120 in

122 3145 316 3220 deprecaturae
332 3149 420 3205 dicit:
440 3148 536 3204 Unum
551 3148 664 3220 petisia
678 3147 920 3216 Domino,hocre-
973 3152 1028 3208 hoo
1044 3168 1130 3224 opere
1147 3151 1327 3208 confitebor:
1344 3151 1474 3219 tertium,
1491 3167 1615 3208 acumen
1629 3150 1740 3226 ingenii
1751 3151 1796 3208 tui

119 3236 257 3307 quiram,ut
272 3236 435 3294 inhabitem
449 3238 478 3293 in
495 3237 581 3293 domo
588 3237 702 3294 Domini
713 3237 920 3294 omnibusdie·
974 3245 1003 3298 et
1018 3240 1196 3297 desiderium
1207 3239 1422 3312 Scripturarum
1438 3239 1522 3297 facile
1538 3239 1648 3297 renuit:
1664 3256 1729 3312 que
1739 3239 1798 3312 pri·

119 3323 156 3381 bus
168 3327 229 3383 vitae
242 3343 326 3395 mea,
344 3330 377 3382 ut
390 3327 504 3383 videam
516 3326 734 3398 jucunditatem
751 3324 876 3393 Domini,
892 3328 921 3381 et
974 3329 1078 3403 vilegio
1095 3327 1241 3402 virginali,
1257 3332 1286 3385 et
1298 3329 1392 3385 victus
1409 3328 1598 3398 continentia,
1615 3345 1673 3384 nun
1701 3328 1798 3385 dicam

119 3413 207 3473 n'sitem
223 3417 372 3490 templum
388 3421 522 3472 sanctum
538 3419 603 3487 ejus
617 3417 704 3486 (Paul.
731 3433 807 3484 xxvi,
837 3417 864 3483 t,
879 3417 918 3487 5).
975 3417 1164 3492 frequentem,
1181 3418 1232 3474 sed
1245 3417 1505 3491 jugemhoepitem
1529 3416 1665 3489 possides
1691 3421 1796 3472 Deum.

119 3500 143 3558 lt
160 3523 296 3563 rursum:
327 3507 420 3570 Quam
448 3505 565 3572 dilecta,
594 3505 701 3578 inquit,
731 3503 920 3562 tabernacula
974 3505 1195 3580 Igiturtertium
1210 3505 1358 3561 decimum
1373 3505 1404 3560 in
1420 3503 1549 3562 Ezechiel
1565 3504 1743 3577 arripiamus
1757 3503 1794 3560 li-

120 3592 160 3661 lna,
172 3596 292 3652 Domine
302 3594 464 3650 virtutum:
481 3593 697 3666 concupiscitet
711 3593 809 3651 delicit
821 3593 920 3649 anima
973 3597 1072 3667 hrum,
1088 3597 1173 3668 eujus
1188 3594 1243 3651 hcc
1258 3594 1435 3668 principium
1450 3598 1512 3650 est:

121 3693 164 3740 uta
177 3685 204 3741 in
218 3684 256 3757 (a)
272 3683 357 3740 atriis
372 3682 488 3739 Domini
501 3683 586 3753 (Paul.
604 3700 720 3755 nxxxrn,
738 3683 774 3752 1).
792 3682 918 3739 AEmule·
934 3723 956 3790 C

121 3781 165 3827 nn
178 3772 333 3830 maledieta
346 3771 500 3844 prevenis,
516 3772 689 3829 uus-aas
706 3772 756 3843 qui
776 3789 834 3828 non
847 3769 919 3844 quid
1011 3773 1091 3844 (Gap.
1107 3771 1191 3828 XLII.
1207 3802 1242 3811 -
1257 3770 1339 3826 Vere.
1358 3770 1370 3825 l
1387 3769 1482 3842 seqq.)
1498 3791 1509 3820 a
1526 3768 1561 3825 m
1575 3767 1676 3826 eduxit
1693 3784 1740 3825 me
1767 3767 1798 3826 in

121 3853 291 3933 imperent,
307 3861 360 3918 sed
377 3860 447 3933 quid
455 3877 572 3934 egenen
584 3860 919 3933 possim,considerant:
975 3884 989 3914 a
1007 3860 1116 3917 atrium
1132 3859 1259 3916 exterius
1273 3873 1327 3930 per
1340 3857 1417 3914 viam
1434 3857 1590 3915 ducentem
1618 3857 1655 3915 ad
1677 3856 1800 3931 Aquilo·

122 3947 142 3999 ct
152 3963 213 4005 curn
224 3954 321 4007 nestra
336 3949 508 4021 dijudicent,
526 3965 580 4006 sna
595 3950 758 4021 judicanda
775 3966 832 4005 non
849 3966 920 4021 prae·
976 3972 990 4000 a
1006 3965 1086 4017 nem,
1102 3952 1130 4004 et
1145 3946 1259 4003 induxit
1266 3962 1312 4003 me
1323 3945 1354 4002 in
1369 3944 1612 4021 gazophylacium
1628 3945 1706 4019 quod
1735 3938 1803 4004 erat*

123 4030 191 4092 hert:
206 4053 363 4112 numquam
381 4038 409 4092 in
426 4053 517 4110 agone
532 4042 707 4111 pugnantes,
724 4038 775 4094 sed
804 4038 839 4094 de
869 4055 922 4110 pu·
976 4061 991 4090 e
1007 4038 1291 4110 eontraseparatnm
1307 4034 1801 4103 editiciumeteentraedemver

121 4124 258 4193 grantibns
273 4126 378 4193 otioso,
395 4127 487 4182 immo
498 4127 730 4199 superbcanimu
742 4127 920 4199 judicantes.
976 4150 990 4178 ι·
1008 4131 1125 4200 gentem
1140 4127 1176 4182 ad
1191 4124 1375 4198 Aquilonem.
1392 4125 1425 4180 ln
1442 4123 1515 4182 faeie
1529 4124 1723 4200 longitudinis
1733 4141 1801 4181 cen·

121 4209 193 4271 tutte
206 4219 250 4273 ast
265 4217 335 4272 dare
349 4215 459 4272 dictata
473 4216 508 4273 de
518 4216 637 4289 populo,
654 4221 682 4272 et
697 4216 831 4290 singulos
847 4217 922 4272 ictus
977 4238 991 4266 «
1007 4220 1070 4271 tum
1086 4215 1202 4271 cubitos
1218 4212 1284 4270 ostii
1296 4212 1468 4286 Aquilonis:
1485 4219 1514 4270 et
1528 4213 1697 4272 latitudinis
1719 4212 1806 4286 quin·

119 4302 283 4373 calumniari,
300 4305 384 4361 aede
400 4304 496 4361 alieno
525 4306 620 4362 ridere
639 4306 794 4379 sanguine,
816 4311 845 4362 et
873 4305 922 4361 ubi
978 4327 992 4355 «
1009 4305 1149 4377 quaginta
1163 4303 1288 4370 cubitos,
1304 4307 1406 4359 eontra
1417 4301 1519 4376 viginti
1537 4303 1652 4359 cubitos
1667 4301 1734 4358 atrii
1758 4301 1806 4357 in·
1887 4294 1891 4301 “

117 4391 203 4451 rnlnus
217 4395 300 4468 infigi
318 4393 462 4466 debuerit,
472 4394 601 4467 imperiti
616 4392 730 4451 lanista
745 4395 923 4451 moredisse-
979 4416 994 4446 a
1009 4393 1124 4450 terioris
1140 4412 1146 4450 ε
1163 4396 1191 4449 et
1206 4396 1307 4449 contre
1322 4391 1539 4465 parvimentum
1554 4395 1679 4447 stratum
1707 4388 1805 4463 lapide

115 4482 232 4559 mauge
249 4484 282 4539 in
301 4482 507 4556 explanatione
527 4483 630 4556 templi
645 4483 811 4552 Ezechielis,
828 4488 857 4540 et
871 4499 923 4539 ce·
979 4481 1072 4539 «atrii
1090 4480 1252 4548 exterioris,
1269 4481 1318 4536 ubi
1335 4485 1398 4536 erat
1413 4479 1653 4551 porticuajuncta
1677 4476 1804 4551 porticui

112 4573 306 4647 terarumque
323 4573 359 4627 ad
376 4573 465 4629 linem
478 4572 572 4645 ipsius
584 4572 745 4628 voluminis
767 4571 923 4645 pertinent,
980 4591 995 4621 «
1010 4570 1130 4645 triplici.
1147 4571 1181 4627 Dr
1192 4575 1259 4627 ante
1275 4568 1482 4642 gazophylacia
1495 4566 1693 4626 deambulatio
1703 4566 1804 4623 decem

109 4658 187 4718 lateor
199 4678 248 4719 me
258 4678 313 4735 pro
328 4661 370 4717 rei
387 4662 593 4736 magnitudine
608 4661 682 4717 nihil
697 4661 821 4734 dignum
852 4661 924 4716 acri·
979 4683 993 4712 a
1011 4660 1176 4727 cubitorum
1192 4658 1368 4730 latitudinis,
1380 4658 1416 4714 ad
1432 4655 1572 4715 interiora
1581 4655 1742 4730 respiciens
1751 4654 1804 4712 vie

108 4747 250 4818 here,etin
267 4750 382 4824 paucis,
395 4751 419 4808 si
436 4767 495 4823 qua
505 4754 603 4807 tamen
621 4748 751 4823 accipere
780 4765 925 4818 meruero,
979 4771 994 4801 e
1015 4749 1105 4805 cubiti
1122 4748 1228 4804 unius:
1246 4752 1274 4805 et
1289 4744 1364 4804 ostia
1379 4762 1481 4803 eorum
1496 4746 1533 4802 ad
1547 4744 1736 4818 Aquilonem,
1752 4742 1810 4823 ubi.

107 4840 204 4911 grtias
220 4855 308 4913 agere
319 4837 472 4896 Salvatori.
487 4839 635 4912 Scriptum
660 4843 705 4896 ost
730 4839 832 4896 enini:
863 4839 925 4896 Nisi
984 4830 1806 4909 aerantgnzophylaoiainsuperioribushumiliora,quia

107 4925 294 4994 creditieritis,
308 4943 367 4983 non
379 4926 549 5001 intelligetis
564 4927 631 5000 (lsai
645 4927 694 5000 vr).
710 4928 744 4983 Et
754 4928 784 4983 in
801 4927 857 4985 alio
883 4927 926 4985 lo·
983 4949 997 4979 a
1013 4924 1365 4998 superportabant[Vutq.
1378 4921 1806 4998 supportabantlpcrticusquu

106 5029 151 5073 eu:
164 5016 193 5073 Si
208 5015 376 5073 habueritis
390 5016 479 5074 fldem
495 5021 528 5074 ut
537 5033 662 5091 granum
673 5017 797 5088 sinapis,
808 5023 836 5074 et
847 5016 926 5074 dixe·
982 5037 996 5065 ο
1012 5032 1047 5072 er
1060 5012 1118 5069 illis
1133 5013 1303 5070 eminebant
1317 5012 1352 5069 de
1366 5011 1554 5069 inferioribus
1579 5013 1609 5068 et
1633 5010 1670 5069 de
1698 5011 1805 5070 madiis

104 5104 164 5162 n'tis
177 5105 274 5164 menti
290 5106 368 5174 huic,
384 5106 567 5179 transmigra
594 5111 623 5162 et
651 5105 868 5177 transplantare
897 5107 926 5162 in
943 5091 965 5157 Ι)
982 5127 997 5157 α
1012 5102 1135 5160 edificii.
1151 5102 1285 5176 Tristega
1299 5101 1379 5158 enim
1402 5104 1494 5172 erant,
1523 5104 1553 5158 et
1572 5116 1630 5158 non
1658 5100 1809 5158 habebant

103 5194 564 5268 mari,flet(llctth.xv11,19).ll
601 5195 747 5266 quomodo
768 5195 926 5268 Apostolus
984 5194 1175 5260 acolumnas,
1191 5192 1269 5247 sicut
1283 5194 1365 5246 erant
1380 5190 1523 5246 columne
1539 5190 1703 5248 atriorum:
1735 5205 1808 5262 prn-

100 5299 226 5359 granum
241 5282 357 5356 sinapis
371 5300 429 5341 nen
445 5284 592 5340 modicam
609 5284 676 5339 fidei
689 5284 863 5356 portionem,
875 5284 926 5342 sed
981 5306 995 5334 ι(
1013 5291 1110 5357 pterea
1123 5279 1292 5337 eminebant
1301 5279 1336 5335 de
1347 5278 1536 5337 inferioribus
1547 5280 1620 5338 etde
1629 5278 1734 5337 mediis
1745 5277 1802 5351 (at.

100 5379 191 5431 tetam
204 5372 296 5428 fidem
311 5387 376 5430 esse
390 5376 602 5432 commemorat
617 5373 734 5429 dicens:
752 5374 818 5432 Etsi
834 5379 926 5431 totam
981 5396 996 5425 «
1012 5373 1122 5428 additur
1133 5368 1225 5442 atriis)
1238 5372 1342 5425 eterra
1350 5368 1458 5426 cubitis
1468 5368 1695 5444 quinquaginta.
1706 5366 1741 5424 m
1756 5382 1808 5440 pe·

101 5463 190 5520 tidem
204 5461 349 5529 habuero,
370 5461 411 5517 ita
435 5465 469 5519 ut
493 5466 608 5518 montes
635 5461 923 5535 transferrentur.
984 5460 1125 5518 «ribolus
1150 5457 1275 5516 exterior
1303 5458 1467 5519 secundum
1496 5456 1715 5533 gazophylacia,
1742 5472 1807 5530 que

134 5622 175 5692 (a)
196 5618 304 5679 Maluit
315 5618 424 5689 Victor,
441 5619 471 5674 ia
485 5616 572 5685 utria,
588 5631 623 5675 ex
637 5615 735 5674 Gracc
749 5616 804 5672 τῶν
815 5615 885 5677 Lxx
899 5621 928 5675 et
946 5612 1181 5688 hieronymianis
1195 5609 1309 5686 aliquot
1319 5626 1391 5671 mae.
