3840 6098
105 322 186 398 {180
733 320 767 393 S.
788 326 945 394 sussen
965 326 1188 396 HIERONYMI
1736 325 1817 400 litt)

105 461 252 535 naufragii
276 463 304 518 et
326 461 401 520 dtu
419 457 614 519 devorationis
637 461 700 518 sole
722 461 875 535 correptio,
899 465 932 518 ut
945 465 974 533 Α
989 462 1092 520 diebus
1108 468 1137 520 et
1151 462 1295 531 noctibus,
1308 462 1364 530 vel,
1380 479 1438 519 uno
1452 461 1499 518 dic
1513 464 1542 519 et
1557 460 1652 530 noete,
1669 458 1720 518 sod
1733 459 1816 519 abso·

106 553 157 626 qui
167 552 359 624 imperantem
372 568 429 607 nen
442 555 573 607 senserat
582 549 932 624 Dominum,intelligeret
985 553 1056 622 lute,
1071 554 1165 610 oetas
1179 562 1204 610 et
1218 553 1272 620 die,
1288 556 1321 608 ut
1335 552 1502 608 ostenderet
1517 551 1547 608 in
1562 549 1703 625 mysterio
1717 549 1813 606 Trini-

105 642 290 699 liberantem.
316 640 452 714 Alioquin
477 640 659 714 superfluum
682 645 726 697 est
750 640 931 712 delinquenti
985 642 1064 713 tatis,
1079 648 1107 699 et
1127 642 1215 698 unius
1239 641 1290 697 Dei
1315 642 1497 697 consessione
1512 638 1585 695 nibil
1601 638 1816 696 essetenebm·

105 747 188 788 servo
203 734 270 803 post
283 730 385 803 plagas
399 729 472 786 velle
488 731 633 802 imputare
657 730 734 803 quod
759 729 837 796 iecit,
864 745 930 784 eum
986 747 1063 786 sum.
1119 768 1121 773 ,

106 820 312 893 hujuscemodi
322 820 464 892 correptio
475 837 532 875 non
542 824 603 876 tam
613 819 777 876 emendatio
788 818 833 886 sit,
842 832 931 890 quam
1021 819 1114 891 (Vers.
1132 820 1171 891 l.)
1191 822 1223 875 Et
1237 822 1365 876 clamauit
1379 827 1405 875 et
1418 819 1491 874 dtnit
1505 836 1514 871 :
1530 818 1618 874 oitbnc
1632 816 1816 890 quadruplata

106 908 300 982 exprobratio.
317 908 459 965 Dominus
475 912 572 964 autem
593 912 692 965 noster
706 912 772 980 post
787 923 931 962 resurree·
985 909 1053 976 dies,
1080 913 1105 963 et
1130 909 1228 964 Niniue
1251 910 1432 965 sribuertetcr.
1458 907 1548 964 LXX:
1573 909 1605 963 Et
1622 907 1818 978 prediccottct

104 999 217 1055 tionem
233 997 361 1054 seeundo
376 997 503 1054 mittitur
518 999 554 1053 ad
578 997 709 1065 Niniven,
734 1001 766 1053 ut
784 996 834 1068 qui
850 996 932 1067 prius
985 997 1076 1052 dicct:
1093 997 1184 1054 ndttue
1199 1006 1252 1054 tres
1266 1000 1336 1063 dies,
1351 1006 1376 1054 et
1392 997 1489 1052 Niniue
1503 996 1688 1052 subvertetur.
1711 995 1818 1051 Trinus

107 1087 324 1160 quodammodo
339 1087 462 1159 lugeret,
474 1086 574 1142 dicens
588 1103 594 1140 :
612 1089 707 1154 Pater,
718 1087 742 1140 si
750 1085 880 1156 possibile
892 1091 932 1140 est
987 1088 1022 1156 (c)
1033 1088 1232 1159 numerusqui
1245 1087 1362 1159 ponitur
1373 1085 1600 1159 aSeptuaginta,
1609 1100 1668 1141 non
1680 1083 1819 1141 convenit

108 1179 229 1233 transeat
244 1193 261 1230 o
274 1192 317 1231 me
331 1175 409 1231 cotie
423 1177 474 1231 istc
499 1176 574 1245 (Μαι.
591 1192 667 1242 xxvi,
683 1174 739 1245 39),
756 1178 784 1230 et
799 1172 933 1230 noluerat
986 1174 1180 1248 poenitentioe:
1197 1181 1224 1232 et
1239 1177 1312 1232 satis
1337 1175 1426 1231 mirer
1441 1191 1493 1230 cur
1508 1174 1550 1229 ita
1567 1173 1752 1229 translatum
1766 1172 1814 1243 sit,

107 1266 178 1323 dure
192 1282 297 1338 panem
313 1264 441 1320 filiorum
454 1264 577 1320 canibus
587 1264 678 1332 (ltin,
689 1267 754 1332 xv);
773 1280 850 1319 nunc
863 1263 933 1334 quis
986 1280 1053 1319 oum
1069 1264 1098 1319 in
1122 1266 1239 1321 ltebraeo
1264 1281 1317 1320 uec
1341 1264 1517 1333 litterarum,
1543 1279 1595 1318 nec
1620 1261 1816 1335 syllabarum,

105 1354 150 1410 illi
166 1355 308 1420 dixerant,
325 1355 468 1424 crucifige,
484 1353 614 1424 cracifipe
627 1353 730 1409 tatem:
746 1354 797 1408 Nos
811 1369 865 1409 non
882 1352 931 1408 tro·
986 1369 1038 1408 nec
1051 1358 1234 1420 accentuum,
1247 1370 1299 1409 nee
1309 1353 1388 1408 verbi
1400 1352 1439 1408 sit
1453 1352 1512 1408 ulla
1522 1351 1736 1408 communitos.
1747 1353 1819 1409 Tres

108 1443 199 1501 bemus
221 1459 314 1513 recem
335 1444 393 1497 nisi
413 1442 545 1498 Caesarem
569 1443 657 1519 (teon.
673 1459 731 1509 xrx,
748 1442 803 1513 15),
829 1445 932 1514 sponte
985 1441 1063 1497 enim
1079 1443 1218 1498 dicuntur
1235 1458 1318 1498 sanos
1334 1426 1440 1513 (asban),
1457 1445 1485 1497 et
1500 1439 1697 1514 quadreginte
1712 1457 1819 1498 sunnis

105 1532 202 1609 pergit
216 1533 252 1588 ad
262 1531 395 1600 Niniven,
407 1535 440 1586 ut
450 1532 505 1587 hoc
518 1531 654 1604 praedicet
667 1536 732 1604 post
745 1531 930 1587 resurreetio·
985 1531 1134 1602 (namra).
1148 1530 1285 1604 Alioquin
1297 1530 1371 1587 etde
1383 1529 1483 1586 Judaea
1497 1534 1578 1586 tanto
1589 1530 1697 1585 itinere
1708 1529 1819 1587 missus

105 1638 186 1688 nem,
200 1622 278 1694 quod
294 1625 326 1676 ut
341 1620 521 1693 prediceret,
537 1624 565 1676 et
577 1624 644 1676 ante
656 1620 824 1691 passionem
834 1619 860 1676 ei
869 1620 930 1676 iue-
986 1618 1433 1692 propbetainAssyrios,dignam
1442 1635 1500 1674 suae
1508 1617 1729 1691 predicationis
1736 1619 1821 1692 poeai·

106 1714 152 1769 rut
166 1711 355 1784 imperatum.
372 1711 478 1765 Totum
494 1712 590 1764 eutem
606 1709 683 1780 quod
701 1709 833 1780 jubetur,
853 1709 931 1780 quod
985 1708 1109 1763 tentiam
1120 1707 1277 1780 flagitabat,
1289 1712 1321 1763 ut
1331 1707 1491 1779 antiquaret
1503 1705 1814 1779 putridsvulneradIn

106 1799 214 1867 obedit,
239 1799 318 1872 qued
333 1815 391 1855 uon
406 1797 479 1865 vult,
505 1797 582 1870 quod
599 1797 705 1852 iterum
720 1797 791 1854 velle
806 1797 929 1870 cogitur,
985 1796 1818 1870 oppositoeurarenturemplastro.Porroquadragenarius

106 1890 183 1961 quod
191 1888 286 1944 Patris
296 1887 425 1944 seeundo
436 1886 604 1958 exsequitur
613 1885 803 1956 voluntatem,
813 1886 887 1942 refer
895 1885 931 1942 ad
951 1914 954 1920 ·
988 1884 1816 1958 numerusconvenitpeccatoribusetjejunio,etorstioni,

105 1976 256 2034 bominem
267 1978 295 2032 et
306 1976 341 2031 ad
353 1975 478 2031 formem
489 1974 576 2042 servi,
592 1975 640 2030 cui
651 1974 721 2030 talia
731 1975 818 2030 verba
829 1991 931 2031 conve·
988 1979 1016 2030 et
1030 1990 1124 2044 sacco,
1140 1980 1168 2030 et
1183 1973 1332 2043 lacrymis,
1347 1977 1376 2030 et
1390 1973 1609 2047 perseverantie
1620 1972 1815 2044 deprecandi:

105 2067 203 2122 niunt.
274 2083 276 2087 ’
989 2063 1025 2118 ob
1041 2063 1119 2135 qued
1134 2067 1164 2120 et
1178 2064 1291 2136 Moyses
1307 2063 1503 2136 quadraginta
1517 2062 1818 2136 diebusjejunsvitin

142 2153 235 2226 (vers.
251 2152 292 2226 3.)
315 2154 347 2208 Et
360 2155 484 2209 surrexit
499 2155 592 2219 tenor,
617 2157 643 2208 et
666 2153 736 2208 obiit
762 2153 792 2207 in
815 2153 935 2210 niniven
990 2157 1088 2208 monte
1103 2151 1172 2207 Sina
1187 2151 1282 2224 (deod.
1299 2153 1405 2221 nutv),
1421 2156 1450 2208 et
1464 2150 1543 2208 Elias
1559 2151 1678 2224 lugiens
1693 2149 1816 2223 lezabel,

106 2243 186 2315 iuxta
206 2242 319 2298 vertum
336 2243 448 2298 Domini
462 2261 471 2296 .·
490 2250 518 2297 et
531 2243 631 2297 Ninive
650 2249 709 2296 eret
723 2243 818 2297 civitas
833 2259 935 2310 macno
990 2240 1099 2297 indicta
1115 2240 1191 2297 lame
1206 2245 1290 2296 terre
1312 2241 1411 2307 lsrael,
1436 2243 1464 2296 et
1478 2239 1528 2296 Dei
1545 2240 1675 2312 desuper
1690 2239 1736 2298 ire
1750 2257 1817 2316 pen·

105 2333 155 2390 Dei
169 2331 264 2405 [Vulg.
281 2334 358 2387 tacet
374 2332 443 2399 Deil,
460 2333 561 2386 itenere
576 2331 839 2387 intentatorum
855 2332 935 2403 repit
989 2329 1085 2399 dente,
1112 2327 1308 2401 quadraginta
1322 2329 1385 2384 dies
1405 2326 1558 2401 jejunasse
1573 2328 1755 2387 describitur
1769 2328 1816 2402 (lll

103 2421 188 2480 tonas
199 2422 319 2476 introire
331 2422 363 2475 in
372 2421 514 2476 civitatem
524 2421 623 2475 itinere
632 2419 689 2475 diei
698 2421 792 2475 nnius.
805 2420 874 2474 Lxx
884 2438 891 2475 ε
903 2413 937 2474 Εἰ
989 2420 1053 2488 Dep.
1070 2418 1176 2490 xxxiv).
1194 2419 1259 2490 lpse
1274 2434 1390 2490 quoque
1405 2419 1547 2474 Dominus
1561 2434 1647 2474 verus
1659 2417 1676 2473 J
1680 2434 1740 2474 ons
1749 2418 1815 2475 mis·

105 2511 231 2567 surrexit
252 2511 344 2576 Jonas,
370 2517 396 2564 et
419 2509 491 2564 abiit
514 2510 544 2564 in
558 2510 689 2575 Niniven,
703 2509 776 2563 stent
789 2510 815 2565 er'
829 2509 934 2565 toentns
988 2506 1085 2563 susad
1095 2505 1329 2579 predicationem
1338 2505 1818 2581 mundiptrjejunutquadraginta„

104 2600 198 2672 sumat
221 2600 364 2656 Dominae.
393 2600 458 2654 Erat
481 2607 573 2653 nutem
598 2599 695 2653 Ninive
720 2599 818 2653 ciuitas
832 2614 935 2667 mapnn
988 2595 1069 2652 dies:
1086 2599 1114 2650 et
1129 2594 1327 2650 hereditatem
1343 2593 1428 2650 nobis
1442 2594 1545 2666 jejunii
1560 2593 1819 2669 derelinquens,sd

105 2687 170 2759 Deo,
186 2689 265 2759 pansi
279 2687 379 2744 itinere
393 2688 448 2744 viee
472 2687 585 2742 dierum
599 2688 703 2741 triam:
719 2689 745 2742 et
758 2689 837 2758 cepit
850 2688 933 2743 tonos
988 2700 1070 2741 esum
1087 2683 1217 2756 eorporis
1232 2683 1278 2739 sui
1293 2684 1348 2739 sub
1365 2683 1420 2740 hoe
1436 2699 1557 2740 numero
1574 2688 1695 2742 nostres
1706 2683 1818 2741 animas

106 2774 214 2847 inprcdi
221 2775 357 2830 civitatem
366 2776 445 2845 puori
453 2775 553 2829 itinere
560 2773 596 2845 (a)
604 2776 657 2830 υἱέε
664 2775 747 2828 anim
755 2774 821 2829 mei.
829 2773 933 2829 Statim
988 2779 1141 2845 preparat.
1154 2771 1235 2838 Quod
1252 2775 1349 2827 autem
1365 2771 1512 2841 clamavit,
1524 2771 1737 2846 Evangelioum
1748 2770 1820 2831 illud

105 2863 197 2920 Jonas
220 2862 298 2934 quod
322 2862 416 2917 iuerat
439 2860 494 2917 sibi
510 2861 685 2932 imperatum
701 2877 787 2932 opere
802 2862 931 2933 perfecit.
987 2861 1141 2933 expletur:
1167 2861 1250 2917 Stans
1263 2862 1400 2917 clamabat
1413 2863 1443 2917 in
1459 2861 1692 2933 temptantem:
1708 2863 1764 2932 Qui
1783 2862 1818 2918 ti·

107 2951 209 3008 Ninive
225 2954 322 3007 autern
338 2953 409 3018 erat,
426 2949 562 3021 adquam
578 2950 717 3021 pergebat
729 2950 880 3023 propheta,
893 2951 931 3005 oi·
986 2952 1030 3017 tit,
1042 2952 1132 3006 veniat
1142 2950 1177 3006 od
1186 2958 1263 3006 meet
1275 2951 1356 3006 ttoni.
1369 2950 1472 3006 Omnis
1484 2950 1563 3007 enim
1575 2966 1676 3007 sermo
1690 2949 1819 3009 Salvato-

106 3041 184 3096 vitas
198 3054 315 3110 magna,
331 3040 360 3094 et
374 3037 448 3093 tanti
464 3037 603 3108 ambitus,
616 3037 804 3093 utvixtrium
817 3037 931 3094 dierum
987 3039 1038 3109 ris,
1055 3039 1174 3111 quiade
1190 3039 1284 3112 magis
1300 3039 1487 3111 predicabat,
1509 3039 1622 3096 clamor
1642 3038 1816 3113 appellatur.

108 3131 208 3200 posset
217 3126 321 3182 itinere
332 3124 490 3181 circumiri.
502 3127 538 3180 At
547 3124 596 3181 ille
608 3126 740 3197 precepti
757 3130 785 3182 et
800 3126 930 3198 superio·
1022 3129 1113 3197 (Vers.
1121 3129 1199 3197 olm
1207 3128 1385 3184 crediderunt
1395 3129 1585 3184 oiriltim'vitae
1595 3129 1732 3195 inDeum,
1743 3131 1815 3185 m

107 3213 149 3271 ris
164 3213 309 3287 naufragii
319 3230 442 3284 memor,
458 3215 535 3271 viam
547 3213 637 3269 trium
648 3214 762 3270 dierum
776 3216 864 3271 unius
875 3215 931 3272 diei
947 3199 968 3266 C
986 3221 1012 3272 et
1025 3217 1245 3288 predicaverunt
1259 3218 1405 3288 jejunium,
1421 3221 1446 3273 et
1462 3218 1816 3275 oestittsunteaeciscmc·

106 3303 293 3360 festinatione
305 3302 470 3375 complevit,
482 3303 734 3374 quamquamsint
747 3304 849 3375 quiite
861 3303 931 3360 sim·
982 3306 1044 3376 jore
1058 3305 1191 3377 usquead
1213 3307 1358 3361 nrinorem.
1384 3306 1419 3377 (e)
1436 3305 1503 3361 titt
1518 3305 1667 3362 similiter.
1692 3304 1817 3364 Credidit

105 3391 221 3465 pliciter
234 3390 409 3464 intelligent,
426 3392 505 3463 quod
521 3391 550 3446 in
566 3391 652 3447 tertie
666 3396 780 3448 tentum
791 3397 873 3465 parte
884 3411 933 3448 ur·
987 3394 1099 3459 Ninive,
1107 3399 1135 3450 et
1141 3393 1230 3451 lsrael
1241 3393 1410 3450 incredulus
1420 3397 1597 3466 perseverat.
1606 3395 1738 3453 Credidit
1744 3411 1814 3469 prs-

104 3482 152 3539 bis
164 3481 374 3554 predicaverit,
391 3482 470 3537 etad
486 3480 616 3552 reliquos
630 3481 784 3537 confestim
795 3483 933 3555 predica·
987 3483 1114 3555 patiam,
1141 3488 1169 3538 et
1184 3482 1367 3539 circumcisio
1383 3487 1534 3555 permanet
1549 3480 1691 3541 infidelis.
1707 3484 1741 3541 Et
1754 3483 1813 3558 pri·

105 3569 194 3627 tionis
203 3588 299 3628 sermo
308 3570 482 3643 pervenerit.
503 3570 752 3626 Dominusautem
763 3574 861 3627 noster
870 3588 933 3644 pro·
988 3588 1068 3627 mum
1085 3572 1208 3627 credunt
1222 3571 1321 3627 viride
1336 3571 1449 3642 Ninive,
1461 3571 1512 3644 qui
1526 3572 1562 3628 sd
1580 3576 1697 3630 ertatem
1706 3571 1811 3629 Christi

103 3659 166 3733 pris
182 3663 248 3732 post
262 3660 372 3716 interos
387 3675 563 3733 consurgere
579 3658 695 3725 dicitur,
712 3660 872 3715 etverbum
883 3666 934 3716 [to.
988 3664 1197 3733 pervenerant:
1214 3660 1436 3733 predicantque
1447 3660 1642 3732 jeJ‘unium,et
1652 3659 1809 3739 restiuntur

102 3746 177 3804 mini
191 3748 359 3821 predicere,
376 3749 494 3820 quando
510 3747 600 3802 mittit
624 3745 773 3819 apostolos
790 3752 822 3802 ut
836 3748 932 3820 bapti·
987 3748 1080 3803 saccis
1092 3765 1108 3803 a
1119 3747 1223 3819 majori
1234 3762 1327 3818 usque
1338 3748 1374 3803 ad
1386 3747 1541 3804 minorem.
1552 3747 1669 3822 Dignus
1678 3753 1708 3806 et
1717 3746 1809 3805 uictus

101 3839 168 3894 nent
181 3853 242 3906 eos,
258 3836 307 3909 qui
325 3842 408 3892 erant
431 3837 462 3892 in
478 3836 590 3901 Ninive,
615 3835 645 3890 iu
662 3835 781 3891 nomine
795 3836 890 3892 Patris
905 3842 933 3893 et
987 3841 1015 3892 et
1024 3836 1142 3892 habitus
1154 3835 1379 3909 poenitentiae,ut
1390 3837 1441 3908 qui
1452 3837 1634 3894 offenderant
1642 3838 1738 3896 Deum
1745 3837 1814 3894 luxu

103 3923 168 3980 silit
183 3928 211 3980 et
226 3923 353 4006 Spiritus
369 3925 473 3991 sancti,
502 3924 557 3980 hoe
573 3929 627 3990 est,
645 3923 749 3979 itinere
764 3924 853 3981 trium
870 3926 930 3982 die·
968 3932 1015 3982 et
1031 3926 1200 3996 ambitione,
1217 3942 1318 3982 eorum
1334 3925 1524 3983 damnatione
1538 3925 1669 3999 placent,
1687 3944 1740 4001 per
1754 3943 1813 4001 qus

102 3998 181 4068 rum.
198 4013 233 4067 Et
244 4011 298 4067 boe
313 4012 411 4083 ipsum
427 4016 646 4069 sacramentum
663 4015 739 4069 m
756 4013 860 4070 salutis
876 4015 931 4070 hu·
986 4015 1069 4087 prius
1092 4014 1281 4070 attenderant.
1309 4014 1460 4070 Saccuset
1474 4014 1625 4087 jejunium
1650 4019 1814 4074 armasunt

104 4115 199 4156 mene
210 4100 298 4154 unius
310 4099 368 4155 diei
376 4100 413 4172 (b)
422 4101 477 4170 via,
485 4100 513 4156 id
528 4101 678 4169 est,unius
688 4101 738 4157 Dei
750 4103 931 4159 confossione
986 4103 1171 4175 poenitentiae,
1188 4102 1295 4162 auxilia
1310 4107 1513 4174 peccatorum:
1531 4108 1599 4161 ante
1614 4105 1774 4176 ieiunium,
1786 4109 1813 4163 a

104 4187 264 4261 porlieitur,
272 4204 329 4243 uon
339 4192 400 4244 tam
410 4189 561 4261 apostolis,
569 4206 658 4261 quam
669 4189 700 4246 in
712 4191 852 4262 apostolis
861 4209 931 4264 pre·
985 4193 1026 4248 sic
1043 4208 1163 4260 saccus;
1179 4199 1245 4247 aute
1260 4192 1338 4263 quod
1353 4192 1499 4249 oecultum
1515 4196 1570 4261 est,
1582 4197 1612 4250 et
1622 4194 1811 4268 postesquod

105 4276 220 4332 dicante
233 4275 317 4336 tona.
334 4277 399 4350 lpse
414 4277 493 4334 enim
513 4278 584 4334 dicit
601 4294 607 4333 :
633 4283 700 4334 Ecce
724 4295 771 4351 epo
795 4281 929 4337 nobiscnm
985 4280 1098 4354 pelam:
1113 4281 1167 4336 hec
1179 4280 1449 4353 semperDeo,illud
1460 4281 1812 4341 interdumexhibsturst

103 4381 166 4423 snm
180 4367 306 4423 omnibns
320 4367 414 4423 dietus
428 4383 512 4438 usqne
521 4367 556 4422 ort
566 4369 827 4425 consummationem
836 4370 931 4426 secati
984 4370 1206 4426 trominibus.Et
1216 4370 1239 4425 si
1251 4387 1266 4425 e
1277 4371 1392 4426 duobus
1401 4370 1575 4428 necessariis
1589 4388 1687 4429 unum
1695 4371 1812 4431 estsnb·

103 4456 377 4529 (Mat.xxv111,20).
403 4456 541 4528 Nullique
566 4456 689 4512 dubium
715 4473 804 4529 querc
827 4457 929 4514 Ninive
984 4457 1811 4535 trahendum,magisjejuniumabsquosscrmqusmsao·

104 4557 211 4614 magne
225 4541 263 4597 sit
278 4541 378 4598 civitas
394 4542 455 4614 Dei,
472 4559 538 4598 eum
551 4543 681 4599 mundus
692 4547 720 4598 et
730 4543 867 4600 universa
877 4561 929 4617 per
942 4564 965 4629 D
984 4563 1051 4602 cum
1067 4546 1172 4620 eligam
1189 4546 1299 4618 absque
1310 4547 1434 4619 jejunio.
1462 4547 1554 4620 Mm'or
1567 4553 1641 4606 ortas
1656 4549 1771 4624 incipit,
1783 4552 1810 4607 et

102 4630 201 4703 ipsum
213 4629 366 4696 laetasint,
378 4631 552 4704 etsineipso
568 4631 677 4687 iactum
694 4637 738 4688 est
753 4631 826 4687 nibil
837 4634 925 4705 (toan.
982 4652 1076 4707 usque
1091 4637 1127 4691 ed
1142 4635 1286 4692 minorem
1302 4637 1433 4706 pervenit
1449 4637 1507 4709 (nt
1521 4654 1588 4709 xxv,
1602 4639 1631 4710 5,
1648 4640 1697 4713 et:
1716 4637 1810 4697 nultus

103 4735 123 4788 1,
139 4719 178 4790 3).
195 4718 353 4776 Notantum
371 4736 487 4792 quoque
507 4720 585 4793 quod
609 4736 667 4775 non
692 4720 807 4788 dixerit,
833 4722 928 4781 tribus
982 4725 1061 4782 enim
1072 4725 1183 4796 absque
1192 4728 1319 4796 peccota,
1332 4725 1364 4796 tl)
1374 4729 1403 4780 et
1413 4724 1439 4781 si
1450 4725 1537 4795 unius
1548 4726 1674 4799 quidem
1684 4728 1743 4787 diei
1752 4729 1809 4785 iuc-

138 4860 176 4934 (α)
186 4860 294 4918 Vocem
304 4863 435 4935 vimque
446 4862 616 4918 etinGreee
628 4857 927 4931 resonatetoo‚nostri
982 4867 1088 4939 inquit,
1105 4883 1139 4922 ex
1151 4865 1198 4921 his
1212 4865 1309 4922 verbis
1322 4864 1462 4935 baeretici,
1477 4884 1512 4923 ex
1525 4867 1634 4926 Christi
1650 4876 1681 4927 et
1695 4874 1807 4944 sposto-

103 4950 175 4990 mss.
193 4932 340 5004 supplent.
983 4939 1077 4994 lorum
1088 4937 1271 4993 institutione
1282 4938 1516 5010 Quadragssimae
1523 4941 1677 5010 jejunium
1688 4959 1753 5000 esse
1763 4958 1770 4998 :
1780 4944 1807 4997 ct

138 5005 175 5075 (b)
192 5004 300 5060 lterum
315 5021 378 5071 vox,
394 5006 450 5070 oio,
465 5004 493 5059 in
506 5003 664 5059 ltlartianei
675 5004 775 5059 deerat
789 5005 926 5075 editione,
982 5027 1034 5066 uos
1049 5026 1100 5081 per
1114 5008 1187 5063 illud
1202 5009 1356 5080 preparari
1373 5011 1408 5064 ad
1423 5027 1507 5066 esum
1518 5012 1578 5066 veri
1588 5012 1701 5070 Christi
1711 5029 1805 5086 eorpo-

101 5091 267 5157 sensusque
282 5077 353 5157 adeo
368 5076 529 5144 laborabat,
546 5074 638 5131 nostri
654 5091 725 5130 mss.
746 5082 813 5147 post
831 5078 927 5134 Victo·
982 5082 1033 5149 ris,
1049 5081 1126 5151 quod
1144 5079 1246 5150 quinta
1261 5096 1349 5135 sacre
1364 5080 1556 5138 hebdomadis
1572 5083 1659 5152 teris,
1681 5090 1734 5143 aut
1747 5085 1805 5159 ipso

102 5162 181 5203 rrum
197 5146 358 5203 sufiiciunt.
939 5158 946 5173 ⁹
981 5152 1009 5209 in
1023 5150 1160 5224 paschate
1171 5152 1307 5207 sumitur.
1320 5152 1361 5208 llx
1371 5152 1531 5225 apostolica
1542 5153 1804 5224 institutioneQna·

137 5218 172 5290 (c)
187 5219 322 5275 Attamen
336 5234 393 5274 non
405 5227 460 5274 tres
471 5222 595 5284 tentum,
610 5216 661 5273 sed
677 5216 863 5289 qnadropinto
873 5226 928 5278 tres
981 5223 1310 5350 draffiesmreejejunium
1321 5238 1395 5294 esse,
1407 5224 1538 5297 apertius
1545 5225 1637 5283 etism
1647 5228 1680 5284 in
1689 5225 1804 5301 epistola

101 5289 257 5369 scripsisse
282 5290 436 5345 videantur
452 5290 531 5374 Lnsx.
557 5289 761 5413 thverovgipud
776 5292 926 5375 tustinum
982 5296 1017 5350 ad
1056 5292 1191 5350 arcellam
1201 5293 1800 5380 coutraltlontanumllicronymussoribitf

46 5406 49 5410 ⁴
100 5357 926 5505 tttttttmttttttttttitttttnnrttm
981 5365 1389 5508 nitilieltn⁸²¹¹²²¹²⁸⁰l
1403 5372 1436 5422 u
1450 5366 1616 5440 ⁸⁰²¹³⁰⁰¹'¹’¹’
1629 5373 1800 5428 ΝΜ

43 5542 50 5562 ,
100 5502 368 5627 ᾕῖἒίἕῖιαάναρὶηια
382 5503 449 5575 dies,
466 5509 520 5560 etc.
539 5505 570 5559 ln
586 5520 675 5559 unam
690 5505 755 5558 dua
765 5521 848 5561 voees
859 5523 924 5563 coa·
980 5510 1073 5636 noblis
1088 5507 1260 5635 ggtmiglsdit
1271 5508 1340 5633 effoebi
1350 5509 1798 5641 fflggidssmifffflfflffii

136 5615 927 5720 (dinntsajejnnovtt,t¹ietoriusinhunelocum‚Discent
980 5592 1801 5727 nusnoureiegt‘iurssepepmiotpsserfflozoemiss'nitt
