3818 6104
139 281 218 349 ,ΜΘ
457 302 460 307 ·
776 279 811 341 S.
832 277 988 342 hussel}
1009 274 1234 343 sinuosum
1797 277 1861 344 120

138 417 314 493 ,usummitata
327 416 427 471 montis
444 429 451 470 :
468 411 565 469 ornnes
579 410 646 483 fiaes
665 408 764 482 [Vulg.
791 413 889 468 omnis
904 412 978 481 finis]
994 429 1022 493 Α
1038 409 1859 484 transtuleruntquaenontamsanaturumnonunquam

45 523 48 532 ¹
156 506 214 575 ejas
230 505 258 557 in
274 505 403 560 circuitu.
419 502 550 559 Sanctum
563 509 720 558 sancmrum
735 502 787 556 erit
808 498 905 573 [Vulg.
921 500 981 570 asti.
1037 501 1073 555 ad
1089 500 1301 573 supellectilem
1317 501 1443 574 pertinet
1453 505 1539 574 atque
1550 500 1714 558 divitissllt
1725 500 1862 558 universa

153 592 348 662 Haecesterpo
363 593 409 648 ten
420 592 527 649 domm.
557 591 627 648 Lxx
657 609 664 647 :
688 591 721 646 Et
737 593 778 658 tn,
793 589 836 660 fili
850 590 980 657 hominis,
1036 589 1860 663 praceptamunctumqueordinem,etomneslegentem·

154 679 263 736 csmnde
276 680 369 737 domui
382 681 466 738 lsrael
480 680 600 749 domum,
628 687 655 735 et
677 678 821 734 cessabunt
835 694 853 732 a
864 679 983 750 peccatis
1036 677 1076 751 pli
1092 677 1227 734 ostendes
1241 677 1346 749 eis,qui
1363 681 1551 750 portaverunt
1563 680 1743 735 tormentum
1753 677 1860 748 iniqui-

153 771 222 835 suis,
237 778 263 826 et
272 770 405 826 visionem
419 772 488 843 ejus,
503 776 532 826 et
554 768 759 840 dispositionem
773 767 850 822 illius
864 783 875 820 .·
888 770 915 822 et
929 767 983 838 ipsi
1035 769 1129 821 tatum
1144 783 1276 832 suarum,
1302 770 1331 822 et
1350 771 1548 834 cessaverunt,
1576 766 1640 821 sive
1658 765 1776 822 contusi
1790 770 1859 822 sunt

54 884 59 897 -
152 859 507 915 sustinebunt'tarmentum
521 874 602 914 snum
623 873 674 930 pro
688 857 813 912 omnihus
835 869 898 927 quae
910 856 981 925 seca·
1035 853 1253 926 superbisque
1264 858 1499 928 antegesserant.
1510 855 1617 911 ldeiroo
1628 854 1859 912 antemosteude

152 949 228 1002 runt.
240 949 274 1002 lit
287 946 425 1003 describes
439 947 549 1003 domum
563 949 589 1002 et
601 947 835 1018 praeparationem
862 944 931 1015 citus,
954 946 981 999 et
1035 943 1072 1009 ei,
1089 946 1121 998 ut
1135 943 1303 999 custodiant
1317 943 1417 1000 omnia
1431 960 1494 1015 que
1518 948 1660 1016 precepta
1684 948 1765 1001 sunt.
1781 942 1856 999 Nihil

152 1037 243 1091 exitus
257 1043 339 1108 atqsm
353 1038 482 1092 introitus
496 1037 565 1104 eius,
582 1039 610 1090 et
623 1035 804 1091 adunantiam
817 1034 876 1105 ejus
889 1036 917 1088 ct
926 1048 982 1088 cm·
1034 1031 1113 1087 euim
1128 1032 1247 1104 prodest
1261 1033 1335 1089 scire
1351 1032 1574 1105 descriptionem
1591 1033 1697 1090 domus
1715 1036 1747 1088 et
1756 1048 1857 1089 omnes

152 1125 203 1180 nia
213 1127 352 1196 praecepta
367 1125 455 1195 itlius,
471 1129 498 1180 et
516 1125 613 1180 omnia
628 1123 750 1194 heinmo
764 1125 825 1193 ejus
839 1128 866 1177 et
889 1136 980 1177 amnes
1034 1119 1258 1177 distributiones
1272 1121 1386 1191 ejusde
1396 1121 1504 1192 quihus
1520 1121 1721 1192 scriptumest
1736 1136 1744 1176 :
1762 1122 1858 1178 Multae

153 1213 223 1284 tepus
237 1214 296 1285 ejus
311 1214 428 1271 odendet
443 1214 512 1281 iltis,
526 1215 552 1268 ct
563 1212 700 1269 describes
714 1212 854 1267 caramais
868 1228 878 1265 .·
892 1219 918 1266 et
931 1227 979 1266 cu·
1032 1211 1187 1264 mansiones
1201 1209 1274 1280 apud
1287 1211 1400 1266 Putrem
1411 1225 1502 1265 meam
1517 1210 1607 1282 (toan.
1628 1226 1686 1280 x1v,
1701 1211 1742 1281 2).
1759 1214 1793 1265 st
1806 1209 1858 1267 ite-

153 1301 267 1359 stodient
282 1318 374 1358 onmes
382 1303 595 1374 justificationes
609 1306 635 1356 et
650 1302 746 1356 amnia
757 1304 893 1372 praecepta
907 1315 978 1365 ama,
1032 1313 1099 1352 rum
1114 1312 1122 1352 ε
1135 1297 1235 1354 Statuit
1246 1301 1376 1354 terminas
1399 1299 1524 1368 nentium
1550 1298 1698 1354 secundum
1711 1315 1860 1356 numerum

152 1394 178 1448 ut
191 1390 379 1463 sammrtcact
392 1391 602 1463 descriptionem
611 1389 978 1455 domusinnerticemontis,
1032 1386 1155 1456 fitiorum
1184 1387 1277 1453 lsrael,
1308 1384 1367 1442 sive
1395 1387 1558 1456 aequiorum
1584 1388 1635 1443 lici
1648 1388 1741 1457 (Dent.
1756 1389 1857 1460 mir),

151 1495 243 1535 omnes
257 1481 441 1551 terminicjus
451 1481 481 1535 in
491 1479 895 1537 circuitusanctasanctcrum
904 1480 977 1532 sunt.
1033 1474 1201 1531 nisileceris
1210 1491 1275 1547 quae
1287 1474 1770 1547 preceptesunt.Dominusautem
1780 1475 1859 1534 etlex

151 1570 205 1625 iste
220 1570 313 1625 astice
326 1568 431 1626 domus.
448 1569 511 1625 Non
523 1568 603 1642 parvi
620 1566 716 1639 aperis
732 1567 868 1639 estquod
885 1566 977 1622 oculis
1032 1563 1165 1619 omnium
1181 1568 1392 1635 praeceptorum
1407 1564 1468 1632 Dei,
1485 1568 1514 1620 et
1528 1565 1599 1622 urbs
1617 1564 1722 1636 quaeiu
1738 1567 1859 1622 summi·

151 1656 258 1729 earnis,
274 1657 317 1713 vel
333 1661 430 1713 mente
445 1657 631 1728 conspexeris
645 1656 838 1712 audientibus
855 1656 976 1710 demon·
1031 1655 1090 1708 tate
1104 1652 1213 1709 montis
1224 1656 1269 1708 est
1282 1653 1453 1720 constituta,
1466 1652 1517 1709 illa
1532 1654 1679 1711 credenda
1693 1655 1792 1721 estne
1802 1671 1859 1728 qua

151 1749 255 1814 strare,
271 1751 304 1801 ut
318 1750 346 1803 et
358 1745 415 1818 ipsi
430 1749 526 1801 tecum
541 1745 650 1801 vidisse
664 1745 806 1801 videatur.
828 1743 975 1808 Quamoh·
1032 1741 1173 1812 scriptum
1188 1744 1232 1797 est
1247 1759 1254 1796 :
1271 1742 1330 1797 Non
1341 1743 1535 1812 patestcicitas
1545 1743 1764 1815 admondisuper
1777 1759 1859 1800 neon·

152 1850 213 1890 rem
229 1835 332 1890 scribit
346 1838 375 1890 et
388 1834 545 1907 scrophas,
560 1851 610 1890 eos
625 1833 676 1906 qui
698 1834 734 1889 nd
750 1832 976 1890 describendum
1031 1833 1085 1884 tem
1096 1830 1188 1901 posita
1202 1829 1304 1901 (llatttr.
1322 1830 1400 1901 att).
1416 1830 1451 1885 Es
1466 1845 1472 1883 :
1489 1831 1625 1887 Fluminis
1635 1833 1755 1904 impetus
1766 1833 1858 1904 tacep-

151 1927 259 1981 terram
271 1922 355 1978 missi
382 1929 451 1980 sunt
461 1923 609 1996 ab(a)Jesu
621 1922 680 1979 tilio
690 1921 870 1989 Nave,iuisse
881 1919 979 1994 γεομὲ-
1031 1922 1075 1973 cat
1088 1919 1226 1973 ciuitatem
1241 1920 1292 1974 Dei
1305 1920 1364 1986 (Ps.
1380 1933 1444 1986 xcv,
1453 1919 1482 1987 l)
1497 1935 1504 1974 :
1522 1921 1586 1991 quse
1602 1921 1757 1992 perspicue
1769 1921 1857 1978 teter·

150 2017 269 2086 spinet
293 2016 387 2067 artem
411 2027 474 2083 qua
489 2027 567 2067 nunc
596 2010 836 2083 philosophorum
862 2009 979 2081 propris
1032 2009 1081 2061 tur
1091 2006 1126 2061 ad
1142 2006 1311 2078 Ecclesiam,
1335 2011 1363 2062 ot
1378 2006 1434 2062 sita
1458 2007 1546 2063 estin
1562 2022 1595 2064 eo
1623 2012 1737 2075 moute,
1762 2010 1857 2083 quiin

152 2100 351 2171 est,hahuisse
368 2100 657 2156 Geometrisellomui
673 2100 763 2172 igitur
773 2096 977 2164 lsrael,eorum
1031 2094 1138 2150 vertice
1157 2094 1290 2151 omnium
1306 2096 1451 2152 montium
1466 2102 1521 2164 est,
1538 2100 1566 2152 et
1581 2114 1599 2152 a
1613 2114 1673 2170 quo
1684 2097 1857 2157 vulneratus

154 2190 206 2260 qui
221 2188 319 2245 animo
329 2187 513 2261 conspiciunt
525 2186 978 2258 Deum,ostenditurdcmns,hoo
1032 2187 1077 2240 est
1091 2183 1227 2256 princeps
1241 2184 1319 2256 Tyri:
1330 2184 1573 2257 omnesquefines
1584 2191 1613 2243 et
1622 2188 1743 2243 termini
1752 2189 1858 2248 domus

151 2281 197 2334 est
211 2277 353 2351 templum
370 2278 448 2349 quod
476 2276 606 2334 Ezechiel
636 2277 726 2333 situm
742 2275 773 2332 in
791 2280 890 2332 monte
908 2292 978 2331 con·
1032 2271 1237 2343 hujus,sancta
1251 2279 1418 2330 sanctorum
1429 2279 1508 2330 sunt.
1521 2277 1554 2330 ln
1569 2275 1619 2332 illa
1633 2276 1794 2345 domo‚hoo
1802 2285 1856 2351 est,

152 2366 288 2440 spexit,et
299 2382 356 2422 non
369 2364 675 2434 soluminmonte‚sed
688 2364 849 2422 sicutnunc
859 2363 977 2434 dicitur,
1032 2360 1062 2417 in
1076 2362 1263 2440 tabernaculo
1278 2363 1356 2435 quod
1381 2363 1539 2419 labricetus
1563 2369 1608 2421 est
1630 2365 1758 2440 Moyses,
1783 2373 1813 2424 et
1826 2369 1854 2424 in

151 2455 182 2510 in
197 2454 367 2511 summitate
382 2455 492 2510 mantis
508 2472 516 2508 s
532 2471 621 2527 quam
633 2468 819 2526 nequaquam
830 2452 911 2508 illam
927 2469 979 2525 pu·
1032 2449 1142 2522 templo
1157 2451 1263 2523 quoda
1274 2450 1428 2508 Salomone
1443 2456 1643 2509 constructum
1659 2456 1858 2522 est,intcriora

151 2547 258 2615 temus,
275 2560 367 2615 quaea
382 2542 536 2600 Salomone
551 2546 718 2599 constructa
733 2545 869 2598 narratur
884 2541 915 2597 in
927 2542 978 2598 Re·
1032 2542 1159 2606 tantum,
1184 2539 1233 2595 ubi
1258 2545 1342 2596 crant
1363 2541 1441 2598 526
1456 2539 1623 2608 Cherubim,
1639 2547 1669 2599 et
1684 2546 1857 2618 propitiato-

152 2649 224 2706 gum
239 2635 268 2688 et
282 2632 311 2687 in
328 2630 569 2704 Paralipomenon
584 2631 676 2688 libris.
691 2631 744 2687 llle
763 2631 840 2686 enim
858 2630 978 2688 alterius
1032 2627 1121 2694 rium,
1134 2632 1163 2685 et
1177 2645 1242 2685 arca
1265 2630 1444 2698 testamenti,
1474 2638 1502 2686 et
1526 2648 1628 2688 mensa
1642 2631 1858 2707 thymiamatis,

152 2720 263 2777 ordinis
278 2724 367 2791 etque
382 2736 527 2776 mensuris
537 2724 592 2787 est,
604 2723 632 2776 et
646 2721 676 2775 in
692 2718 817 2792 singulis
837 2735 977 2792 magnam
1032 2716 1367 2790 appellabantursancta
1377 2719 1861 2780 sanctorumlnhacautemdomo

152 2808 265 2864 habens
287 2807 507 2863 diversitatem:
524 2813 700 2880 tantumque
720 2808 976 2880 inlnriortemplo,
1033 2823 1095 2879 quse
1111 2811 1291 2863 monstratur
1319 2807 1473 2876 Ezechieli,
1494 2811 1523 2864 et
1545 2825 1612 2880 quae
1635 2810 1663 2866 in
1684 2811 1861 2868 summitate

152 2895 229 2967 quod
246 2911 324 2950 nunc
338 2896 503 2952 ostenditur
516 2896 669 2964 Ezechieli,
687 2901 787 2952 utnon
803 2896 899 2953 solum
915 2895 977 2952 cul·
1032 2896 1142 2951 montis
1157 2900 1201 2952 est
1222 2896 1388 2963 constituta,
1418 2913 1521 2953 omnes
1539 2897 1656 2955 termini
1680 2899 1744 2970 ejus
1763 2917 1860 2973 repu-

151 2987 229 3040 tares
243 2983 348 3055 ejus,et
362 2983 474 3052 aditum
492 2986 543 3041 sed
558 2985 662 3057 etipse
676 2985 832 3041 fabricator
846 2986 911 3056 ejus
925 2985 977 3040 Sa·
1030 2987 1132 3040 tantur
1160 2984 1190 3040 in
1217 2989 1319 3040 sancta
1337 2990 1516 3041 sanctorum.
1537 2985 1676 3059 Quodque
1702 2987 1832 3045 infertur
1853 3008 1862 3045 ε

151 3071 250 3128 lemen
268 3073 435 3141 peccaverit,
451 3077 479 3129 et
492 3073 645 3129 olienderit
668 3074 771 3142 Deum,
796 3074 978 3147 licetpostea
1033 3074 1210 3130 llaecestten
1227 3073 1331 3141 domus,
1360 3074 1404 3130 vel
1431 3075 1467 3130 ad
1498 3075 1643 3147 praeterite
1668 3077 1862 3150 pertinetis

151 3160 243 3233 egerit
256 3159 470 3233 paenitentiam,
486 3162 618 3218 scribens
646 3162 808 3231 Proverbia,
824 3164 855 3218 in
871 3163 979 3229 quibus
994 3149 1016 3216 C
1035 3163 1143 3235 quibus
1155 3164 1218 3235 jam
1234 3163 1345 3219 dictum
1361 3164 1461 3231 estrei
1472 3166 1509 3221 ad
1523 3181 1558 3221 ea
1571 3182 1635 3237 quse
1649 3165 1773 3224 dicenda
1788 3172 1862 3225 suut

153 3249 194 3305 ait
208 3247 366 3305 novissime
380 3263 432 3320 ego
449 3248 493 3320 egi
509 3250 723 3322 peonitentiam,
755 3257 784 3309 et
808 3251 920 3324 respexi
948 3257 980 3307 ut
1034 3256 1144 3322 postea.
1427 3311 1430 3317 ,

152 3335 290 3410 eligerem
305 3336 492 3410 disciplinam
507 3339 602 3410 (Prae.
631 3356 710 3410 xxiv,
737 3340 776 3411 2).
803 3340 861 3396 leta
881 3343 978 3395 autem
1069 3342 1161 3413 (Vere.
1179 3340 1213 3396 13
1228 3342 1322 3413 seqq.)
1352 3365 1366 3391 «
1392 3342 1449 3398 iste
1479 3360 1622 3399 mensure
1641 3342 1860 3403 altarisineu·

144 3442 217 3498 qua
247 3424 398 3495 Ezechieli,
428 3432 458 3484 et
484 3444 535 3500 per
560 3427 740 3484 Ezechielem
766 3429 867 3485 domui
890 3427 979 3485 lsrael
1036 3425 1291 3484 «hilarerissimo
1314 3429 1364 3500 qui
1388 3430 1514 3488 habehat
1535 3432 1861 3500 cubitumetpalmum

155 3512 331 3581 ostenditur,
347 3514 416 3571 talis
430 3521 476 3573 est
506 3534 512 3572 :
543 3520 576 3571 ut
603 3517 652 3588 qui
681 3533 746 3572 enm
776 3517 850 3575 sut
882 3520 979 3573 mente
1033 3538 1048 3565 u
1065 3517 1132 3588 (siue
1145 3511 1310 3588 παλαιστῆν)
1326 3519 1355 3573 in
1371 3519 1439 3575 sinu
1454 3521 1518 3592 ejus
1534 3525 1596 3576 erat
1611 3521 1794 3579 cubitus:et
1808 3540 1865 3580 cu·

154 3602 346 3675 conspexerit,
376 3610 469 3662 cesset
496 3605 533 3661 eb
557 3604 763 3682 iniquitatibus
792 3606 854 3662 suis
883 3623 890 3661 ι
920 3621 978 3661 non
1033 3627 1047 3656 α
1064 3605 1143 3661 bitus
1157 3605 1187 3661 in
1202 3605 1357 3664 latitudine
1374 3626 1380 3663 ε
1397 3612 1426 3664 et
1440 3609 1570 3665 definitio
1587 3611 1769 3682 [Vutpmddit
1783 3613 1864 3687 ejus]

155 3691 398 3763 quibusdam,sed
413 3693 654 3750 omnihus:sive
669 3697 701 3748 ut
714 3693 744 3748 in
760 3692 900 3750 Hebraico
911 3709 979 3749 oon·
1034 3694 1411 3768 «usqueablnbiumejus
1438 3697 1469 3753 in
1494 3698 1617 3754 circuitu
1647 3697 1737 3771 palmi
1768 3701 1866 3760 unius

155 3779 274 3848 tinctus,
291 3781 487 3839 contundatur
501 3782 683 3840 etsustineat
696 3787 875 3839 tormentum
891 3798 979 3839 suum
1032 3805 1046 3833 a
1064 3783 1153 3855 [Vulp.
1170 3782 1285 3854 palmus
1302 3786 1399 3857 nnusl.
1427 3786 1492 3842 linc
1508 3803 1624 3859 quoque
1638 3791 1701 3844 erat
1724 3789 1808 3846 fossa
1820 3790 1867 3847 al·

155 3886 207 3942 pro
222 3869 359 3926 omnihus
375 3888 437 3940 qun
463 3872 572 3929 iecerit.
588 3872 722 3928 Sustinet
736 3876 833 3929 aulem
849 3877 978 3928 tormen·
1033 3894 1048 3922 «
1062 3872 1145 3928 taris.
1162 3872 1196 3927 Et
1210 3872 1245 3928 de
1260 3873 1327 3928 sinu
1342 3878 1425 3929 terrae
1450 3891 1544 3946 usque
1559 3876 1596 3932 ed
1612 3876 1794 3949 crepidinem
1810 3896 1864 3936 no-

153 3960 218 4012 tum
242 3957 431 4029 iniquitatum
447 3975 580 4031 suarum,
596 3960 647 4031 qul
664 3964 758 4017 cessat
773 3961 921 4032 preterita
934 3961 979 4016 la·
1033 3983 1048 4010 «
1065 3960 1217 4016 vissimum
1231 3961 1288 4018 duo
1303 3962 1403 4033 cubiti,
1418 3967 1447 4018 et
1461 3963 1584 4021 latitudo
1608 3965 1700 4021 cubiti
1716 3967 1819 4038 nnius,
1835 3972 1865 4025 st

153 4058 218 4098 cere
232 4047 351 4115 peccata
367 4062 374 4099 ι
392 4045 579 4119 multumque
593 4049 711 4119 prodest
724 4047 760 4119 ei,
770 4048 820 4120 qui
835 4052 902 4103 unte
913 4063 979 4121 pec·
1035 4069 1049 4099 «
1065 4049 1241 4122 serapidine
1256 4049 1464 4124 minoriusque
1474 4053 1510 4108 ad
1522 4052 1701 4126 crepidinem
1717 4057 1863 4127 majoma

154 4129 273 4198 caverit,
290 4131 388 4188 videre
403 4134 523 4191 domum
539 4134 601 4203 Dei,
621 4141 650 4192 et
673 4136 769 4192 omnis
786 4136 900 4191 labriam
915 4136 980 4206 ejus
1033 4159 1047 4186 «
1064 4142 1190 4207 quatuor
1199 4139 1333 4210 cuhiti,et
1342 4138 1465 4198 latitudo
1477 4142 1566 4196 unius
1580 4142 1753 4215 cubiti.lpse
1763 4149 1862 4202 nutem

154 4218 411 4289 nosserutionem;
429 4222 883 4295 utpeccaredisistet,ethahens
900 4223 979 4280 illius
1032 4247 1047 4274 «
1063 4225 1133 4280 ariel
1167 4231 1293 4297 quatuor
1321 4229 1513 4298 cubitorum,
1542 4234 1571 4286 et
1599 4231 1636 4287 ab
1664 4231 1739 4289 ariel
1768 4249 1862 4307 usque

153 4307 344 4375 desiderium,
370 4308 447 4365 dicat
467 4310 503 4366 ad
525 4310 683 4367 Dominum
713 4328 719 4366 :
746 4312 861 4367 minine
888 4311 981 4369 dilect
1033 4333 1047 4362 u
1064 4328 1184 4369 sursum
1201 4316 1292 4386 [Vutp.
1318 4317 1499 4388 adsumam]
1529 4334 1638 4375 cornua
1658 4325 1799 4392 quatuor.
1827 4322 1863 4378 itt

152 4396 275 4454 decorem
288 4396 384 4454 damis
399 4402 451 4454 tnae
466 4414 473 4454 :
490 4400 617 4456 attacum
631 4398 913 4470 totitaticnrsptorite
927 4408 979 4456 tuae
1032 4425 1046 4451 α
1064 4401 1133 4458 ariel
1149 4403 1303 4460 duodecim
1315 4405 1481 4463 cubitorum
1492 4407 1521 4463 in
1530 4407 1781 4482 longitudine,per
1790 4410 1864 4467 duo·

153 4485 210 4557 (Ps.
225 4501 289 4556 xxv,
306 4485 346 4558 8).
361 4486 395 4541 Et
409 4487 515 4543 iterum
533 4504 540 4544 τ
559 4488 647 4545 Unum
660 4489 745 4559 petivi
759 4504 776 4542 a
788 4488 914 4556 Domina,
931 4490 1017 4582 hoen
1033 4511 1048 4539 α
1064 4490 1158 4547 decim
1187 4492 1301 4549 cubitos
1329 4493 1504 4564 latitudinis,
1516 4496 1756 4569 quadrangulum
1773 4499 1860 4570 [Vutp.

153 4575 293 4647 requiram
304 4591 314 4628 .·
325 4577 356 4629 ut
371 4575 521 4632 inhabitem
531 4577 561 4631 in
573 4575 652 4632 darno
664 4576 775 4632 Domini
784 4576 909 4632 omnibus
919 4578 979 4634 die·
1037 4603 1047 4628 r
1065 4580 1344 4653 quadrangulatum]
1358 4584 1449 4656 aquis
1459 4583 1650 4641 lateribus.Et
1660 4587 1779 4658 crepido
1789 4603 1861 4658 qua·

154 4663 443 4735 dnsoitiaemcoell’s.
463 4681 539 4734 xxvi,
556 4665 594 4737 1),
621 4681 689 4720 cum
718 4664 981 4737 cmperoviveroot
1035 4692 1048 4719 a
1066 4669 1227 4726 tuordecim
1244 4670 1410 4727 cubitorum
1432 4672 1636 4746 longitudinis,
1653 4679 1860 4747 perquatuor·

153 4768 218 4809 esse
233 4768 301 4808 cum
313 4751 493 4824 Christn,qui
504 4753 618 4810 estvita
629 4752 978 4826 credentium.Sequitur:
1037 4779 1051 4808 a
1067 4757 1161 4813 decim
1176 4758 1215 4831 (t)
1230 4757 1406 4830 latitudinis,
1422 4761 1451 4816 in
1468 4768 1594 4834 quatuor
1607 4761 1726 4835 angulis
1741 4766 1819 4836 ejus,
1833 4767 1861 4820 ot

154 4843 252 4897 Exitus
266 4842 325 4912 ejus
339 4845 365 4897 et
389 4842 528 4912 introitus,
554 4841 740 4910 subauditur,
756 4842 862 4899 domus.
877 4843 981 4901 Exitus
1037 4867 1051 4896 a
1067 4862 1173 4902 corona
1187 4847 1217 4902 in
1233 4848 1356 4904 circuitu
1371 4849 1452 4905 illius
1473 4851 1588 4907 dimidii
1605 4852 1707 4919 cubiti,
1733 4858 1763 4909 et
1778 4854 1860 4910 sinus

155 4933 253 4984 autem
267 4945 369 4985 eorum
380 4929 431 5003 qui
445 4929 680 5003 egrediunturad
691 4947 740 4986 eos
753 4932 804 5002 qui
814 4932 884 4989 ioris
900 4937 979 5002 sunt,
1038 4957 1048 4986 ι
1066 4936 1130 5007 ejus
1147 4936 1234 4993 unius
1249 4938 1341 4994 cubiti
1362 4955 1414 5010 per
1433 4939 1599 4996 circuitum.
1629 4941 1746 4998 Gradus
1761 4947 1860 5000 autam

156 5013 441 5074 etintroituseorum
454 5016 782 5091 quipermagistrorum
794 5019 979 5094 disciplinam
1038 5045 1052 5074 α
1068 5026 1132 5096 ε)υε
1152 5025 1226 5082 versi
1249 5026 1285 5082 ad
1302 5026 1458 5084 Orientem.
1486 5030 1553 5084 Lllll
1569 5047 1575 5085 ε
1594 5030 1629 5087 Et
1643 5029 1705 5086 hee
1722 5045 1860 5088 mensum

157 5099 193 5156 od
209 5099 348 5159 interiora
364 5111 528 5178 penetrant.
544 5108 577 5163 Et
592 5123 720 5176 omnem,
747 5106 853 5181 inquit,
870 5110 980 5166 descri-
1037 5134 1051 5164 u
1067 5113 1167 5170 altaris
1181 5113 1321 5170 incubita
1349 5118 1474 5187 perlecto
1504 5119 1621 5175 cubitus
1649 5124 1679 5174 et
1692 5115 1860 5187 παλαιστῆς,

156 5187 287 5264 ptionem
297 5190 435 5262 ejus,sive
449 5195 647 5252 substantiam
661 5196 776 5268 ejus,ut
790 5198 982 5271 Septuaginta
1036 5224 1050 5252 a
1066 5202 1150 5259 sinus
1163 5200 1244 5259 illius
1258 5203 1380 5261 altitudo
1392 5222 1444 5277 per
1453 5206 1608 5263 circuitum
1619 5211 1649 5263 et
1663 5208 1785 5266 cubitus
1794 5207 1862 5266 lati·

195 5368 235 5441 (a)
251 5367 291 5423 lu
304 5371 412 5450 terrem
423 5371 524 5444 utique
536 5373 724 5442 ierichomon
738 5373 981 5447 Sanctam,utalii
1034 5381 1178 5455 Antiquit.
1206 5381 1256 5437 lib.
1272 5399 1300 5450 v,
1321 5399 1383 5455 cap.
1410 5387 1435 5455 1,
1451 5402 1512 5452 eos,
1537 5403 1611 5458 quos
1625 5387 1714 5444 losue
1730 5388 1862 5460 miserat,

158 5439 521 5511 notant‚descr1bendam;
539 5443 569 5499 hi
581 5445 689 5500 enims
713 5444 820 5519 Moyse,
833 5464 891 5503 non
907 5449 981 5506 alo·
1035 5453 1217 5527 geometricae
1232 5452 1303 5510 artis
1319 5457 1426 5525 peritos
1446 5458 1546 5513 tradit.

159 5526 212 5579 sue
226 5510 423 5594 exploratores
432 5513 515 5570 missi
530 5519 635 5583 sunt,e
649 5517 757 5600 quihus
772 5534 851 5576 unus
864 5519 927 5595 ipse
936 5521 983 5578 t'o·
1071 5526 1108 5599 (d)
1121 5523 1345 5599 Victorsupplet
1355 5525 1401 5584 hic
1413 5544 1529 5604 quoque
1538 5544 1637 5588 vocem
1645 5529 1754 5591 cubitos
1764 5547 1801 5592 ex
1809 5533 1864 5591 lie·

160 5595 213 5675 sue
227 5581 294 5648 tuit.
309 5582 398 5647 Num.
411 5598 473 5646 stit.
489 5585 546 5648 Sed
560 5601 655 5669 neque
667 5602 701 5654 eo
716 5605 746 5650 in
757 5587 820 5654 loeo
834 5590 981 5672 iosephus
1035 5596 1111 5659 brea
1125 5599 1154 5657 et
1167 5596 1302 5676 Vulgata.
