3818 6104
107 286 185 351 l0³l
733 285 766 346 S.
788 279 942 347 eusanii
964 277 1186 343 Hluaouilill
1733 283 1809 349 {tm

104 423 244 477 vocentur
254 414 525 492 παραπικραὶνοντες,
536 420 566 472 et
576 433 659 489 aqua
671 433 772 472 eorum
786 419 814 470 et
824 414 929 487 pluviis
942 414 970 479 Α
984 417 1042 466 Hac
1059 416 1150 468 iiiorte
1166 412 1310 468 vivificare
1325 430 1379 470 nos
1395 415 1456 470 vult
1469 414 1624 483 Dominus,
1636 418 1672 471 ut
1684 415 1808 473 morien·

104 525 164 565 non
181 507 293 563 stillent
307 504 491 561 dulcedinem
517 521 570 561 nec
600 505 660 561 sint
675 505 711 560 de
726 503 929 577 repromissio·
985 506 1029 556 tes
1045 505 1172 572 peccato,
1190 501 1323 558 vivamus
1339 509 1405 560 Deo.
1421 504 1545 561 Moritur
1567 507 1669 561 autem
1683 509 1807 578 peccato,

103 597 150 652 nis
166 600 252 658 terra,
268 611 356 666 quain
372 593 498 665 legimus
515 593 588 649 lacte
603 592 927 648 etmellemanantem:
985 591 1102 660 quando
1114 591 1807 667 mortificamusmembranostrasuperterram,

103 681 449 756 scdappellenturllero,
465 683 494 738 id
511 687 567 749 est,
590 681 758 738 amaritudo.
784 680 836 737 lsti
852 678 928 734 mul·
984 676 1217 743 fornicationem,
1244 679 1475 750 immunditiam,
1506 682 1668 750 luxuriam,
1692 678 1807 739 idololi-

99 772 305 845 tiplioaverunt
319 771 376 828 sibi
392 772 503 838 hortos,
521 772 550 827 iii
567 788 641 844 quos
657 788 692 826 ne
704 786 759 825 sua
769 770 854 824 vinea
865 784 928 823 mu·
983 765 1069 820 triam
1081 771 1111 821 et
1125 765 1247 837 reliqua.
1262 769 1398 840 Legimus
1410 770 1440 824 iii
1456 771 1541 835 lsaia,
1558 771 1718 826 dumtaxat
1729 772 1807 844 juxti

101 866 224 929 teretur,
256 860 368 916 Naboth
400 861 450 928 [At
469 859 618 933 Nabutba]
648 859 821 933 occumbere
835 856 928 912 voluit
981 854 1556 930 Septuaginlainterprates:alioquinin
1574 858 1809 915 Hebraieoaliter

98 948 149 1020 (ΙΙΙ
166 950 230 1019 lieo.
247 949 316 1019 iiiii).
333 948 387 1011 Oui
398 948 625 1004 eniminilrmus
636 953 690 1019 est,
706 947 785 1003 olera
800 944 924 1001 mando·
980 942 1164 998 continetur:
1177 945 1618 1012 memoriammemioriamr
1632 948 1808 1020 superleroei

101 1043 146 1093 oet
160 1039 249 1110 (liora.
265 1037 335 1109 xiv).
352 1037 387 1092 Et
402 1037 471 1108 quia
499 1053 616 1109 semper
637 1035 763 1091 heretici
780 1038 926 1090 tumentes
980 1031 1058 1102 (lsai.
1074 1029 1125 1102 ix).
1136 1030 1237 1102 Jacob,
1249 1033 1423 1089 vocabulum
1435 1039 1479 1090 est
1494 1037 1646 1092 nascentis
1656 1040 1805 1109 corporis;

101 1126 251 1198 superbia,
267 1131 296 1182 et
311 1125 473 1182 incidentes
486 1126 515 1180 iii
527 1125 674 1196 judicium
694 1122 802 1180 diaboli
820 1138 926 1195 magna
982 1117 1083 1184 lsrael,
1100 1135 1205 1174 nomen
1223 1119 1445 1178 benedictionis.
1461 1123 1534 1188 Quia
1547 1125 1631 1180 enim
1647 1128 1714 1181 tota
1729 1129 1807 1182 noete

98 1213 155 1270 sibi
171 1214 357 1287 promittunt,
374 1220 402 1269 et
417 1214 560 1269 bonorum
581 1214 699 1286 lingunt
723 1213 875 1285 imagines,
893 1214 926 1265 ut
980 1203 1102 1261 luctavit
1130 1210 1159 1260 et
1186 1205 1256 1261 vicit
1284 1207 1313 1261 in
1342 1209 1502 1265 cerltmissss
1530 1210 1638 1282 (GM
1663 1214 1806 1285 muli&

98 1300 180 1358 melli
196 1317 312 1357 venena
327 1301 556 1357 commisceant:
569 1302 658 1357 etiam
672 1298 926 1356 vineasetolivcta
979 1293 1089 1349 oriente
1104 1292 1223 1351 lucifero
1234 1294 1312 1352 m
1323 1296 1419 1354 dicere
1435 1299 1529 1370 potuit
1552 1316 1621 1356 cum
1646 1305 1666 1356 Α
1672 1301 1804 1374 postulo:

99 1387 347 1446 etllcetobabere
364 1390 540 1460 sejactant;
556 1388 607 1445 aed
623 1388 826 1444 vineaeorum
840 1384 925 1441 vinea
978 1385 1204 1453 decorarent,
1233 1385 1290 1440 dies
1315 1387 1544 1459 appropinquavit
1565 1389 1656 1461 (Rom,
1672 1407 1738 1462 xiii,
1754 1390 1803 1463 ltl,

99 1478 294 1533 Sodomorum
311 1481 374 1545 est3
391 1477 497 1533 oliveta
511 1493 613 1533 aarum
627 1493 685 1533 non
701 1480 771 1532 sunt
785 1475 821 1531 de
836 1473 923 1531 bonis
979 1475 1135 1543 propterea
1146 1470 1245 1540 lsrael,
1257 1473 1384 1529 videntis
1392 1475 1492 1545 lleum,
1503 1476 1681 1534 sortitusest
1689 1494 1803 1535 nomen.

99 1563 193 1632 olivis,
210 1565 258 1620 sed
276 1564 421 1636 oleastris,
436 1581 510 1636 quos
529 1565 687 1636 Apostolus
705 1562 855 1619 radicibus
869 1563 923 1618 bo·
979 1558 1105 1615 Mittitur
1115 1576 1183 1633 ergo
1200 1561 1329 1632 primum
1347 1578 1425 1618 mors
1441 1564 1470 1618 in
1484 1563 1586 1631 Jacob,
1604 1570 1637 1621 ut
1651 1567 1804 1624 montilion-

99 1669 203 1710 narum
233 1653 375 1709 olivarum
406 1654 538 1726 precipit
566 1653 738 1709 inserendos
765 1653 921 1724 (liemon).
979 1647 1306 1706 musmembrenostra
1331 1667 1420 1723 anper
1442 1655 1804 1726 terram,etpermortili·

99 1741 322 1814 Ficetaquoque
331 1740 402 1797 talia
413 1741 606 1813 habentque
617 1739 765 1797 calathum
777 1738 921 1812 pessima·
937 1783 960 1848 B
979 1736 1121 1791 rationem
1146 1737 1345 1793 membrorum
1370 1739 1576 1812 corporalium,
1595 1743 1758 1802 veniamus
1770 1745 1801 1800 ad

98 1846 163 1885 runi
173 1829 315 1902 impleant
325 1830 459 1898 ficorum,
472 1846 547 1902 quas
557 1828 699 1885 ieremias
712 1845 769 1900 pris
783 1826 922 1883 amaritu-
977 1829 1100 1879 mortem
1116 1824 1243 1891 Israelis,
1264 1827 1712 1900 otomniaperturbationumin
1723 1833 1803 1890 nobis

96 1917 165 1975 dine
180 1918 291 1974 comedi
308 1934 365 1973 non
382 1934 467 1989 posse
496 1921 622 1973 testetur
648 1918 757 1989 (ierem.
773 1919 864 1983 xxiii).
882 1919 920 1972 ld
975 1910 1120 1967 incentiva
1131 1915 1304 1970 moriantur.
1317 1915 1445 1972 Perculit
1463 1916 1700 1992 Deosquidquid
1717 1922 1801 1979 robo-

97 2022 163 2078 quai
173 2022 239 2062 cum
251 2005 395 2062 Dominus
405 2007 527 2073 venerit,
542 2010 650 2061 aterna
660 2006 702 2061 eis
713 2004 848 2060 ariditate
858 2020 921 2060 ma·
976 2003 1054 2055 sium
1071 2000 1102 2055 in
1117 2001 1204 2057 malis
1219 2008 1273 2069 est,
1290 2007 1319 2058 el
1334 2020 1469 2075 perverse
1483 2007 1605 2080 erigitur
1616 2008 1754 2081 juvem·
1768 2026 1800 2067 Μ

95 2092 195 2150 ledicit
205 2095 299 2167 (liare.
314 2097 366 2162 iii),
383 2099 415 2150 ut
426 2110 590 2166 numquam
602 2095 729 2149 fructum
741 2093 873 2159 afferant,
885 2109 921 2149 ne
976 2088 1011 2144 ad
1025 2095 1205 2145 senectutem
1233 2106 1326 2163 usque
1354 2094 1511 2166 perveniat,
1542 2112 1701 2171 equosque
1716 2097 1800 2155 tradit

95 2182 190 2239 virore
204 2181 338 2238 loliorum
362 2183 508 2255 decipiant
531 2187 727 2239 transeuntes.
741 2182 775 2238 lit
791 2180 920 2238 utintel·
975 2177 1144 2250 captivitati,
1156 2195 1192 2234 nc
1216 2194 1267 2250 per
1288 2181 1447 2253 praecipitia
1471 2182 1612 2241 labantur
1634 2185 1744 2243 inferni
1757 2191 1797 2244 :et

97 2269 226 2342 ligamus
242 2270 340 2327 hortos
357 2270 559 2327 hereticorum
574 2276 604 2326 et
618 2270 717 2327 vineas
732 2275 761 2326 et
774 2270 879 2327 oliveta
893 2274 921 2326 et
975 2266 1131 2322 ascendere
1143 2267 1212 2322 lacit
1228 2269 1412 2340 putredinem
1425 2276 1591 2329 castrorum
1608 2273 1640 2330 in
1651 2290 1740 2332 nares
1753 2291 1794 2332 eo·

98 2358 184 2415 lloeta
198 2359 234 2414 ad
248 2358 356 2416 malam
373 2364 485 2431 partem
502 2358 613 2429 referri,
629 2358 754 2432 singulis
777 2358 920 2425 sermoni·⁸
975 2370 1051 2421 rum,
1063 2358 1160 2410 utsua
1172 2359 1289 2427 peccata
1300 2363 1487 2431 cognoscant,
1498 2363 1527 2416 et
1546 2364 1792 2433 piiteresentiaiit,

98 2447 289 2519 busaddidit‚
305 2450 416 2504 uestro:
431 2453 463 2503 nt
478 2465 534 2503 non
561 2448 620 2518 Dei,
650 2447 701 2503 sed
717 2447 920 2503 haereticorum
974 2443 1129 2514 dicantque
1144 2460 1212 2499 cuin
1229 2444 1335 2502 David:
1363 2447 1532 2505 Putrueroot
1546 2453 1726 2524 etcorruptae
1738 2461 1793 2509 suat

97 2551 132 2591 ea
147 2551 211 2592 asse
226 2540 420 2592 monstraret:
437 2535 528 2592 tortos
543 2537 617 2594 m
642 2539 753 2604 uestros,
768 2537 860 2592 vineoe
875 2552 920 2591 oe·
974 2533 1114 2588 cicatrices
1125 2549 1217 2590 mereo
1226 2532 1299 2605 socie
1309 2536 1480 2607 insipientie
1489 2539 1630 2610 meaeli'v.
1642 2542 1789 2614 manci.

96 2631 179 2693 atros,
195 2624 295 2680 oliveto
309 2629 399 2680 vestra
412 2629 437 2680 et
453 2624 531 2694 ficeto
546 2632 658 2681 oestro:
674 2641 737 2698 qua
748 2625 848 2681 omnia
857 2640 921 2680 eru-
975 2619 1106 2692 Cumque
1117 2620 1177 2675 haec
1188 2624 1320 2679 sanantis
1344 2627 1409 2680 voto
1421 2624 1530 2694 lecerit,
1544 2642 1598 2684 neo
1623 2629 1789 2703 sicquidem

99 2727 134 2768 ca
144 2712 346 2785 populataest,
357 2717 520 2769 extromum
532 2729 684 2784 poenarum
695 2714 827 2769 omnium
838 2729 845 2768 ε
857 2728 920 2784 qua
975 2708 1081 2764 reversi
1098 2717 1167 2764 sont
1183 2711 1219 2764 ad
1235 2725 1313 2782 eum,
1329 2711 1400 2767 dicit
1417 2712 1569 2781 Dominus,

100 2816 158 2856 non
180 2799 276 2857 avolat
299 2805 331 2856 ut
357 2801 480 2867 locusta,
504 2806 534 2856 et
545 2799 602 2856 huc
612 2800 861 2899 illuodiscurrens
875 2817 921 2856 se·
1011 2831 1103 2904 (Vm⁸
1119 2832 1173 2904 Η.)
1188 2834 1315 2890 Sum„
1329 2851 1374 2891 vos
1389 2839 1461 2893 sicu,
1484 2840 1618 2896 subverti,
1633 2842 1705 2898 Dm
1719 2842 1788 2901 sm

101 2888 394 2989 mesadimittitqsed
407 2893 560 2987 permanet
581 2888 718 2988 perituris
733 2888 877 2961 frugibus,
888 2892 923 2990 ‘et
977 2937 1050 2976 mam
1064 2931 1090 2977 e,
1104 2921 1290 2991 commum,
1307 2927 1333 2980 e,
1345 2927 1416 2996 fac„
1430 2928 1493 2982 ems
1506 2929 1580 2985 m,
1607 2933 1695 2987 ,oms
1708 2939 1788 3004 νίψω

99 2977 182 3033 tardo
195 2975 280 3048 lapsu
291 2992 441 3050 pigrisque
455 2976 603 3033 morsibus
618 2992 754 3033 universa
764 2981 919 3033 consumit.
976 3008 1008 3065 de
1020 3011 1156 3083 incendio,
1167 3019 1255 3067 mon
1263 3012 1471 3083 ,cdl-summe,
1482 3015 1788 3086 Momm-Q

98 3063 230 3136 Cumque
241 3065 303 3120 bec
324 3065 404 3136 passi
416 3067 496 3136 sunt,
508 3081 560 3120 nec
572 3064 613 3121 sic
637 3065 754 3137 quidem
772 3067 807 3121 ad
824 3065 922 3122 Domi·
978 3098 1103 3154 Summ-
1113 3114 1157 3154 Μ
1166 3101 1237 3154 m,
1247 3099 1379 3157 submi,
1401 3102 1470 3159 Dm
1481 3102 1628 3162 Sodomam
1651 3111 1679 3165 οἱ
1694 3107 1806 3165 Gm.

98 3168 170 3208 ”⁰¹¹¹
186 3152 280 3208 ‘edire
300 3151 464 3208 ‘mmmm‘
938 3144 960 3211 c
978 3186 1069 3252 rivom,
1080 3195 1106 3242 et
1123 3189 1192 3258 facti
1202 3191 1266 3243 ertia
1274 3190 1344 3244 sicut
1356 3193 1440 3246 torris
1450 3196 1543 3248 erotus
1555 3192 1590 3250 de
1600 3196 1677 3267 igne,
1688 3200 1716 3253 et
1724 3196 1789 3253 uerit

133 3275 227 3349 (Veis.
245 3276 301 3347 lo.)
316 3277 376 3331 uisi
389 3277 420 3331 iic
434 3292 480 3332 oon
493 3281 609 3333 mortem
620 3279 648 3332 iu
660 3279 706 3333 vio
717 3279 846 3350 AEpppti,
860 3293 923 3350 per·
978 3275 1220 3346 quidemcooierii
1229 3275 1397 3344 estisodme,
1417 3277 1483 3335 dicit
1507 3281 1653 3340 Dominus.
1670 3285 1790 3342 Extremi

99 3365 172 3421 coiit
187 3365 216 3420 in
227 3364 320 3437 plodio
330 3365 445 3436 juvenes
461 3368 561 3421 uestros
575 3382 660 3438 usque
685 3367 722 3421 od
735 3367 924 3438 captiuitatem
979 3363 1124 3419 medicina
1138 3368 1192 3431 est,
1208 3369 1237 3420 et
1251 3365 1350 3421 decem
1371 3367 1513 3435 tribuum,
1541 3374 1571 3426 et
1586 3369 1789 3439 hereticorum,

100 3469 233 3525 equorum
250 3456 409 3509 uestrorum.
426 3455 459 3509 lt
474 3453 619 3510 oscendere
632 3456 687 3526 feci
697 3457 925 3526 putredinemro·
978 3452 1149 3508 etomnium
1160 3457 1356 3524 peccalorum,
1369 3460 1402 3510 ut
1413 3461 1570 3528 postquem
1583 3464 1710 3517 mortem
1720 3461 1790 3518 mia

101 3544 221 3598 atrorum
235 3550 385 3597 vestrorum
401 3543 431 3596 iii
445 3557 525 3598 nores
546 3547 658 3610 uestrae,
670 3552 695 3599 et
704 3559 759 3599 aon
769 3543 879 3599 redistis
888 3542 925 3599 ad
979 3542 1017 3595 rit
1028 3540 1058 3595 in
1069 3540 1115 3596 via
1124 3540 1250 3613 AEgvpti,
1262 3546 1291 3596 et
1305 3544 1620 3616 percusseritjuvenes
1630 3565 1728 3606 eorum
1737 3549 1789 3623 gla-

97 3646 153 3698 me,
182 3629 250 3686 dicit
281 3631 424 3686 Dominus.
452 3630 541 3686 LXX:
557 3633 645 3687 limini
658 3630 713 3704 (ΑΙ.
741 3632 812 3703 Misi)
835 3634 925 3689 invoa
979 3627 1037 3696 dio,
1053 3645 1203 3701 equosque
1223 3632 1449 3702 consumpserit,
1476 3638 1505 3688 et
1527 3635 1787 3694 ascenderaseoerit

97 3719 482 3791 morteminoioAEpypti,et
504 3719 632 3776 occidite
654 3721 925 3792 plodiojuveneave-
979 3716 1164 3790 putredinem
1180 3723 1342 3775 castrorum
1360 3719 1388 3775 in
1418 3730 1741 3794 nareseorum,etnee
1754 3724 1788 3780 sic

99 3810 169 3863 atros
178 3823 240 3863 cum
256 3809 414 3879 captivitate
422 3824 552 3880 equorum
576 3816 736 3865 uestrorum.
750 3810 782 3864 Et
795 3809 879 3865 educi
894 3810 924 3866 in
979 3805 1097 3878 quidem
1110 3805 1145 3861 ad
1159 3821 1227 3861 eum
1239 3807 1344 3863 reversi
1356 3807 1475 3877 suerint,
1499 3811 1657 3872 subvertat
1666 3830 1715 3871 eos
1729 3812 1791 3872 sicit

99 3897 164 3964 ipae
178 3904 269 3951 rostro
282 3905 374 3952 vestro
388 3898 418 3951 in
428 3897 474 3952 iro
490 3912 560 3966 meo,
573 3901 600 3952 ct
610 3913 645 3953 oe
654 3899 694 3953 sic
703 3898 812 3970 quidem
821 3899 924 3954 reversi
979 3894 1122 3950 subvertit
1135 3899 1211 3950 Deus
1224 3897 1380 3951 Sodomam
1402 3900 1431 3952 et
1459 3896 1681 3959 Gomorrbam:
1697 3907 1726 3959 et
1738 3913 1791 3958 cum

100 3985 164 4040 estio
180 3984 217 4039 od
231 3999 283 4047 me,
311 3984 379 4039 dicit
398 3987 540 4041 onicinus.
572 3985 626 4040 Per
653 3986 753 4041 omnia
768 3985 883 4059 llagolla
896 3990 926 4043 et
979 3982 1111 4039 subversi
1123 3982 1241 4054 luerint,
1253 3983 1289 4040 ob
1301 3984 1525 4041 similitudinem
1540 3987 1706 4047 criminum
1715 3989 1789 4047 Sodo-

102 4075 248 4127 tormenta
263 4071 398 4127 eruditur
413 4072 502 4129 lsrael
516 4089 523 4127 ε
541 4073 618 4129 unde
632 4079 661 4129 et
674 4091 707 4130 eo
721 4080 852 4147 tempore
867 4091 925 4148 quo
980 4087 1034 4127 ma
1045 4071 1261 4139 etGomorrhae,
1274 4071 1790 4145 pessimaqueineisaedllioiadivinii

99 4158 135 4214 ab
166 4158 310 4230 AEgyptiis
335 4159 445 4216 auiiilin
472 4160 671 4232 postulabant,
688 4161 816 4219 mittitur
830 4163 860 4218 iii
875 4179 925 4220 eos
980 4159 1057 4232 ignis
1069 4159 1222 4231 exusserit,
1238 4160 1295 4233 ipsi
1310 4160 1471 4218 liberentur
1486 4164 1572 4234 quasi
1599 4167 1692 4224 torris
1706 4171 1791 4239 raptui

103 4260 193 4318 mors,
209 4251 237 4302 et
252 4247 457 4320 percutiuntur
470 4247 500 4303 iii
517 4249 614 4322 gladio
629 4250 752 4321 juvenes
767 4268 879 4317 eorum,
897 4257 926 4308 at
980 4248 1387 4320 deincendio.lltquomodo
1419 4256 1479 4322 Lot,
1508 4252 1641 4310 Sodoma
1655 4258 1790 4328 pereunti·

102 4349 194 4407 equos
205 4348 279 4405 quos
290 4335 346 4390 sibi
358 4339 459 4392 contre
482 4336 533 4393 Dei
545 4342 721 4412 praeceptum
746 4340 924 4412 multiplica·
980 4343 1114 4393 servatus
1129 4342 1184 4406 est,
1200 4339 1339 4395 amittens
1354 4340 1551 4396 substantiam
1567 4345 1598 4398 et
1612 4349 1730 4416 partem
1743 4357 1790 4400 cor

102 4429 213 4496 verant,
230 4422 382 4496 captivitas
398 4441 474 4481 aava
496 4424 654 4498 concludit,
681 4431 715 4483 ut
742 4429 864 4499 putredo
878 4446 925 4486 ca·
981 4426 1060 4499 poris
1073 4426 1130 4492 sui,
1141 4443 1231 4498 quam
1243 4425 1435 4500 intelligimus
1453 4445 1573 4485 uxorem
1595 4429 1705 4498 (Getice.
1728 4428 1789 4500 iiixl:

100 4516 228 4568 strorum
245 4517 274 4569 et
289 4512 374 4570 loetor
413 4513 565 4571 morientis
593 4516 746 4588 exercitus,
767 4517 926 4574 viventium
941 4507 964 4573 D
980 4515 1022 4570 aio
1032 4530 1135 4571 omnes
1148 4514 1195 4570 isti
1207 4514 1404 4571 Sodomorum
1415 4514 1532 4571 divitias
1547 4517 1722 4577 amittentes
1741 4533 1789 4576 eve·

102 4616 188 4657 nares
202 4600 333 4674 impleat.
350 4603 482 4676 Cumque
496 4609 525 4661 et
548 4603 610 4660 baec
624 4604 734 4672 lecerit,
750 4610 782 4661 ut
797 4605 925 4679 corripe·
981 4605 1053 4660 dant
1067 4603 1149 4673 nudi,
1160 4603 1245 4675 juxta
1260 4602 1331 4658 illud
1348 4604 1426 4675 quod
1455 4603 1485 4659 in
1500 4605 1644 4675 apostolo
1659 4606 1790 4682 legimus:

101 4693 145 4746 ret
160 4688 375 4763 delinquentes,
392 4693 421 4746 et
449 4692 619 4748 emendaret
647 4697 787 4766 errantes,
817 4710 869 4750 nec
884 4694 926 4752 sio
981 4693 1011 4749 Si
1024 4694 1103 4763 cujus
1127 4708 1192 4763 opus
1207 4694 1341 4748 coemerit
1355 4692 1426 4765 quod
1446 4692 1692 4765 superaedificooit,
1705 4708 1791 4753 maet-

101 4777 221 4848 quidem
237 4779 388 4837 redieruut
402 4779 438 4834 ad
455 4795 532 4850 eum,
549 4779 621 4835 dicit
632 4780 784 4837 Dominus.
800 4783 854 4849 Qui
868 4800 926 4840 non
979 4780 1041 4838 dem
1054 4781 1188 4853 accipiet:
1203 4783 1229 4836 ei
1242 4783 1319 4851 cuiue
1333 4790 1426 4837 auem
1450 4796 1517 4853 opua
1531 4784 1646 4851 arserit,
1660 4783 1790 4840 mutaci-

103 4865 198 4921 solum
212 4865 262 4922 illo
272 4871 413 4938 tempore,
424 4867 474 4923 scd
488 4867 618 4939 quotidie
635 4868 726 4924 mittit
753 4876 876 4927 mortem
897 4874 926 4928 in
981 4878 1038 4925 tum
1050 4872 1189 4942 potietur:
1208 4869 1264 4940 ipae
1278 4873 1372 4925 autem
1385 4870 1478 4926 saluae
1492 4871 1556 4937 erit,
1571 4873 1613 4926 sic
1622 4879 1718 4929 tameo
1729 4865 1792 4945 qvovt'

101 4953 284 5028 viaAEgypti‚
297 4956 388 5026 utqui
400 4955 563 5029 AEgyptiam
575 4955 687 5012 triverit
710 4959 857 5027 semitam,
874 4977 926 5017 au·
979 4975 1029 5031 per
1044 4961 1133 5030 ignem
1147 4959 1170 5028 (l
1187 4960 1241 5016 Cor
1257 4975 1299 5013 ιιι.
1317 4959 1361 5027 ll,
1378 4960 1432 5030 15).
1449 4958 1502 5024 Qui
1519 4974 1588 5031 ergo
1609 4960 1792 5032 salvaturptr

103 5042 165 5098 diat
176 5043 305 5099 moriens
314 5044 467 5101 docentem
480 5043 652 5117 Apostolum
660 5062 667 5101 :
676 5045 843 5111 Quodenim
853 5067 928 5107 mor·
981 5047 1090 5121 ignem,
1102 5047 1187 5121 quasi
1198 5046 1284 5102 torris
1294 5046 1330 5103 ds
1341 5045 1473 5103 incendio
1485 5051 1608 5118 rapitur.
1618 5047 1656 5105 ui
1666 5049 1704 5106 ad
1714 5047 1792 5106 istiue

103 5135 172 5188 tuus
183 5148 261 5201 sum,
274 5138 410 5189 mortuus
424 5151 490 5189 sum
502 5138 619 5207 peccato
632 5152 638 5203 ;
651 5135 728 5208 quod
742 5141 839 5193 autom
851 5139 926 5208 vivo,
982 5138 1060 5197 modi
1075 5136 1220 5207 homines,
1232 5151 1307 5209 quos
1317 5133 1348 5190 in
1360 5133 1517 5207 Evangelio
1533 5134 1673 5194 Salvator
1684 5146 1791 5213 arguent

102 5220 165 5278 vivo
180 5222 236 5277 Deo
247 5222 352 5292 (Galat.
367 5229 409 5290 ιι).
423 5223 456 5279 ui
467 5224 494 5278 iii
507 5224 563 5279 alio
575 5223 638 5280 loco
651 5241 657 5280 :
671 5224 701 5281 Si
715 5229 820 5283 mortui
832 5245 928 5286 eumue
980 5229 1174 5302 loquebatur:
1200 5225 1231 5280 Si
1257 5225 1311 5295 filii
1338 5225 1433 5280 essetis
1455 5224 1606 5294 Abrohom,
1622 5241 1711 5300 opero
1724 5227 1791 5285 riri·

105 5324 168 5364 cum
177 5310 294 5378 cinito,
308 5311 394 5366 simul
401 5314 484 5367 etium
495 5315 687 5370 virciniacum
697 5330 728 5369 co
738 5314 827 5387 (Rom.
838 5333 877 5390 vi,
887 5318 925 5393 8).
982 5320 1047 5375 hom
1062 5315 1285 5389 [meretiswooii.
1302 5331 1362 5379 viii,
1379 5312 1792 5390 ostentationemque

103 5396 257 5453 utiterum
274 5399 406 5472 :Semper
433 5403 672 5473 mortificationem
695 5404 757 5459 iesu
773 5405 928 5478 incorpore
982 5406 1231 5478 dicit2Proqeniee
1247 5404 1416 5476 viperarum,
1429 5405 1491 5474 quis
1518 5399 1792 5464 oenonarooiieti'i

103 5500 162 5541 nico
171 5495 249 5558 porto
264 5487 300 5558 (ΙΙ
317 5488 376 5544 Cor.
408 5507 445 5557 iv,
476 5492 529 5565 10).
546 5493 581 5548 Et
601 5508 739 5550 rursum:
759 5494 820 5550 Viuo
835 5499 927 5554 ouum
981 5492 1495 5571 sagcreoueiitoroiro(llott.iii‚¹l,
1523 5493 1550 5560 8,
1572 5493 1630 5565 eit
1652 5495 1791 5564 socitm

104 5570 490 5654 {rememoraturum
516 5597 560 5640 me
588 5581 713 5643 Corium
728 5581 802 5661 (Gal.
820 5600 853 5661 ii,
867 5585 924 5667 20).
980 5589 1103 5665 pomum
1128 5585 1244 5661 dipem
1270 5581 1323 5655 [ill.
1352 5583 1460 5662 [ructui
1491 5580 1602 5661 dmum]
1628 5579 1795 5663 pm
