3818 6104
102 296 185 372 isos
576 297 1337 371 conunsmaroauuinsanissimas.
1730 269 1810 370 rici

100 443 143 510 te,
157 444 187 497 st
196 439 359 497 absconditi
369 438 800 516 tenebris,circuissentdomns
816 443 873 496 tue
885 455 931 496 an·
945 437 973 504 Α
987 437 1030 492 tui
1040 453 1050 490 :
1063 440 1212 508 passarani
1225 437 1341 495 insidias
1354 437 1446 497 saltn
1460 446 1502 497 ie:
1522 453 1579 521 oon
1607 446 1646 515 ert
1672 440 1811 520 sapientiis

101 529 200 604 gulos,
212 530 316 601 utique
327 529 380 585 hoc
392 529 614 602 tulissentquod
625 530 682 586 sibi
693 531 835 602 putabant
845 543 931 602 posse
986 525 1016 580 irs
1025 540 1065 581 eo.
1082 525 1206 589 Quidam
1218 527 1247 583 ld
1258 528 1335 600 quod
1353 546 1443 603 supra
1457 528 1657 609 exposuimus.
1674 514 1812 609 Quomodo'

101 619 628 692 suiiicore‚etaiiqnidinedibustuis‚
637 618 681 675 vei
699 620 929 692 persatietatem‚
982 623 1170 686 perscrutatus
1184 625 1226 688 est
1237 619 1318 687 Esou,
1330 623 1356 675 el
1365 619 1561 695 comprcilensa
1574 628 1637 677 suni
1649 619 1810 699 abscondita

99 706 147 764 vel
165 724 216 780 per
231 706 427 780 ignorantiam
443 707 640 780 reliquissent.
660 707 689 764 Si
704 707 930 764 vindemiatores
984 703 1052 779 qus,
1070 705 1105 760 ad
1121 706 1582 781 terminosusqnedistinguunt:
1599 709 1808 786 utsltsensus,

100 795 275 852 introissent
288 794 402 852 vineam
421 801 512 867 tuam,
529 801 558 852 et
571 814 634 853 eam
651 795 696 852 vel
710 796 856 852 hostiliter
870 814 931 853 vas·
985 792 1155 849 abscondita
1170 799 1221 852 tua
1231 800 1318 867 atque
1329 801 1440 854 secreta
1452 815 1547 871 usqne
1559 798 1748 859 adterminos
1764 792 1812 877 ref

99 889 190 956 stare,
207 884 329 942 velate
341 886 475 942 conducti
489 884 930 958 demeterecuperent,quamvis
983 880 1080 937 velato
1095 887 1174 938 sunl.
1191 885 1387 942 Nobieautcm
1403 885 1508 944 melius
1522 887 1647 954 videtur,
1680 891 1713 945 ut
1740 902 1811 945 cum

99 973 227 1047 diligens
242 990 342 1030 aarum
353 974 622 1043 inissetvindcmia,
634 979 732 1030 tamen
744 991 875 1031 racemos
885 975 930 1029 vi·
984 971 1195 1041 posterioribus
1211 974 1373 1047 copuletur·
1380 974 1520 1032 Veniente
1535 992 1603 1048 ergo
1616 976 1808 1041 Nabuchodo-

97 1061 182 1119 tibus
192 1062 334 1134 sellisque
349 1062 469 1130 celatos,
481 1064 558 1118 inter
570 1062 705 1136 palmites
730 1063 928 1135 reliquissent.
985 1058 1126 1132 uosor(de
1142 1078 1199 1134 quo
1212 1062 1240 1118 in
1254 1061 1381 1119 ieremia
1395 1068 1496 1121 contra
1511 1065 1669 1123 idumeam
1685 1065 1809 1139 dicitur:

97 1150 154 1208 Sed
171 1151 271 1207 omnia
287 1150 396 1217 hostes,
410 1151 458 1222 qni
473 1151 509 1207 ad
520 1155 559 1215 te,
574 1152 835 1223 bominojubente,
847 1167 930 1208 vene·
984 1147 1137 1219 Ecceqaari
1144 1149 1231 1222 leoli)
1239 1152 1362 1218 ascendet
1372 1153 1674 1233 desuperbiaiordaais
1692 1155 1728 1213 ud
1743 1152 1808 1229 pul·

97 1243 171 1295 runt
185 1238 343 1312 (significat
354 1243 452 1295 autem
466 1239 651 1312 babylonios,
662 1244 691 1295 et
704 1241 866 1295 exercitum
876 1240 929 1295 Na·
983 1238 1168 1295 chritudinem
1180 1241 1328 1315 robustam,
1345 1243 1504 1316 qaiasabiio
1513 1245 1813 1324 maerensmaerens,

96 1327 843 1401 buchodanosor)‚investigaveruntomniasecreta
868 1334 928 1397 tua,
983 1324 1019 1380 aa
1044 1326 1124 1382 illam
1153 1329 1220 1401 (ier.
1249 1347 1328 1397 xcix,
1356 1331 1420 1404 idi:
1450 1339 1492 1390 Ac
1515 1332 1813 1411 ‹lainamsaaqaaaj

95 1419 290 1482 ulceremus,
306 1431 339 1472 ao
356 1415 499 1471 foramina
514 1415 734 1488 speluncarum,
761 1416 790 1471 in
820 1416 929 1488 quibus
982 1415 1080 1488 aquila
1095 1417 1219 1489 ascendet
1229 1423 1258 1475 et
1271 1420 1381 1491 volabit,
1398 1427 1425 1478 et
1438 1422 1575 1496 expandet
1588 1424 1718 1481 alossuas
1729 1439 1812 1497 asper,

97 1503 227 1576 habitas,
246 1503 456 1560 lustraverunt.
470 1507 503 1560 cl
513 1521 623 1576 revera,
634 1504 808 1562 uidicamus
816 1504 928 1578 aliquid
984 1503 1107 1576 Bassam,
1119 1510 1146 1563 et
1158 1509 1215 1564 erit
1225 1524 1271 1566 cor
1282 1511 1399 1580 [odiam
1412 1511 1580 1571 ldamaesein
1597 1500 1642 1569 die
1652 1512 1713 1585 illa,
1728 1484 1812 1603 quaer}

96 1593 174 1649 etde
185 1599 291 1649 nature
301 1592 368 1658 loci,
381 1592 477 1648 omnis
488 1592 626 1649 australis
636 1594 715 1666 regio
731 1593 928 1652 idumaeorum
983 1608 1031 1648 cor
1042 1593 1172 1652 mulieris
1182 1601 1369 1669 parturientis
1384 1599 1468 1673 (ibid.
1483 1600 1540 1677 22),
1556 1578 1659 1673 omnes
1669 1601 1720 1687 qui
1741 1584 1813 1677 aute

96 1681 136 1738 de
149 1681 363 1754 Eleuthempoii
375 1698 469 1754 usque
480 1682 609 1752 Petram,
626 1686 654 1738 et
669 1682 763 1738 Aliam
785 1682 857 1756 (hee
885 1690 930 1742 est
984 1686 1067 1757 erant
1085 1683 1215 1742 ioederati
1226 1685 1329 1756 lidom,
1340 1688 1408 1744 etin
1423 1687 1558 1763 prasidio
1569 1672 1651 1764 urhis
1663 1659 1813 1766 sitilorbilt¹

95 1771 179 1828 enim
195 1771 342 1844 possessio
353 1770 452 1842 beau),
465 1771 494 1827 in
513 1772 658 1844 specubus
681 1771 929 1831 habitatiunculas
944 1807 969 1872 Β
984 1770 1066 1827 simas
1082 1772 1207 1846 lucrant,
1225 1774 1405 1848 reliquerunt
1419 1793 1499 1841 eum.
1515 1778 1650 1853 etiuncti
1673 1760 1814 1869 hostibus,

94 1859 363 1933 habetiitpropter
371 1859 597 1917 nimioseeiores
606 1860 760 1934 solis,quia
771 1862 931 1921 meridiana
986 1862 1086 1916 eontra
1101 1876 1168 1917 eum
1180 1862 1305 1938 insidias
1317 1864 1524 1924 tetenderunt:
1539 1866 1813 1942 prevaluerufllquo

93 1947 248 2022 pmvinda
256 1953 311 2016 est,
320 1948 519 2005 subterraneis
530 1949 656 2022 tuguriis
674 1950 775 2029 utitur.
798 1951 929 2024 diacope·
986 1947 1125 2005 adversus
1140 1966 1219 2019 eum,
1236 1956 1264 2007 et
1277 1957 1347 2018 tuno
1363 1953 1526 2031 indicatum
1545 1946 1600 2029 est,
1629 1945 1701 2031 quia
1729 1942 1812 2027 nullu¹

92 2039 153 2109 rasi,
169 2037 275 2110 inquit,
292 2041 380 2104 Esau,
396 2038 425 2094 id
441 2044 495 2108 est,
506 2038 583 2111 quod
598 2042 675 2095 terra
691 2040 879 2111 premebatur
898 2042 929 2097 in
985 2037 1351 2114 inEdomessetsapientia
1364 2026 1814 2120 :dumsparalinhisquiadvqrss

94 2125 230 2182 medium
239 2125 357 2197 pmtuli,
368 2138 396 2182 et
405 2127 685 2199 apertasuntomnia
694 2144 757 2200 qua
772 2127 930 2186 claudebas
985 2125 1054 2180 sarii
1063 2127 1254 2184 demonstrati
1264 2134 1343 2186 sunt·
1353 2131 1534 2190 Aliter30um
1545 2122 1811 2213 absconditalisau,

96 2214 446 2287 substantiamquctuam
458 2217 693 2289 meparitercum
709 2215 844 2273 hostibus
865 2235 930 2290 per·
985 2217 1012 2268 et
1027 2214 1111 2285 quasi
1128 2223 1313 2274 sacramenta
1325 2219 1491 2292 magnilica,
1503 2220 1813 2299 quibuspriuspopuli

95 2300 339 2375 quirente,nulla
360 2308 519 2376 potnerunt
548 2309 661 2361 secreta
689 2304 795 2361 celare.
828 2305 929 2374 Aliter,
985 2301 1103 2358 iuerant
1114 2304 1229 2372 irretiti,
1246 2305 1359 2378 prolata
1375 2308 1483 2370 inerint
1496 2308 1526 2364 in
1547 2309 1688 2380 medium,
1710 2296 1812 2366 itaut

98 2391 193 2448 liores
207 2396 236 2448 et
250 2390 388 2458 latrones,
402 2393 452 2465 qui
464 2394 654 2464 egrediuntur
669 2396 763 2465 nacte,
780 2394 849 2467 quia
877 2394 930 2450 filii
984 2389 1029 2445 vir
1044 2390 1265 2450 Ecclesiasticus
1280 2394 1373 2465 possit
1385 2395 1479 2452 dicere
1493 2412 1500 2450 :
1516 2398 1575 2455 lion
1600 2399 1674 2454 caim
1687 2397 1811 2470 'lanera-

99 2485 174 2537 ennt
184 2479 772 2554 noctisettenebrarum,hereticosputo,
785 2482 932 2539 contraria
984 2495 1046 2534 mus
1060 2480 1118 2550 ejus
1134 2483 1250 2537 astutias
1263 2483 1302 2551 (ii
1316 2481 1376 2539 Cor.
1393 2483 1436 2556 11),
1452 2470 1655 2558 derelinquent
1668 2484 1812 2556 terminos

99 2569 627 2642 uedmddogmatapraedicantes,qui
638 2571 774 2627 iurantur
786 2571 931 2628 suificien-
986 2567 1087 2636 auom,
1103 2572 1133 2624 et
1148 2570 1296 2626 dimittent
1310 2587 1389 2643 eum,
1402 2576 1431 2627 et
1446 2559 1540 2646 usqua
1555 2573 1592 2651 ad
1608 2556 1750 2645 terminas
1760 2558 1813 2653 iic·¹

99 2658 148 2714 tia
160 2658 229 2728 sibi,
241 2657 407 2730 etquotidie
418 2660 453 2715 de
468 2659 602 2716 Ecclesia
617 2661 756 2733 gregibus
768 2677 868 2735 rapere
889 2661 929 2717 ie·
981 2654 1808 2739 clasiaetransmigrantes‚proierentdoetrinaspeesimas.

102 2746 483 2821 elinantlstiingredienles
496 2749 611 2804 vineam
618 2749 735 2805 Domini
744 2750 834 2806 nostri
846 2751 930 2820 (Paul.
987 2745 1068 2800 Tunc
1081 2744 1207 2802 illudent
1222 2748 1298 2806 m
1309 2753 1338 2805 et
1348 2748 1486 2806 resistent
1497 2742 1645 2823 quondam
1668 2736 1814 2831 magistro,

104 2835 214 2908 unx),
229 2852 318 2909 qnam
335 2837 370 2892 de
385 2838 505 2910 AEgypto
515 2837 604 2908 hujus
617 2837 715 2894 saeculi
727 2838 887 2908 transtulit,
904 2843 933 2896 et
986 2830 1814 2913 suaicldicentesfalsaeesequadidiceranltprevalebunt'

105 2925 503 2998 deaujusgeniminevinum
515 2943 619 2983 seesse
630 2928 792 2984 bibiturum
802 2928 831 2984 in
844 2945 932 3001 regno
986 2929 1088 2979 contra
1102 2940 1181 2993 eum,
1197 2929 1226 2981 et
1240 2926 1347 2982 eruditi
1363 2927 1419 2984 ilde
1434 2926 1692 3001 acclesiaialsum
1703 2903 1812 3019 (legitis⁸

108 3013 209 3070 Patria
217 3012 379 3086 pollicetur,
389 3015 429 3071 ita
439 3015 561 3087 cupiunt
572 3017 708 3072 universa
726 3015 871 3090 populari,
899 3021 933 3073 ut
986 3012 1146 3070 convincet.
1165 3011 1208 3069 llli
1224 3014 1276 3087 qui
1292 3015 1440 3086 quondam
1456 3015 1650 3073 comedebant
1663 3006 1812 3093 epud'ho'·

106 3100 312 3160 ahmeemum
324 3103 532 3177 relinquentia
544 3105 647 3161 cased
659 3105 821 3162 econtrario
833 3105 932 3163 Demi·
986 3101 1101 3171 reticos,
1118 3119 1297 3176 nonpanem
1313 3099 1811 3182 Eucharistie,sedpanamluctus,
1855 3142 1857 3147 ,

108 3207 168 3247 nus
182 3191 260 3265 agit:
277 3193 377 3249 omnia
391 3193 469 3248 enim
485 3196 596 3249 secreta
623 3210 736 3263 earum,
766 3197 794 3250 ct
818 3196 932 3251 occulta
947 3173 968 3239 G
987 3193 1016 3245 et
1030 3207 1135 3262 panem
1151 3193 1380 3249 subcinericium
1396 3193 1446 3265 qui
1458 3210 1514 3250 non
1527 3179 1814 3271 reversatur,prapo·'

103 3281 256 3353 mysteria,
272 3285 301 3338 et
316 3281 548 3353 patriarcharum
566 3285 642 3338 Esau
659 3282 724 3354 (hos
748 3283 856 3356 quippe
885 3283 931 3338 in·
988 3280 1813 3363 nentquastionesdeScripturis‚tendentinsidiasldu·

102 3367 207 3442 lulligo
218 3368 268 3441 qui
279 3369 367 3442 primi
378 3370 734 3436 heresesadinvenerunt)
745 3387 797 3444 per
816 3376 933 3428 sanctos
990 3384 1062 3424 meo
1077 3375 1165 3442 atque
1178 3374 1302 3437 terreno,
1319 3375 1348 3425 el
1362 3371 1392 3425 in
1418 3371 1556 3428 omnibus
1578 3387 1684 3427 carneo
1707 3360 1815 3445 prece·

103 3473 181 3528 suos
200 3462 230 3514 et
246 3458 463 3514 Ecclesiasticos
478 3460 555 3516 viras
570 3463 657 3531 atquc
678 3460 810 3516 doctores
825 3460 935 3533 proicrt
990 3458 1064 3528 ptari
1081 3458 1216 3525 (hareses
1231 3459 1310 3514 enim
1326 3458 1361 3513 ad
1378 3460 1495 3516 Galatas
1509 3459 1586 3516 inter
1601 3458 1698 3515 carnis
1727 3444 1816 3532 opera

103 3545 138 3603 in
153 3545 295 3616 medium,
311 3553 340 3604 et
359 3547 454 3620 prima
465 3546 545 3603 illius
560 3547 681 3604 victoria
691 3552 746 3612 esi,
760 3551 859 3620 patere
870 3565 934 3620 qua
992 3550 1160 3600 numeratas
1175 3545 1301 3620 legimus
1315 3544 1417 3617 (Galat.
1433 3548 1472 3619 v),
1493 3550 1522 3603 et
1548 3550 1618 3603 tune
1646 3544 1817 3611 ostendetur

101 3635 282 3709 tegebantur
296 3635 418 3692 occulta.
437 3636 517 3692 Unde
531 3641 559 3692 et
574 3636 847 3692 cumadmiratione
863 3635 934 3693 dici·
994 3649 1050 3688 nan
1065 3648 1130 3689 esse
1145 3633 1302 3705 prudentia
1315 3632 1346 3688 in
1360 3633 1462 3689 iidem.
1687 3623 1690 3631 ¹

102 3727 166 3782 tur.
185 3724 320 3793 Quomodo
334 3729 519 3796 perscrutatus
534 3728 575 3780 est
589 3728 672 3795 Esau,
688 3724 855 3795 deprebensa
872 3728 936 3781 aaut
1027 3722 1121 3794 (Vere.
1137 3722 1164 3791 8,
1180 3723 1207 3776 9.
1226 3723 1235 3791 )
1251 3720 1458 3792 Numquidnam
1473 3720 1561 3777 indie
1576 3722 1637 3791 iila,
1667 3722 1738 3803 dicit
1765 3721 1818 3789 oo·

105 3814 311 3885 comitaejus‘i
326 3814 398 3869 Vide
419 3814 594 3869 Marcionem
622 3817 651 3868 et
677 3813 876 3881 Valentinum,
908 3817 937 3870 ct
993 3813 1096 3881 minas,
1112 3813 1227 3880 perdam
1240 3810 1376 3880 sapientes
1389 3825 1424 3865 ea
1438 3808 1567 3877 idumea,
1591 3812 1619 3866 et
1642 3808 1821 3884 prudentiam

106 3918 214 3960 omnes
230 3901 392 3965 hereticos,
409 3902 483 3958 m
502 3902 649 3973 quomoda
664 3901 694 3956 in
715 3902 857 3958 doctrinis
880 3904 937 3959 de·
994 3898 1027 3954 de
1042 3903 1133 3955 monte
1144 3899 1241 3955 Esou?
1254 3898 1431 3954 iiliinrebunt
1445 3899 1584 3970 sariesiai
1599 3914 1617 3954 a
1631 3898 1764 3956 ileridie:
1790 3906 1822 3956 ut

107 3990 289 4061 munierum,
302 3991 493 4047 cauteriatam
512 3989 654 4047 habentes
665 3990 941 4065 conscientiam,ap-
996 3989 1116 4045 laterem
1125 3990 1170 4044 uir
1183 3987 1216 4044 de
1229 3994 1321 4043 monte
1334 3988 1417 4042 Esau.
1429 3986 1497 4044 LXX
1511 4005 1518 4044 ε
1534 3988 1566 4043 iu·
1576 3987 1621 4044 die
1630 3986 1825 4063 iila,dicitiio·

108 4079 255 4151 plaudant
265 4079 333 4147 sibi,
342 4083 370 4135 et
382 4078 530 4150 simplices
539 4079 654 4135 animas
665 4079 749 4151 quasi
763 4080 940 4153 quibusdam
996 4078 1099 4148 minas,
1108 4076 1363 4149 perdamsapientes
1377 4092 1413 4133 ea
1426 4076 1559 4143 ldamoea,
1571 4075 1824 4151 adintelliqenliam

109 4166 222 4224 dirime
237 4168 386 4240 mysteriis
397 4168 560 4234 initiantes,
572 4168 732 4240 composito
746 4185 881 4227 sermone
891 4171 940 4226 de·
998 4165 1217 4222 demmsleisaa.
1229 4165 1404 4238 iiipaoebuni
1410 4169 1579 4240 puqnalmes
1591 4168 1634 4223 tar
1642 4166 1677 4222 de
1688 4164 1824 4239 maon,

112 4256 238 4329 oipiant.
251 4256 306 4314 tied
322 4272 389 4312 cum
405 4257 639 4329 trigintaaanas,
652 4259 727 4329 elini
737 4257 944 4330 quadradas,et
998 4256 1187 4326 clausaretur
1202 4254 1514 4311 domodemoatabsau.
1533 4254 1605 4311 Cum
1630 4254 1724 4312 hostis
1751 4252 1826 4339 ssne'p

111 4345 255 4403 octoadas
264 4350 294 4401 et
304 4345 499 4416 duodecadas,
512 4350 541 4401 et
555 4345 701 4417 duplicem
718 4334 863 4414 deum,'et
877 4363 943 4419 por·
998 4348 1067 4400 tuos
1082 4344 1255 4417 possederit,
1266 4348 1296 4401 et
1305 4360 1408 4401 amnas
1418 4343 1472 4400 viri
1484 4344 1600 4400 ioederis
1611 4342 1653 4400 tui
1678 4342 1827 4409 illuserint

110 4433 576 4491 tontosumrlbraxasinmedium
589 4450 685 4490 sermo
696 4433 865 4506 protulerit:
875 4439 945 4491 tuno
999 4433 1054 4490 tibi
1069 4438 1097 4489 el
1112 4432 1317 4506 prevaluerint
1331 4435 1433 4488 contra
1448 4435 1477 4487 te
1489 4447 1496 4488 ε
1508 4435 1578 4490 tnnc
1594 4429 1700 4505 peribit
1714 4431 1829 4513 sapieta-

111 4521 273 4597 prudentin
287 4523 364 4579 Esau
376 4522 502 4579 stultitia
512 4521 773 4590 demonstrabitur,
783 4527 813 4578 at
828 4522 944 4579 investi·
960 4545 984 4611 D
1000 4523 1041 4580 tin
1051 4523 1087 4578 de
1103 4522 1231 4578 idumea
1241 4520 1423 4577 etcalliditas
1430 4519 1495 4592 ejus
1505 4520 1631 4576 stultitia
1640 4520 1828 4578 demonstra·

113 4610 270 4685 gabuntur
283 4614 395 4666 secreta
409 4611 484 4682 ejus.
1000 4612 1090 4668 bitur.
1106 4610 1293 4666 Prudentiam
1310 4623 1427 4681 quoque
1442 4607 1505 4681 ipse
1521 4606 1829 4691 bominuaaulereido

150 4698 249 4771 (Vera.
265 4699 306 4771 7.)
324 4700 770 4770 iisqueadierminasemiceraal
796 4703 822 4756 le
851 4716 947 4758 amires
1001 4698 1237 4765 monteiisau,id
1253 4696 1353 4770 est,de
1368 4696 1602 4765 montibussar,
1617 4695 1661 4754 vel
1676 4693 1829 4786 qulaurba

113 4789 177 4845 oiri
189 4786 301 4859 ioederd
315 4789 368 4855 lai,
380 4789 529 4846 illuserant
541 4790 603 4861 libi,
612 4789 791 4846 invaluerunt
800 4788 947 4846 murreum
1001 4790 1129 4847 idumea
1144 4788 1172 4842 in
1188 4790 1288 4845 monte
1302 4787 1358 4845 sita
1373 4785 1481 4858 estrei
1495 4786 1565 4860 quin
1576 4786 1672 4845 omnis
1687 4784 1828 4862 illareglo

113 4880 144 4934 ia
156 4877 214 4933 oiri
227 4879 303 4946 pacis
314 4885 380 4946 tua,
397 4879 593 4951 quicomedaai
603 4886 703 4946 tecam,
712 4886 816 4951 ponent
829 4878 948 4936 iusidias
1003 4893 1066 4950 que
1081 4878 1117 4933 ad
1134 4879 1274 4934 anstrum
1290 4892 1413 4948 vergens
1428 4876 1553 4933 conlinis
1567 4879 1613 4932 est
1625 4892 1734 4946 memo,
1750 4892 1828 4950 pra·

114 4967 212 5023 nabor
227 4969 343 5022 oman
358 4972 398 5022 est
410 4968 560 5039 prurientia
574 4970 664 5038 irs-eo.
681 4967 765 5023 LXX:
795 4969 884 5039 iisque
911 4967 949 5023 ad
1004 4965 1141 5039 ruptisin
1154 4965 1304 5021 montibus
1319 4964 1397 5020 edita
1408 4964 1454 5021 sit.
1472 4963 1553 5021 Unde
1567 4970 1596 5021 sl
1610 4964 1830 5036 diciturtPaue·

116 5055 253 5111 mnas
265 5054 438 5111 dimiserant
451 5060 477 5112 te
489 5074 495 5111 :
509 5072 600 5112 omnes
614 5057 669 5110 oiri
685 5058 843 5112 alternanti
851 5059 895 5111 iai
905 5071 948 5110 re·
1005 5057 1072 5112 bunt
1080 5058 1249 5126 puqaaiores
1259 5055 1301 5109 lai
1312 5053 1344 5108 de
1356 5052 1569 5125 illamamquod
1582 5070 1636 5110 nos
1647 5052 1830 5130 interpretati

116 5145 250 5201 solemni
264 5144 327 5210 iili,
337 5147 544 5216 prevaluerunt
556 5146 700 5201 adversm
712 5147 739 5200 te
762 5146 817 5200 oiri
839 5144 951 5215 pacifici
1006 5160 1120 5213 sumus,
1136 5143 1293 5199 melitem.
1311 5141 1462 5208 Quomodo
1472 5146 1571 5201 autem
1583 5159 1674 5215 supra
1688 5142 1830 5214 dixeram,

158 5338 200 5409 (a)
213 5337 335 5410 Aliquot
350 5356 433 5405 mss,
449 5341 654 5423 quadrupedem
670 5339 731 5407 alii,
748 5340 953 5413 quadripesbe
1043 5342 1078 5408 (c)
1093 5336 1239 5393 Rescribit
1254 5335 1362 5391 Victor.
1380 5335 1518 5403 docentes,
1534 5336 1716 5420 alteramque
1734 5345 1760 5394 ei
1786 5353 1835 5396 co·

120 5409 248 5465 Adrasos
263 5409 382 5468 nomine
398 5412 528 5468 diximus
543 5411 630 5485 paulo
646 5410 783 5483 superius
802 5411 832 5466 in
861 5417 953 5469 Amos
1009 5410 1109 5485 palam
1124 5408 1214 5465 verbo
1229 5407 1418 5480 praevalebunt
1432 5407 1585 5481 praeponit.
1596 5406 1676 5466 Nulli
1696 5409 1795 5471 umen
1819 5424 1836 5467 e

119 5497 189 5551 cap.
207 5498 249 5538 nr.
265 5485 318 5538 Pro
335 5484 366 5538 irs
379 5484 511 5555 mediam,
527 5483 660 5539 Martias.
675 5485 705 5536 in
719 5482 809 5539 medio
822 5483 953 5540 retinuit.
1008 5481 1130 5546 nostris,
1147 5495 1243 5552 noque
1258 5495 1293 5535 ex
1307 5476 1354 5544 iis,
1370 5476 1483 5551 opinor,
1500 5495 1575 5553 quoe
1603 5479 1836 5557 ipseeonsuluit,

158 5552 198 5682 (al)
222 5553 269 5609 Sic
263 5570 362 5682 magite.
394 5559 423 5612 st
450 5554 581 5622 Grecos,
612 5546 786 5628 άναὸᾐσεται.
816 5553 953 5623 Martian,
1010 5571 1084 5610 mss.
1102 5550 1218 5609 codices
1232 5550 1441 5633 suffragantur.

123 5639 155 5680 m
188 5639 264 5682 easc
343 5668 349 5681 .
