3818 6104
102 215 189 276 963·
722 218 753 279 S.
779 214 934 280 adsultu
958 211 1182 278 lllEllONYMI
1746 214 1794 278 bbl

101 345 244 402 ascendent
257 361 339 418 super
349 361 455 413 muros,
470 351 495 402 et
505 350 691 420 unusquisque
705 351 736 406 in
746 352 792 405 viu
805 368 856 404 cue
866 368 923 404 ιιιιι-
937 359 965 417 Α
981 348 1148 404 sublimitas
1164 348 1307 420 impetum
1322 346 1439 405 fortium
1456 345 1616 421 prohibere
1629 360 1691 401 non
1704 344 1793 418 valed,

103 435 217 503 babebit,
233 438 259 489 et
273 449 327 490 nori
341 434 549 491 declinabuntu
572 439 675 493 sarcitis
693 439 760 507 suis,
785 439 891 509 sinquli
910 454 927 492 u
982 441 1010 492 et
1021 453 1208 509 nequaquam
1221 454 1270 508 per
1281 443 1388 509 portas,
1401 439 1450 492 sod
1466 453 1517 509 per
1527 451 1634 491 inuros
1644 433 1794 507 ingredian-

101 526 226 593 proeimo
241 539 289 579 suo
299 540 357 577 non
368 524 501 591 recedent,
518 529 660 596 oqqrcvuti
671 529 758 582 omnic
769 530 826 582 suis
837 524 926 592 ibisci,
981 531 1047 582 tur:
1064 525 1188 596 Singulis
1203 528 1232 581 in
1247 529 1298 582 viis
1311 529 1368 582 suis
1381 525 1554 597 erudientur,
1577 534 1604 579 et
1618 539 1679 578 acu
1693 523 1795 580 debu·

101 616 128 668 et
143 615 174 668 in
183 612 286 684 jaculis
300 613 358 667 auis
371 612 477 683 cudent,
493 620 519 669 et
533 631 586 669 non
609 619 812 681 consumentur,
833 616 928 671 urbem
983 616 1048 670 baut
1059 616 1190 671 uaemitis
1200 618 1267 670 suis.
1277 616 1335 671 Hoc
1348 615 1479 688 nuperin
1488 615 1545 670 hac
1559 611 1714 685 provincia
1723 614 1795 684 (clu-

100 701 312 773 upprebendent,
324 704 350 756 ct
360 717 441 773 super
451 719 542 758 muros
553 703 708 759 decurrent
723 721 728 760 :
743 720 828 774 scepei·
838 704 929 760 atomos
983 704 1091 760 dimus.
1108 704 1180 759 Cum
1196 705 1275 760 enim
1290 703 1468 760 locustarum
1485 702 1610 776 agmina
1628 700 1795 767 venirentet

99 787 345 859 uaoendcnt,etper
356 790 491 859 fenestras
502 792 644 846 irdrebuut
654 796 723 847 secret
733 794 844 863 [ureae
855 793 930 865 [acte
982 809 1079 849 samm
1102 794 1152 864 qui
1177 795 1253 849 inter
1275 793 1377 848 colum
1393 798 1423 848 et
1434 798 1546 848 terram
1562 796 1610 846 est
1626 795 1793 861 occuparent

95 879 153 949 ejus
167 879 357 948 confundetur
371 879 458 945 terra,
473 886 499 934 et
511 881 721 936 commovebitur
731 882 840 946 coelum,
852 882 892 936 sol
904 896 931 968 ‘t
981 884 1063 936 tanto
1078 882 1179 937 ordino
1194 898 1228 937 ex
1243 882 1432 953 dispositione
1450 879 1589 951 jubentis
1610 877 1667 934 Dei
1683 879 1794 946 volitant,

96 969 164 1021 lena
173 966 454 1038 contenebrabuntur,
465 975 489 1022 et
496 969 585 1025 stelle
595 972 720 1040 auferent
731 972 824 1026 ticinen
832 986 928 1058 suem,
983 974 1015 1024 ut
1030 970 1124 1024 instar
1138 969 1345 1025 tesserularum
1362 985 1425 1038 quae
1441 969 1470 1023 in
1485 966 1675 1042 pavimentis
1687 965 1796 1022 artificiis

97 1059 123 1113 ct
138 1057 267 1111 Dominus
281 1054 357 1110 dubit
372 1072 577 1113 uocemcuamu
585 1061 657 1129 tocie
669 1061 843 1130 fortitudinis
856 1072 928 1139 sese,
983 1058 1115 1130 figuntur
1129 1075 1230 1124 manu,
1246 1075 1332 1113 suum
1349 1058 1443 1112 locum
1459 1061 1591 1125 teneant,
1610 1059 1644 1111 et
1659 1071 1697 1110 ne
1711 1062 1799 1126 puncto

97 1147 228 1216 quoniam
242 1145 329 1199 multa
342 1150 407 1199 sunt
422 1148 687 1220 nimbosumque,
702 1151 832 1219 quoniam
842 1149 928 1220 tertie
982 1147 1112 1219 quidem,
1122 1152 1160 1214 et,
1169 1153 1202 1203 ut
1211 1147 1366 1215 iudicem,
1376 1150 1663 1218 unguetransverso
1674 1142 1801 1200 declinent

96 1249 183 1306 opero
196 1248 352 1288 sermonum
367 1233 455 1300 illius,
472 1237 645 1306 quiausapne
656 1238 714 1293 dies
730 1238 852 1307 flumini,
866 1253 928 1292 rna·
982 1237 1018 1290 ad
1034 1236 1166 1292 alteram.
1184 1242 1217 1291 ut
1232 1239 1264 1289 ut
1279 1240 1407 1306 apertam
1424 1235 1533 1290 faceret
1550 1232 1767 1305 metaphoram,
1780 1237 1802 1288 cl

96 1338 151 1392 qna
166 1330 192 1376 et
208 1322 326 1376 illustris
340 1323 435 1392 raimis,
461 1332 487 1378 et
501 1326 562 1394 quis
578 1327 632 1380 erit
646 1327 787 1397 sufficiens
800 1327 836 1381 ccl
849 1332 929 1383 eam?
981 1340 1031 1393 per
1043 1328 1187 1398 fenetras,
1212 1326 1263 1394 ait,
1278 1324 1385 1390 cadent,
1408 1328 1433 1379 et
1447 1340 1502 1380 noo
1516 1323 1725 1378 demolientur.
1737 1320 1802 1377 Nihil

99 1412 227 1467 Rursum
244 1425 295 1482 per
310 1410 511 1483 metaphoram
532 1411 724 1480 locustarum,
751 1415 928 1471 describitur
981 1415 1057 1469 enirn
1075 1412 1197 1469 locustis
1211 1413 1322 1469 invium
1338 1418 1392 1481 est,
1409 1428 1476 1468 cum
1492 1416 1522 1468 et
1538 1427 1646 1484 agros,
1663 1414 1803 1481 sisamoi

96 1501 224 1572 impetus
239 1498 452 1567 chaldeorum,
478 1505 506 1556 et
524 1503 647 1572 jubetur
662 1503 818 1576 propheta,
836 1505 926 1560 immo
981 1503 1110 1570 arbores,
1127 1508 1155 1559 st
1169 1504 1266 1568 urbes,
1283 1506 1311 1557 et
1325 1502 1437 1569 domos,
1460 1505 1489 1556 et
1508 1500 1588 1556 182
1609 1499 1802 1556 cubiculomm

48 1643 50 1647 .
97 1605 148 1662 per
158 1589 329 1662 prophetam
341 1589 478 1645 omnihus
488 1590 536 1661 qui
550 1597 674 1662 possunt
684 1592 734 1647 Dei
748 1593 850 1650 audire
862 1611 923 1650 sor·
980 1597 1092 1648 secreta
1106 1596 1267 1664 penetrent.
1286 1593 1342 1647 lloc
1354 1595 1451 1645 autem
1463 1590 1497 1644 ds
1512 1587 1648 1644 locustis
1658 1587 1814 1654 dicitur,ut>

96 1694 223 1744 monem,
242 1681 273 1732 ut
288 1678 373 1749 quasi
389 1679 459 1734 tuba
474 1678 599 1734 exaltent
613 1697 711 1736 vocem
728 1699 824 1750 suam,
848 1689 877 1740 et
893 1684 923 1738 in
980 1682 1016 1736 de
1031 1681 1165 1737 hostibus
1180 1679 1370 1752 intelligatur.
1395 1679 1537 1750 Quodque
1553 1695 1614 1734 nos
1630 1677 1801 1751 interpretati

96 1766 164 1823 Sion
181 1766 348 1839 praedicent,
374 1770 402 1821 ct
417 1766 556 1838 clangant
572 1768 601 1822 in
617 1775 715 1824 monte
731 1776 831 1826 sancto
846 1773 923 1842 ejus,
938 1729 962 1795 B
979 1787 1083 1824 sumus
1095 1785 1142 1840 per
1151 1769 1400 1840 fenestruocudeut,
1413 1774 1440 1823 et
1454 1783 1512 1822 non
1527 1766 1733 1838 demolientur,
1744 1765 1800 1822 tn

25 1926 29 1931 ,
96 1861 128 1911 ut
143 1856 178 1910 ad
194 1855 348 1927 strepitum
363 1855 500 1911 clamoris
510 1860 539 1912 et
554 1858 682 1913 buccinas
693 1859 791 1916 omnis
806 1859 924 1917 Jerusa-
978 1857 1201 1928 transtulerunt,
1214 1859 1356 1928 approbati
1369 1859 1400 1911 in
1410 1857 1496 1910 annu
1506 1857 1566 1910 suis
1577 1856 1679 1927 ibunt,
1695 1855 1800 1927 dispe

95 1945 152 2001 lem
163 1943 288 2016 populus
300 1945 515 2001 contremiscat.
527 1945 669 2018 Cumque,
684 1949 734 2016 ait,
748 1948 924 2029 cecineritis,
978 1947 1574 2003 culissuiacodentetuonconrumcntur:
1607 1944 1800 2016 quodnsqaa·

95 2036 151 2092 hoc
162 2033 248 2089 dicite
259 2051 265 2089 :
278 2033 466 2106 Nequaquam
479 2035 541 2090 dies
553 2037 667 2092 Domini
679 2036 922 2101 ultradilleretur‚
979 2053 1068 2108 quam
1084 2037 1156 2092 mihi
1170 2036 1285 2091 videtur
1305 2033 1492 2107 expositionis
1518 2033 1626 2088 ordini
1651 2035 1798 2104 convenire,

94 2122 124 2177 id
139 2126 194 2189 est,
219 2122 281 2177 dies
305 2122 426 2178 ultionis
450 2127 536 2194 atque
560 2125 712 2194 vindicta3
730 2127 812 2183 adest
827 2128 923 2185 vicina
978 2126 1029 2181 sed
1042 2126 1070 2179 in
1081 2142 1114 2180 eo
1129 2140 1257 2180 errorem
1270 2141 1332 2179 esse
1345 2127 1529 2195 generatum,
1546 2121 1628 2194 quia
1644 2137 1710 2177 sau
1722 2108 1798 2193 (aba)

95 2212 258 2283 captivitas,
270 2212 333 2282 jam
345 2212 380 2266 de
392 2228 445 2266 suo
456 2210 519 2268 loco
530 2213 755 2286 Babyloniorum
766 2224 810 2273 est
822 2233 921 2289 egres·
976 2215 1097 2271 verbum
1117 2213 1298 2282 llehraicum,
1314 2211 1364 2266 illa
1373 2212 1478 2283 jacilla,
1496 2227 1554 2267 nos
1568 2210 1797 2283 seriestcusintol-

96 2318 146 2358 sus
160 2300 314 2365 exercitus,
331 2317 420 2372 prope
435 2307 479 2356 est
494 2301 555 2357 dies
570 2304 769 2370 tenebrarum,
784 2311 813 2362 et
828 2323 920 2378 angu·
975 2303 1110 2359 leximus.
1122 2303 1278 2373 Servatque
1291 2305 1410 2372 creptam
1425 2298 1649 2365 narrationem,
1666 2303 1752 2356 uteua
1763 2299 1803 2375 di·⁴

94 2391 167 2458 stiae,
180 2390 242 2444 dies
252 2389 386 2461 caliginis
396 2397 423 2444 et
433 2391 521 2446 nubis
531 2395 560 2446 et
573 2393 706 2460 turbinis,
718 2394 747 2449 in
769 2411 827 2466 qua
840 2397 920 2451 aufe·
975 2400 1021 2449 cat
1035 2394 1136 2448 urbem
1153 2390 1275 2463 ingredi,
1293 2390 1322 2443 in
1340 2388 1431 2443 muris
1446 2388 1635 2458 discurrere,
1652 2387 1793 2459 domosque
1821 2378 1823 2385 '

95 2484 176 2534 retur
189 2479 289 2534 lumen
305 2495 390 2534 omne
407 2479 514 2534 lutitiae
533 2480 586 2549 [Ab
606 2481 755 2553 justitiul,
772 2489 800 2539 et
814 2489 921 2541 cuncta
974 2482 1178 2547 conscendere,
1195 2485 1223 2535 et
1237 2496 1289 2551 per
1303 2479 1446 2533 fenestras
1469 2477 1587 2533 intrare
1611 2476 1700 2550 quasi
1720 2477 1790 2545 fura,

95 2567 442 2639 tenebrieopprimentur.
454 2569 546 2636 Sicut,
558 2569 664 2641 inquit,
674 2588 760 2627 mane
771 2576 799 2626 et
808 2571 920 2630 dilucu·
975 2589 1032 2627 nou
1043 2571 1119 2643 quod
1132 2570 1228 2624 furum
1241 2569 1374 2624 timorem
1384 2567 1513 2622 habeant
1522 2566 1578 2638 qui
1586 2565 1714 2622 victores
1723 2569 1788 2632 sant;

93 2657 156 2712 lum
168 2656 265 2712 subito
277 2657 413 2713 tenebras
424 2658 680 2731 fugat,etcunctos
690 2665 803 2716 montes
814 2678 920 2718 aurora
974 2662 1024 2717 sed
1041 2666 1073 2715 ut
1088 2661 1166 2715 fures
1181 2659 1275 2714 solent
1285 2656 1397 2726 ingredi
1413 2672 1463 2727 per
1478 2656 1644 2726 fenestras,
1659 2653 1787 2711 cloccults

95 2745 264 2801 collustrat:
281 2746 323 2800 ita
336 2746 560 2819 babyloniorum
578 2765 667 2820 super
681 2766 797 2805 omnem
811 2754 918 2807 terram
974 2767 1085 2823 rapere,
1101 2749 1143 2804 sic
1159 2747 1210 2815 illi,
1227 2746 1334 2802 clausis
1345 2745 1457 2815 januis,
1473 2760 1511 2798 ne
1523 2743 1589 2800 ulla
1600 2744 1740 2809 sitmora,
1751 2758 1786 2815 pce

95 2839 221 2889 vestram
232 2835 844 2908 fundeturexercitus.Necputetisturham
856 2857 919 2897 esse
974 2840 1116 2895 fenestras
1131 2841 1192 2892 tota
1203 2832 1509 2904 irrumpentaudacia.
1527 2834 1547 2887 A
1565 2830 1785 2902 facieistiutufi
1821 2866 1823 2870 Α

96 2920 264 2992 invalidam,
281 2923 408 2996 populus
425 2924 495 2979 186
512 2924 754 2983 multusetfortis
766 2933 820 2999 est,
834 2930 916 3000 cujus
973 2932 1141 2984 locustarum
1155 2930 1228 2980 terre
1242 2925 1415 2989 contremuit,
1437 2926 1463 2976 et
1476 2922 1542 2976 coeli
1563 2925 1638 2978 moti
1652 2926 1722 2986 sunl,
1736 2934 1781 2992 qua
1820 2941 1823 2945 ⁴

96 3009 202 3067 similis
212 3027 265 3066 neo
275 3011 303 3066 iu
316 3011 470 3083 praeterito,
482 3030 534 3068 neo
544 3013 573 3069 in
585 3015 692 3084 futuro,
706 3014 766 3070 ulla
778 3033 849 3088 gens
862 3017 919 3073 alia
973 3017 1051 3071 diota
1064 3013 1247 3087 hyperbolice
1262 3012 1434 3080 sentiamus,
1452 3025 1511 3064 non
1524 3010 1610 3081 quod
1627 3009 1781 3066 locustam
1821 3013 1823 3064 ὲ

96 3099 201 3171 poterit
224 3100 367 3156 inveniri:
393 3101 535 3175 quidquid
560 3103 697 3174 attigerit,
723 3106 806 3176 quasi
831 3096 954 3163 vorant}
973 3111 1024 3160 aaut
1037 3105 1164 3159 hostium
1178 3106 1259 3156 tanta
1269 3099 1312 3154 vis
1323 3099 1372 3165 sit,
1386 3104 1417 3153 ut
1431 3099 1527 3170 possit
1537 3114 1662 3155 movere
1672 3097 1794 3163 coeloqcl.
1821 3147 1823 3152 ,

95 3189 215 3244 flamma
229 3193 391 3257 consumet,
409 3190 540 3263 nihilque
555 3198 620 3263 post
630 3209 661 3247 se
674 3193 820 3265 integrum
837 3195 919 3251 dere·
972 3195 1257 3256 terramcoacutere;
1272 3189 1321 3244 sed
1332 3189 1408 3260 quod
1418 3189 1543 3242 adversa
1553 3187 1780 3259 patientibusprt
1821 3191 1823 3242 i

96 3277 223 3350 linquet;
240 3279 324 3350 quasi
336 3278 437 3334 hortus
448 3285 476 3334 et
487 3280 639 3351 paradisus
653 3279 810 3353 voluptatis
823 3284 920 3340 omnis
971 3281 1090 3337 terroris
1106 3279 1319 3351 magnitudine,
1343 3280 1372 3332 et
1386 3274 1493 3331 coelum
1512 3291 1600 3330 ruere
1615 3280 1644 3331 et
1658 3279 1728 3330 terra
1741 3273 1779 3328 bu·
1822 3296 1823 3329 3

95 3371 172 3422 terra
187 3372 240 3434 est,
257 3384 346 3439 quam
357 3385 414 3423 non
423 3369 567 3440 tetigerit:
584 3371 668 3441 quusi
683 3370 811 3428 solitudo
826 3377 855 3427 et
869 3372 918 3428 de·
972 3376 1071 3426 ctuare
1085 3369 1228 3424 videatur.
1245 3365 1374 3436 Denique
1389 3381 1446 3435 pra·
1463 3363 1664 3420 multitudine
1676 3363 1780 3418 locust·

95 3460 218 3521 sertum,
233 3457 376 3528 quidquid
401 3457 490 3513 fuerit
513 3458 706 3529 depredatus,
732 3476 825 3532 neque
842 3461 920 3519 ullus
973 3476 1038 3515 rum
1049 3457 1247 3513 obtexentium
1257 3453 1372 3519 caelum,
1385 3451 1428 3509 sol
1440 3452 1550 3508 etluna
1562 3450 1780 3509 convertenturiu

96 3545 203 3616 poterit
217 3544 338 3600 inveniri
354 3546 403 3617 qui
420 3545 499 3601 illius
513 3545 633 3618 effugiat
648 3564 764 3604 manus.
776 3555 920 3623 aspectus
972 3550 1117 3612 tenebras,
1125 3556 1153 3601 et
1162 3540 1614 3613 stellceretrahentsplendorem
1622 3539 1779 3599 suumtdun

95 3650 197 3689 eorum
206 3634 437 3706 quasiferooium
450 3638 730 3708 equorum,etquasi
741 3640 853 3710 equites
862 3640 920 3696 huo
972 3637 1072 3693 lumen
1084 3637 1113 3690 in
1125 3635 1220 3691 medio
1231 3634 1324 3688 nubes
1336 3631 1430 3703 posita
1441 3629 1678 3697 locustarum,ad
1688 3634 1778 3683 terram

95 3722 223 3794 illucque
248 3723 424 3779 discurrent.
452 3724 513 3780 Non
534 3742 591 3795 quo
606 3725 756 3797 Babylonii
771 3730 919 3798 equitibus
973 3744 1030 3782 noo
1047 3726 1119 3782 sinit
1133 3738 1291 3796 pervenire.
1312 3721 1455 3777 Dominus
1469 3736 1596 3791 quoque
1611 3719 1780 3776 dabiteooeu

96 3816 318 3884 comparentem
344 3813 393 3868 sed
419 3829 477 3884 quo
498 3812 616 3869 locustae
631 3830 682 3885 per
697 3816 918 3874 translationem
973 3813 1318 3871 suamantefaciemtam
1329 3809 1454 3883 potentis
1465 3803 1780 3880 exereitus,quiamults

95 3901 224 3956 hostium
236 3901 320 3973 quasi
331 3901 444 3973 equites
454 3901 590 3957 dicantur
599 3903 657 3958 huc
667 3903 795 3977 illucque
805 3906 918 3962 discur·
973 3904 1261 3973 sunteastraejus,ct
1270 3897 1570 3972 magnitudovirtutis
1579 3890 1781 3968 itliusinpuiii

95 4005 178 4045 rere:
196 3988 400 4056 scabionibus,
417 3989 917 4066 inquit,quadriqururnetcurruum‚
978 4010 1093 4066 quoque
1121 3990 1322 4047 animantibus
1351 3988 1585 4043 demonstratur.
1615 3985 1682 4042 Haec
1708 3987 1783 4039 aum

94 4080 135 4133 sie
148 4081 203 4133 erit
217 4080 322 4134 sonitus
341 4079 517 4133 locustarum.
543 4080 633 4149 Super
656 4080 749 4152 capita
775 4084 919 4140 montium
981 4084 1075 4140 multa
1088 4087 1193 4146 castra,
1211 4075 1474 4134 etinnumerabilia
1488 4069 1785 4139 fortiaeuntnimialt

95 4165 278 4234 exsilient‚ut
288 4166 387 4222 omnia
397 4163 511 4220 excelsa
520 4168 717 4225 conscendant
728 4188 734 4237 ;
746 4176 775 4226 et
786 4171 862 4227 sicut
871 4172 920 4228 sti·
980 4172 1115 4228 facientia
1125 4169 1246 4225 verbum
1258 4167 1348 4223 illius,
1357 4165 1505 4231 Ouodicto
1518 4156 1785 4234 ostenditurbabfa

96 4254 195 4326 pulum
210 4256 268 4310 cito
282 4255 402 4310 flamma
416 4255 572 4320 consumit,
599 4257 638 4311 ita
654 4258 768 4315 sonitus
783 4264 811 4316 et
826 4265 920 4318 terror
980 4261 1044 4317 aios
1057 4259 1106 4315 Dei
1123 4256 1271 4313 voluntate
1285 4259 1431 4318 venturos,
1447 4258 1477 4308 et
1491 4252 1576 4308 illius
1595 4251 1720 4325 imperio
1733 4243 1785 4322 pili·

96 4344 174 4399 vocis
189 4360 290 4399 eorum
306 4348 411 4400 cuncta
428 4342 625 4415 populabitur.
651 4346 790 4420 Quodque
812 4349 917 4406 infert:
979 4355 1071 4405 turos.
1088 4349 1200 4417 bfaqnus
1215 4344 1374 4414 celinquit,
1391 4345 1450 4398 dies
1465 4344 1594 4409 Domini,
1610 4358 1666 4414 quc
1680 4332 1787 4413 cupid

99 4434 175 4489 Velut
187 4433 306 4505 populus
319 4435 399 4505 sortia
413 4437 586 4504 preparatus
600 4435 635 4489 ad
649 4439 789 4508 prelium,
799 4456 917 4496 rursum
935 4467 959 4531 D
975 4437 1188 4501 eallerusolem,
1202 4438 1229 4490 el
1242 4433 1320 4488 uelde
1330 4432 1472 4498 terribilis,
1488 4438 1515 4487 et
1524 4432 1627 4487 nullus
1637 4447 1703 4487 eum
1711 4424 1785 4502 petel

96 4521 132 4576 ad
148 4521 278 4577 locustas
293 4521 389 4592 refert,
416 4527 519 4578 utnon
536 4524 620 4594 quasi
642 4526 677 4580 de
696 4525 842 4594 hostibus,
868 4530 919 4585 sed
976 4529 1120 4594 sustinere,
1145 4530 1174 4580 et
1188 4525 1224 4578 de
1239 4522 1410 4578 necessitate
1424 4520 1613 4591 captivitatis
1640 4522 1694 4576 aut
1714 4509 1786 4574 mot*

97 4611 181 4681 quasi
192 4610 228 4666 de
238 4610 359 4666 locustis
370 4610 475 4667 referre
485 4611 635 4681 videatur;
651 4620 678 4670 ct
688 4617 869 4673 tameadum
880 4618 921 4675 lo·
977 4618 1109 4675 evadere.
1134 4614 1272 4669 lunatam
1295 4618 1324 4665 et
1347 4609 1542 4666 coherentem
1573 4608 1634 4665 sibi
1662 4607 1788 4681 pericopa

97 4702 195 4754 castas
210 4698 347 4770 legimus,
363 4693 536 4771 Babylonios
551 4703 722 4774 cogitemus.
740 4705 852 4760 'fantus
866 4711 922 4762 ter·
977 4708 1104 4762 dividere
1128 4700 1219 4767 nolui,
1236 4699 1364 4771 nequod
1380 4714 1467 4754 sensu
1487 4714 1584 4753 unum
1601 4703 1681 4768 erat,
1695 4687 1787 4754 diver&

98 4804 147 4842 ror
160 4787 225 4852 erit,
243 4792 275 4842 ut
286 4803 388 4843 omnes
399 4783 450 4860 per
460 4790 615 4846 circuitum
628 4792 769 4861 nationes,
786 4800 813 4850 et
825 4794 923 4852 animo
978 4794 1116 4868 capitulis
1132 4793 1309 4864 carperetur.
1326 4788 1523 4844 Transeamus
1535 4787 1574 4842 ad
1587 4782 1786 4860 intelligenti!

98 4882 127 4932 et
145 4893 264 4948 corpore
279 4876 511 4948 perhorrescant,
528 4879 619 4934 immo
630 4881 815 4939 crucientur:
833 4889 862 4940 et
873 4902 922 4958 pa·
978 4883 1173 4956 spiritualem,
1190 4878 1307 4952 singula
1321 4893 1444 4950 quaque
1463 4879 1649 4947 repetentes.
1666 4876 1785 4931 Tabam

98 4965 174 5022 voris
190 4966 402 5039 magnitudine,
417 4967 516 5024 vultus
527 4968 659 5024 omnium
671 4969 699 5025 in
711 4970 773 5026 ollae
785 4972 922 5030 similitu·
978 4974 1227 5042 buccinarumque
1243 4968 1408 5040 clangorem
1425 4981 1483 5020 non
1495 4963 1598 5021 solum
1609 4966 1642 5021 in
1656 4953 1786 5022 Levitioctl

98 5056 197 5111 dinam
214 5062 428 5129 convertantur,
445 5075 509 5130 quae
526 5059 591 5131 igne
607 5060 769 5130 combusta,
794 5061 924 5134 nigredi-
978 5064 1172 5118 Numerorum
1187 5057 1398 5129 librolegimus
1410 5056 1501 5126 (Νιιιιι.
1514 5054 1556 5124 x),
1569 5053 1601 5109 in
1614 5046 1786 5127 quihusjue

99 5161 166 5201 uem
175 5149 204 5201 et
211 5146 364 5218 fuliginem
373 5147 441 5203 foedi
449 5152 593 5204 monstret
603 5153 747 5221 aspectus.
755 5151 923 5220 discurreret,
978 5158 1036 5219 tur,
1045 5154 1077 5204 ut
1088 5150 1161 5204 duas
1172 5151 1324 5219 argenteas
1332 5147 1418 5199 tubas
1429 5142 1517 5198 faeiat
1527 5142 1663 5217 Moyses,
1671 5133 1787 5216 quibust

98 5234 299 5334 inquithuosi
310 5238 366 5291 ciri
373 5239 466 5308 fores,
477 5237 556 5293 haud
571 5236 692 5293 dubium
705 5240 775 5310 quin
787 5239 922 5299 locustas:
977 5241 1009 5296 in
1022 5237 1165 5302 kalendis,
1177 5242 1206 5292 et
1216 5236 1245 5290 ia
1258 5235 1383 5306 septimo
1394 5248 1506 5297 mense,
1520 5232 1623 5304 prima
1634 5232 1684 5288 die
1696 5219 1786 5288 measti

98 5329 123 5378 et
133 5338 213 5396 quusi
223 5325 278 5379 oiri
287 5325 431 5381 bellatores
443 5326 716 5395 useecdentmurum,
728 5333 761 5383 ut
772 5345 924 5388 murorum
978 5338 1007 5387 et
1021 5330 1050 5384 in
1063 5326 1193 5399 jubileo,
1208 5331 1236 5380 et
1251 5325 1279 5378 in
1301 5321 1376 5377 ¹88
1400 5320 1513 5378 oaeteris
1537 5320 1754 5381 festivitatibus
1768 5308 1788 5364 ⁸²

135 5588 599 5670 (olllostrimasoudivimuc'fum
607 5596 1163 5683 procontrcntetoccupcreut,Victorius
1178 5592 1328 5655 Florentia
1337 5592 1552 5653 coddveuerint
1563 5595 1595 5650 et
1604 5586 1763 5668 occuparint·
1821 5662 1823 5715 Ι
