3818 6104
97 223 161 289 lot
410 220 787 293 codnbntaatoltuit
809 227 849 287 llf
870 218 1122 287 meministin
1143 223 1218 286 blB.
1241 220 1497 300 1v,cn1>.xv1.
1744 216 1808 289 m

99 373 161 415 acu
178 372 243 430 quo
255 354 317 416 niis
329 359 419 432 atque
430 359 491 417 alia
503 359 672 419 substantia
685 360 743 428 sit;
759 356 929 430 sedquodi·
939 355 971 424 A
984 355 1084 425 (cata.
1099 355 1149 427 ιν),
1172 359 1266 412 meter
1289 359 1389 413 nostra
1406 359 1475 425 est;
1498 358 1592 413 mater
1612 356 1714 414 sutem
1735 370 1804 414 nos·

96 446 206 519 versis,
221 446 329 505 simile
349 447 499 517 cimeliis,
519 453 548 506 ct
562 447 619 506 olei
635 447 816 513 nominibus,
834 447 929 503 Petris
984 448 1030 501 tra
1047 443 1175 501 Ecclesia
1194 449 1260 502 est:
1285 448 1498 517 consequenter
1518 445 1680 502 Jerusalem
1702 445 1804 504 liccle·

97 538 125 591 at
139 533 210 591 Filii
220 541 255 592 ct
270 535 399 609 Spiritus
417 537 512 593 sancti
526 553 586 594 una
600 536 722 594 dulcedo
737 540 927 593 monstretur.
982 533 1028 590 sia
1041 539 1094 605 est,
1118 537 1211 589 meter
1226 532 1441 606 primitivorum
1462 533 1515 606 qui
1534 534 1673 606 descripti
1687 538 1758 591 sunt
1772 534 1803 594 in

96 622 129 679 lie
147 623 208 680 boo
227 623 536 693 animaduertendum,
558 625 637 697 quod
652 624 681 681 in
698 625 800 682 multis
815 624 928 682 sacriti-
982 622 1073 679 coelis.

97 710 148 768 niis
159 711 423 781 otfcratnrsimila,
438 712 569 770 medulla
579 713 721 771 frumenti
733 718 821 786 atquo
831 712 927 786 puris-
1017 709 1110 781 (Vara.
1126 710 1183 782 11.)
1204 711 1238 766 lit
1254 725 1392 782 morarum
1409 713 1450 766 eat
1461 724 1561 767 cornert
1575 718 1653 767 tuam
1668 712 1699 767 fn
1712 714 1805 783 peritos

95 799 185 881 uma,
200 801 462 875 dequosoriptum
478 806 541 859 est:
558 804 591 859 Et
604 803 636 859 de
650 802 927 875 adipci'ramentisn·
978 807 1090 871 propter
1113 801 1230 871 speciem
1250 803 1338 870 tuom,
1361 801 1429 871 quio
1446 801 1567 872 perfecto
1587 814 1649 856 eros
1667 801 1699 855 in
1711 800 1806 858 decora

94 889 259 954 tarcoiteos
271 890 329 962 (Pe.
341 907 425 962 cxxx,
442 891 486 963 17)
500 909 507 947 :
523 907 582 947 non
592 892 629 946 de
642 890 761 961 hordeo,
777 907 831 947 noc
843 891 879 947 de
888 891 928 946 fa·
980 903 1039 944 meo
1053 903 1133 959 quem
1146 889 1226 960 posui
1239 905 1324 960 saper
1338 892 1375 956 fo,
1389 888 1457 945 dicit
1468 889 1603 945 Donsinor
1616 893 1702 946 Deris.
1720 889 1803 948 iiix:

95 981 172 1053 rina,
184 995 252 1052 qaae
262 982 331 1035 tunc
339 977 438 1036 solum
448 979 580 1050 offertur,
589 981 708 1052 quando
719 980 844 1036 maritus
854 979 927 1036 zelo·
980 977 1013 1031 Et
1022 978 1110 1033 exirit
1119 992 1219 1033 nomon
1228 985 1305 1033 ioum
1314 979 1442 1049 inperitos
1452 979 1576 1050 inspecto
1584 986 1646 1037 too:
1658 984 1724 1054 quio
1733 999 1805 1042 corii·

94 1067 184 1141 typica
203 1067 309 1140 spiritu
329 1072 540 1124 commovetur.
570 1067 603 1124 ln
622 1068 760 1124 iudicum
779 1066 927 1124 volumine
977 1066 1084 1136 pletum
1100 1073 1160 1122 orat
1174 1067 1425 1138 inpolcbritadinc
1439 1082 1522 1138 qaum
1534 1071 1616 1139 posui
1629 1070 1708 1127 noo
1721 1083 1805 1146 snper

93 1155 250 1234 licitorum
272 1155 403 1230 legimus
427 1155 529 1229 (lodic.
556 1156 606 1228 ιν),
630 1172 695 1228 que
719 1157 927 1228 interpretatur
980 1153 1317 1224 radiorbomfnosbcos.
1332 1155 1805 1219 Haeclocummnnifusaiesintcr«

93 1246 163 1312 opas,
177 1244 270 1316 cujus
284 1243 443 1318 prophetia
456 1245 510 1316 [dt.
527 1244 695 1316 prophetie]
713 1245 801 1303 mella
814 1245 925 1301 dulcis·
979 1246 1112 1314 pretatus
1129 1247 1175 1299 cst
1193 1244 1413 1316 Symmachus:
1436 1246 1467 1301 Et
1488 1260 1625 1317 eqrosmsn
1645 1253 1805 1307 ostroinos

94 1333 269 1402 aimasunt,
290 1336 321 1391 ct
340 1333 466 1390 refertur
486 1334 522 1389 ad
539 1333 682 1405 Spiritum
704 1339 851 1405 sanctum,
874 1332 925 1405 qui
979 1338 1058 1387 taum
1073 1334 1101 1387 in
1117 1336 1221 1406 pentes,
1238 1332 1472 1405 quodpertorium
1486 1339 1546 1390 erat
1557 1343 1672 1408 propter
1685 1337 1805 1410 diqrritc·

95 1419 923 1495 apndllebrseosappellaturgenerefemininonunitttn).
978 1423 1033 1476 iem
1053 1436 1153 1492 mom,
1174 1437 1418 1493 quamposocrom
1435 1426 1571 1495 superte,
1591 1425 1658 1481 dicit
1670 1427 1804 1486 boninus

94 1510 122 1587 ln
140 1509 306 1589 Evangelio
327 1526 446 1584 quoquc
465 1510 665 1581 llebraeorum,
690 1513 767 1584 quod
791 1510 926 1567 lectitent
977 1511 1057 1566 Dour.
1080 1511 1114 1566 Et
1129 1514 1174 1567 cst
1188 1526 1311 1567 sensus:
1328 1510 1401 1567 Meis
1415 1511 1696 1585 beneficiismeeque
1709 1515 1803 1574 inore·

93 1597 221 1655 Nmrai
239 1598 293 1671 (o),
309 1596 444 1656 Salvator
457 1597 609 1654 inducitur
622 1598 765 1672 loquens:
782 1599 867 1656 Modo
880 1614 924 1656 nae
978 1598 1061 1653 dibili
1077 1598 1211 1672 largitate
1223 1600 1259 1655 ad
1273 1599 1381 1672 regina
1390 1599 1567 1657 vocabulum
1581 1602 1748 1674 pervenisti,
1761 1604 1804 1663 ita

93 1688 215 1760 cripuit
228 1689 320 1743 mator
333 1703 404 1756 meo,
424 1688 548 1757 Spurius
562 1695 682 1744 soricius.
707 1687 796 1744 Porro
812 1687 923 1758 simila,

94 1791 153 1847 que
167 1775 207 1833 ds
221 1775 375 1833 frumento
388 1776 552 1843 coniicitur,
568 1776 695 1833 refertur
705 1776 740 1832 ad
752 1776 922 1846 Dominum,

94 1864 138 1936 qui
153 1864 190 1921 de
205 1864 372 1937 semetipso
386 1864 436 1921 ait.
462 1866 523 1922 lfisi
541 1881 660 1938 pronum
677 1866 767 1922 tritici
786 1865 922 1932 eciderit,

93 1956 114 2007 rt
128 1954 159 2009 in
173 1956 256 2011 terro
271 1961 415 2010 niortaam
428 1955 525 2026 faerit
542 1955 633 2026 ipsam
646 1956 737 2012 solam
750 1959 852 2012 monet.
873 1955 924 2011 Sin

93 2050 178 2100 catera
194 2045 342 2099 mortuam
353 2045 451 2114 faeni,
468 2043 588 2099 maltum
600 2046 724 2116 [rodum
733 2045 815 2116 offert
829 2047 921 2114 floron.

93 2147 140 2198 111,
160 2130 223 2205 21).
248 2129 356 2188 Oleum
370 2147 447 2204 vero,
470 2132 549 2203 quod
571 2130 717 2190 lassorum
736 2133 814 2190 noc
830 2149 923 2189 mem·

94 2219 308 2277 insustentat
318 2222 347 2275 et
358 2219 460 2288 reficit,
472 2225 501 2276 et
509 2225 554 2278 cst
566 2219 686 2278 luminis
698 2221 923 2293 nutrimentum,

95 2311 122 2378 ct
135 2323 196 2380 quo
209 2307 243 2364 in
256 2305 448 2365 tabernaculo
463 2309 515 2364 Dei
533 2309 606 2382 juge
619 2307 744 2366 lucerne
761 2309 860 2366 lumen
876 2326 924 2366 ac·

96 2394 246 2464 tenditur,
255 2395 334 2452 Patri
344 2395 453 2453 dicitur
464 2396 628 2453 conuenire.
645 2397 714 2461 Quae
724 2398 824 2454 omnia
834 2414 923 2454 unam

97 2483 289 2543 credentibus
301 2485 432 2542 tribuunt
441 2485 577 2558 gratiam,
590 2485 849 2559 dicentenpostolo
859 2503 865 2543 :
877 2487 925 2544 lli·

95 2575 214 2630 oisfones
226 2581 290 2629 smil
299 2575 464 2644 mnarum,
477 2590 552 2630 anas
565 2577 657 2630 autem
670 2576 795 2646 spiritus,
811 2578 838 2631 et
851 2574 923 2631 divi·

97 2665 187 2719 tiones
202 2663 435 2719 ministeriortam
456 2679 527 2718 onas
540 2666 633 2719 autem
646 2663 787 2730 Dominus,
812 2671 838 2719 et
850 2662 924 2718 dioi-

96 2753 184 2809 nones
198 2752 406 2823 operationum,
421 2767 493 2807 anas
507 2758 598 2807 antem
611 2755 637 2807 et
648 2751 721 2809 item
731 2739 805 2809 'Deus
820 2752 844 2823 (1
862 2754 924 2809 Cor.

96 2857 142 2911 nu,
157 2841 185 2910 i,
204 2841 246 2912 5).
263 2839 321 2905 Oui
336 2839 426 2896 talem
441 2840 602 2897 comederit
616 2839 726 2907 cibum,
746 2845 775 2897 et
788 2841 844 2897 hoc
858 2840 924 2897 dul·

96 2929 226 2998 sissimo,
242 2934 272 2986 et
288 2927 465 2985 suavissimo
479 2944 553 2999 pane
568 2927 682 2992 oleique
696 2928 852 3001 splendore
868 2929 924 2985 iul·

980 1687 1804 1765 utdcteomniumgentiumsermoloqueretur,et(b)es·

975 1792 1024 1832 scs
1039 1792 1096 1832 non
1108 1775 1167 1833 tuis
1177 1777 1290 1833 meritis
1299 1781 1387 1850 atque
1399 1778 1567 1852 virtutibus,
1583 1779 1633 1836 sed
1649 1796 1715 1837 mea
1727 1779 1801 1839 libes

977 1863 1093 1920 nolitote
1117 1864 1254 1937 perfecta.
1279 1865 1341 1920 Nisi
1363 1865 1441 1922 enim
1466 1866 1598 1924 bomiscos
1624 1867 1803 1939 edificaverit

977 1953 1099 2020 morum,
1121 1954 1150 2009 in
1172 1968 1276 2009 oenum
1297 1954 1490 2011 laboraverant
1509 1958 1557 2028 qai
1575 1956 1715 2027 edificant
1728 1973 1800 2015 eom.

977 2043 1040 2099 fiiri
1062 2042 1195 2098 Dominus
1215 2041 1377 2100 cadodierft
1400 2045 1548 2112 ciuitatem,
1572 2045 1681 2118 [rostro
1701 2046 1803 2117 oiqiiof

978 2132 1027 2202 qui
1039 2130 1155 2187 custodit
1169 2146 1229 2187 eom
1242 2131 1300 2203 (Pr.
1316 2146 1410 2200 cxxvi,
1427 2133 1453 2202 1,
1470 2132 1509 2205 2).
1526 2133 1580 2198 Qui
1595 2133 1709 2207 plantet
1722 2134 1802 2193 enim

978 2223 1007 2273 et
1022 2217 1072 2290 qui
1087 2218 1173 2291 rigat,
1188 2217 1261 2274 nihil
1278 2222 1332 2289 est,
1348 2219 1405 2276 nisi
1421 2219 1564 2277 Dominus
1579 2221 1691 2279 dederit
1704 2221 1802 2280 incre·

979 2311 1110 2363 mentum
1127 2307 1149 2378 (l
1164 2305 1224 2363 Cor.
1238 2308 1281 2378 ιιι)
1293 2325 1299 2376 ;
1315 2307 1451 2380 quianon
1460 2317 1500 2365 est
1512 2309 1628 2366 uobntis
1640 2326 1727 2382 neque
1738 2326 1802 2368 cur·

979 2397 1073 2462 reniti,
1088 2396 1136 2451 sod
1147 2397 1301 2452 miserentis
1309 2397 1359 2452 Dei
1370 2397 1458 2468 (Rom.
1471 2413 1509 2469 rx,
1522 2399 1585 2471 16);
1602 2401 1635 2454 ut
1645 2402 1802 2471 postquem

979 2482 1079 2541 omnia
1101 2483 1266 2554 fecerimus,
1292 2484 1446 2541 dicamus:
1467 2485 1546 2541 Sorof
1558 2487 1671 2543 inutiles
1684 2502 1802 2543 mmsis:

978 2587 1042 2646 qoae
1055 2573 1201 2629 debuimus
1215 2575 1318 2643 facore,
1339 2575 1456 2644 femmas
1476 2574 1553 2646 (tac.
1574 2591 1643 2642 xvii,
1659 2575 1714 2647 10).
1737 2574 1801 2632 Non

979 2679 1037 2734 quo
1052 2678 1087 2717 ex
1100 2661 1294 2717 beneficentia
1314 2661 1374 2729 uei,
1395 2659 1522 2718 liberum
1543 2661 1659 2718 bomini
1681 2656 1830 2720 tollatur'

979 2750 1145 2818 arbitrium,
1167 2750 1217 2806 sed
1233 2765 1290 2821 quo
1304 2750 1369 2822 ipse
1383 2748 1505 2806 libertas
1518 2750 1677 2808 Dominum
1692 2751 1802 2809 babere

979 2841 1084 2897 debeat
1097 2839 1272 2910 adjutorem.

1015 2928 1109 2999 (Vere.
1132 2928 1189 3000 15.)
1213 2930 1246 2984 nt
1267 2927 1368 2984 notens
1391 2928 1521 2989 fiduciam
1541 2931 1572 2985 in
1590 2928 1803 3001 pulchritudine

97 3022 178 3091 gente
193 3022 302 3091 pastus
311 3017 401 3073 fucrit
410 3033 444 3072 ac
455 3016 597 3085 nutritus,
611 3020 740 3073 vertetur
749 3018 778 3073 in
789 3019 923 3074 decorem
979 3029 1047 3076 tao:
1061 3019 1200 3089 immoto
1213 3033 1242 3073 os
1255 3019 1286 3073 in
1295 3019 1471 3086 nominetuo,
1488 3019 1674 3091 etexposofsti
1682 3021 1803 3091 fornico·

97 3110 124 3162 ct
136 3104 435 3180 tietpulcberrimua:
449 3121 506 3161 non
517 3104 618 3174 mmet,
627 3106 678 3162 scd
688 3106 818 3178 repetito,
827 3109 922 3181 nimis,
937 3087 960 3156 G
979 3107 1079 3164 donem
1094 3114 1169 3163 tuom
1182 3107 1259 3162 omni
1272 3108 1439 3174 transeunti,
1464 3109 1496 3161 ot
1508 3107 1567 3179 ejas
1581 3107 1669 3179 iores.
1685 3107 1802 3166 Grande

97 3195 190 3270 mmai.
214 3192 408 3268 Duplicatum
431 3193 509 3250 enim
530 3194 701 3251 adverbium
720 3196 836 3268 pondus
855 3197 925 3253 facit
979 3196 1148 3265 discrimen,
1166 3211 1224 3250 non
1239 3193 1270 3250 in
1285 3194 1335 3251 Dei
1350 3194 1515 3266 clementia,
1531 3196 1622 3253 sedin
1634 3197 1802 3254 suodaoore

98 3282 925 3358 mulionis:quoadpulchritudinismagnitudiucmeddi
979 3283 1136 3340 confidere.
1159 3283 1329 3354 Quantoque
1343 3282 1410 3354 quis
1425 3280 1580 3339 sublimior
1598 3283 1695 3355 fuerit,
1715 3283 1803 3340 debet

98 3372 174 3430 altra
192 3372 269 3430 nibil
285 3371 392 3445 possit.
979 3372 1083 3428 timere
1106 3387 1143 3427 ne
1164 3374 1290 3439 corruat,
1315 3373 1346 3426 et
1366 3369 1524 3427 fornicetur
1545 3369 1715 3429 innomine
1735 3387 1801 3428 suo.

131 3465 165 3521 bt
176 3462 325 3536 profecisti
338 3462 369 3517 iu
384 3476 513 3532 requam.
534 3465 595 3518 lfoo
609 3460 640 3517 in
656 3461 847 3535 Septuaginta
866 3479 925 3519 non
980 3459 1158 3518 Adversaris
1171 3459 1317 3532 siquidem
1328 3462 1487 3532 potestates
1497 3458 1599 3516 solitos
1609 3463 1804 3518 contemnunt

99 3552 236 3617 babetur,
246 3549 300 3625 qui
309 3549 433 3607 forsitan
442 3550 622 3607 Alexandria
632 3551 663 3607 in
674 3551 806 3608 Graecum
818 3568 928 3609 sermo·
981 3551 1072 3619 cibos,
1094 3554 1124 3606 et
1146 3548 1301 3622 peregrina
1314 3547 1455 3604 alimenta
1468 3548 1646 3606 desiderant.
1670 3548 1752 3606 Unde
1767 3550 1804 3607 dc

100 3658 166 3699 uem
184 3641 355 3714 Scripturas
373 3656 409 3696 ex
431 3638 573 3696 Hebraico
585 3639 706 3697 veritate
720 3645 875 3709 vertentes,
891 3642 927 3696 ti·
981 3637 1098 3695 diabolo
1112 3636 1237 3693 dicitur:
1253 3638 1330 3694 Ercae
1343 3639 1400 3709 ojrts
1413 3637 1504 3693 ructor
1518 3637 1612 3708 (dioc.
1630 3655 1650 3709 1,
1666 3638 1721 3710 16).
1738 3636 1803 3694 Non

101 3733 240 3787 mueruut
259 3728 317 3786 hoc
337 3727 434 3794 edere,
457 3743 494 3784 ne
508 3744 606 3801 regem
625 3726 742 3801 AEgypti
761 3730 929 3786 viderentur
982 3726 1045 3785 vult
1058 3725 1219 3798 quemlibet
1233 3725 1375 3797 decipere.
1398 3724 1465 3780 Saul
1484 3739 1582 3797 regem
1597 3726 1648 3796 qui
1662 3725 1773 3783 electus
1786 3743 1805 3782 a

101 3818 258 3888 offendere,
282 3817 387 3875 duma
406 3816 465 3873 ileo
479 3816 642 3874 Jerusalem
658 3817 790 3874 debitum
805 3834 928 3891 reguum
983 3815 1106 3872 Domino
1118 3818 1172 3880 est,
1188 3812 1332 3870 etJudam
1343 3811 1510 3884 apostolum
1522 3813 1712 3886 supplantare
1723 3812 1804 3871 festi·

103 3905 930 3978 essecommemorarenttquamqnameruditisolosquin·
983 3909 1043 3961 nat.
1061 3903 1125 3959 Nou
1135 3918 1202 3975 ergo
1213 3901 1397 3958 confidamus
1406 3900 1437 3956 in
1447 3901 1565 3974 propria
1575 3900 1806 3974 pulchritudine,

103 4012 164 4073 que
178 3993 276 4050 libros
288 3993 374 4068 lfoysi
389 3993 426 4050 ab
442 3994 485 4050 eis
499 3992 705 4066 interpretatos
718 3995 843 4066 probent
857 3995 928 4065 (fid.
984 4010 1036 4050 nec
1052 3992 1103 4049 Dei
1118 3989 1333 4058 liberalitatem,
1349 3994 1479 4047 nostram
1491 3995 1630 4064 putemus
1639 4007 1704 4049 esse
1712 3993 1805 4049 virtu·

100 4101 167 4157 sup.
181 4098 243 4155 cap.
259 4082 296 4154 r).
314 4082 384 4140 Post
398 4086 535 4139 ornatum
550 4099 620 4156 ergo
635 4083 841 4157 multiplicem,
864 4088 931 4157 post
984 4083 1120 4142 temzsed
1129 4078 1405 4153 potiusandiemue:
1415 4079 1589 4152 Neqlorieris
1597 4082 1803 4139 incrastinum:

101 4186 256 4239 comeam,
278 4176 346 4245 post
366 4170 430 4227 auri
445 4176 474 4227 et
488 4172 601 4245 argenti
616 4172 840 4244 abundantiam,
864 4177 932 4246 post
984 4173 1071 4229 nescu
1084 4171 1159 4227 enim
1173 4169 1241 4241 quid
1251 4173 1366 4225 oentma
1378 4170 1472 4241 portat
1484 4168 1542 4226 diss
1555 4172 1650 4240 (Proc.
1663 4186 1751 4240 xxvn,
1766 4170 1806 4245 1).

103 4262 301 4319 iudumcanta
320 4259 469 4333 palliaque
491 4260 700 4333 pulcherrima,
716 4266 783 4334 post
796 4264 930 4320 decorem
986 4263 1020 4317 lit
1032 4261 1061 4316 in
1077 4259 1134 4316 elio
1150 4258 1213 4315 loco
1227 4277 1234 4314 ε
1250 4259 1370 4326 Fratres,
1385 4260 1412 4314 sa·
1423 4267 1579 4330 prsaoontus
1588 4258 1767 4335 suentiomo
1777 4261 1823 4316 in*

102 4349 310 4408 incredibilem
325 4349 441 4423 proficit
460 4349 489 4404 in
510 4349 653 4423 reginam,
676 4349 745 4422 quia
766 4350 867 4408 civitas
888 4355 933 4408 est
985 4348 1810 4423 aliquopoccoto,oosquispirttoolesestis,pcrficiteliujus-

103 4440 203 4512 magni
224 4439 316 4512 regis,
337 4437 375 4494 de
396 4454 453 4511 quo
469 4438 612 4511 scriptum
626 4443 671 4496 est
686 4455 694 4495 t
714 4440 784 4497 Deos
799 4440 933 4510 indiciam
947 4456 971 4521 ῃ
984 4438 1092 4496 ccmodi
1101 4436 1482 4509 inspiritomonsuetudiuis,
1494 4436 1669 4494 considerans
1682 4437 1809 4511 teipsum,

102 4533 182 4605 taam
195 4530 257 4600 νηί
272 4526 319 4595 do,
342 4531 368 4582 et
382 4527 520 4597 iustitiam
533 4532 610 4583 tuum
623 4528 682 4599 filio
697 4530 768 4600 rcqis
790 4530 847 4600 (l’s.
862 4546 932 4598 xvn,
987 4545 1023 4584 ne
1036 4531 1107 4601 forte
1120 4531 1145 4583 ot
1160 4535 1189 4583 tu
1203 4528 1317 4583 termis
1335 4525 1438 4596 (dotat.
1454 4543 1494 4594 vn,
1510 4527 1548 4596 1).
1569 4527 1669 4600 Neque
1683 4545 1810 4603 expona-

105 4618 141 4689 t).
155 4616 192 4674 Et
201 4617 234 4674 in
241 4613 418 4690 Apocalypsi
426 4615 718 4673 ioannisierusalem
730 4617 815 4689 quasi
825 4634 935 4691 sponsa
989 4634 1066 4689 mus,
1075 4617 1136 4673 sive
1146 4615 1343 4687 effundamus,
1354 4615 1576 4673 fornicationem
1588 4620 1719 4673 nostram
1729 4614 1810 4672 omni

106 4710 214 4762 ornata
227 4710 316 4779 atquc
331 4705 491 4777 composita
506 4705 683 4761 describitur
696 4705 758 4762 viro
773 4724 826 4763 suo
842 4708 932 4780 (ipos.
987 4706 1164 4775 transeunti,
1180 4710 1214 4761 ut
1227 4721 1284 4761 non
1296 4705 1358 4777 Dei,
1374 4705 1404 4760 in
1416 4721 1503 4778 quem
1514 4706 1671 4772 credimus,
1683 4705 1734 4761 sed
1745 4704 1811 4776 ejus

107 4788 178 4864 x'xr).
199 4790 231 4849 lu
251 4791 378 4850 Psalmis
399 4808 516 4866 quoque
530 4795 565 4849 de
580 4793 682 4849 cadem
697 4794 805 4850 dicitur
821 4813 828 4851 ε
844 4796 937 4852 Astifft
988 4797 1096 4852 tiamne
1111 4812 1129 4851 a
1142 4813 1198 4867 quo
1209 4794 1378 4868 polluimur.
1395 4797 1450 4860 Qui
1461 4800 1567 4852 cuncte
1577 4793 1679 4866 recipit
1691 4793 1771 4865 vitia,
1782 4794 1812 4850 et

108 4882 207 4952 recino
220 4900 239 4938 o
252 4883 361 4939 dmris
378 4883 433 4938 fuir
447 4884 478 4937 ic
491 4884 589 4939 uestitu
603 4882 744 4951 deceroto,
765 4885 938 4942 circumdato
990 4884 1172 4941 diversorum
1188 4888 1375 4955 peccatorum
1391 4883 1528 4956 spiritum
1543 4886 1744 4939 transeuntem
1757 4896 1812 4940 suo

110 4974 240 5028 rursm
254 4973 311 5043 (Ps.
328 4988 404 5040 xcnv,
421 4970 476 5038 10).
497 4969 590 5026 Omne
604 4975 700 5026 autem
717 4972 794 5043 quod
810 4971 937 5029 dicimus
991 4971 1113 5044 suscipit
1123 4971 1246 5044 gremio,
1257 4971 1434 5028 ctdivarioat
1444 4971 1532 5044 pedes
1544 4988 1613 5028 suos
1626 4971 1705 5028 omui
1715 4976 1813 5030 trans·

112 5059 336 5128 detruncatam,
349 5058 424 5115 nein
437 5057 937 5132 singulisboereomus,etlibrorum
991 5060 1083 5132 eunti,
1105 5061 1160 5116 iste
1175 5060 1301 5117 effundit
1319 5061 1542 5116 fornicationem
1563 5062 1637 5116 101
1665 5079 1760 5134 suam,
1785 5065 1815 5119 et

113 5149 285 5222 magnitudo
300 5149 421 5204 tedium
436 5146 602 5220 legentibus
617 5147 715 5214 faciat,
729 5149 890 5207 referamus
900 5150 937 5207 ad
992 5151 1057 5222 ejus
1071 5148 1175 5221 incipit
1190 5149 1335 5206 sustinere
1346 5148 1541 5220 dominatum,
1557 5151 1641 5223 cujus
1649 5151 1757 5225 hospes
1768 5166 1815 5207 ex-

113 5236 282 5295 boelesiem.
310 5236 341 5294 si
364 5237 445 5293 enim
464 5234 638 5306 Jerusalem,
661 5237 747 5308 juxta
766 5237 939 5310 Apostolum
992 5237 1109 5294 stiterit.

135 5396 185 5478 .(.²)
195 5396 303 5481 Confer
313 5413 377 5470 que
389 5401 452 5453 tum
465 5394 546 5465 alibi,
560 5399 624 5479 tum
634 5395 779 5469 precipue
790 5398 938 5457 inAdmo·
1030 5399 1069 5471 (b)
1085 5397 1116 5454 ln
1134 5398 1198 5456 Vat.
1216 5414 1283 5467 ms,
1300 5412 1428 5482 quocum
1442 5404 1472 5455 et
1485 5400 1624 5459 &banus
1643 5398 1722 5483 legit,
1745 5397 1816 5472 quod

116 5473 225 5526 nruonc
234 5468 364 5544 Dialogis
375 5472 479 5526 contra
489 5467 661 5542 Pelagianos
671 5468 789 5542 prefixa
802 5469 838 5528 de
847 5470 939 5531 Naza-
995 5477 1074 5538 essct,
1098 5485 1154 5529 nori
1168 5472 1225 5528 tuis
1237 5472 1390 5528 moritu...
1412 5471 1539 5533 cedmon
1564 5471 1732 5532 fiterolrtots
1750 5482 1816 5551 pro-

116 5554 240 5601 marum
257 5539 346 5599 boore
360 5539 517 5615 Evangelio
532 5539 670 5602 diximus.
995 5546 1104 5628 tectam.

276 5669 408 5738 Panna
429 5667 527 5739 xxv.
1639 5672 1658 5742 t
