3818 6104
2 245 11 268 ⁸
95 278 152 347 en
729 269 1182 340 s.uusuaua1uaoamr
1733 266 1793 334 urs

95 413 248 484 HooJuxta
257 408 412 467 historiam
421 408 594 465 dixerimus.
606 407 746 466 aelorum
758 407 844 479 juxta
860 410 918 462 tro-
933 406 960 474 Α
973 424 1029 479 pne
1040 423 1123 479 quom
1132 407 1200 462 misi
1208 407 1294 462 ineos
1307 420 1315 462 t
1327 407 1352 462 et
1362 403 1505 463 comedetis
1522 409 1671 473 umet,
1685 409 1713 460 et
1721 410 1794 458 rata·

94 500 252 576 pologiam,
265 500 362 556 omnis
375 498 474 556 anima
486 503 563 554 terra
574 501 620 554 est
629 496 756 564 Domini,
768 496 798 552 in
809 513 868 568 qua
877 511 920 550 se·
973 496 1116 561 rotamini,
1131 503 1158 551 et
1173 493 1321 551 laudabitis
1337 511 1435 551 nomen
1459 493 1555 568 [Vulg.
1578 492 1662 550 addit
1676 489 1794 564 Domini]

93 574 187 645 minat
195 593 278 660 pater
291 586 418 644 familias
430 591 592 644 sementem
606 602 702 654 suam,
714 602 778 658 quar
789 601 856 641 cum
868 599 919 656 pro
976 585 1022 640 Dei
1033 585 1125 649 uestri,
1136 585 1184 655 qui
1192 585 1257 655 tecit
1267 583 1409 639 nubismm
1427 581 1523 656 [Vulg.
1542 581 1694 653 uobiscum]
1710 582 1794 636 mira·

93 675 315 733 triticoaiaania
331 675 440 741 lecerit,
457 675 555 746 idest,
584 690 692 731 avenas
720 677 748 729 et
762 671 877 737 lolium,
892 674 920 726 et
975 672 1051 739 bilia,
1068 676 1162 728 elnon
1176 671 1487 743 confundeturpopulus
1512 687 1589 727 mera
1607 670 1795 741 insempiter·

93 763 248 822 attenderit
263 764 419 820 Dominum
431 781 531 830 suum,
551 767 579 820 et
602 767 702 836 postea
721 761 813 834 egerit
828 759 919 832 paeni·
973 778 1060 816 num:
1075 763 1210 817 etaetatis
1224 763 1291 832 quia
1305 762 1335 815 in
1351 761 1440 816 medio
1454 760 1538 817 lsrael
1552 774 1602 829 eqo
1623 774 1699 828 sum,
1714 765 1742 814 et
1752 772 1794 829 eoo

95 852 228 910 tantiam:
240 852 316 909 tua
333 850 534 925 plangensque
546 851 673 908 dixerit?
684 856 780 921 Parce,
795 849 920 918 Domine,
976 851 1107 906 Dominus
1121 851 1191 906 Dens
1207 852 1301 918 uester,
1317 857 1342 905 et
1354 864 1411 905 non
1423 857 1463 904 est
1477 838 1608 920 amplius,
1624 853 1652 904 et
1667 861 1726 903 non
1739 862 1795 903 eon·

95 939 198 1014 populo
212 944 267 1008 luo,
284 939 394 996 relatur
404 940 546 996 Dominus
557 944 665 995 terram
676 954 773 1005 suam,
784 941 813 992 et
822 940 922 1009 parcet
973 938 1107 1010 fundetur
1120 938 1238 1010 populus
1251 954 1328 993 meus
1346 940 1376 993 in
1397 938 1606 1009 sempiternum.
1624 935 1697 992 Lxx
1708 953 1719 993 .·
1732 933 1795 991 Con·

96 1029 122 1086 ei
134 1029 346 1102 quamdudum
358 1024 923 1101 contempserat,suoqueeamdignatur
977 1026 1122 1096 fiulelerro,
1134 1026 1428 1098 gaudeatqueleelare,
1453 1028 1519 1096 quio
1540 1024 1736 1097 nraqnifieauit
1749 1024 1794 1080 De

96 1117 225 1190 alloquio
239 1119 268 1173 et
282 1116 372 1172 dicit:
387 1116 501 1172 Mittam
521 1115 576 1172 tibi
600 1115 793 1182 frumentum,
813 1114 921 1184 dequo
974 1117 1069 1170 minus
1079 1122 1109 1170 ut
1124 1116 1243 1186 fuceret:
1259 1114 1396 1185 confidite,
1407 1115 1535 1186 jumenta
1548 1114 1652 1186 compi,
1666 1114 1795 1186 quoniam

97 1206 319 1278 scriptumest:
336 1205 525 1274 Amenamen,
541 1204 600 1261 ‹lieo
630 1204 714 1274 vobn,
729 1204 788 1259 nisi
801 1216 919 1273 pronum
974 1205 1198 1273 geminaverant
1211 1205 1304 1274 compi
1317 1201 1485 1274 solitudinis,
1500 1204 1567 1275 quia
1581 1200 1796 1274 lignumattulit

96 1296 235 1366 [rumenti
248 1293 347 1351 cadens
361 1294 393 1349 in
407 1303 511 1350 terram
525 1298 663 1349 mortuum
672 1294 768 1364 fuerit,
783 1293 922 1363 ipsumso·
977 1294 1099 1362 {ructum
1113 1308 1203 1361 sunm,
1218 1292 1286 1362 fieus
1308 1300 1334 1348 et
1358 1293 1439 1348 uineo
1452 1291 1586 1348 dederunt
1607 1290 1797 1362 tortitudinum

97 1383 156 1438 lum
170 1389 264 1439 nranet
276 1401 285 1437 :
298 1384 323 1438 si
337 1391 428 1439 auum
441 1389 579 1438 mortuum
593 1382 692 1452 sumit,
703 1381 803 1435 multos
814 1381 922 1450 pactus
974 1396 1052 1436 suom
1063 1397 1070 1435 ε
1082 1383 1106 1436 et
1116 1380 1172 1452 filii
1181 1379 1256 1452 Sion,
1270 1380 1386 1454 gaudete
1396 1384 1477 1451 atque
1494 1381 1632 1437 letamini
1641 1381 1672 1437 in
1687 1381 1796 1437 mne

96 1473 165 1542 facit
179 1472 269 1543 (loon.
284 1470 336 1542 ιιι)
352 1495 359 1538 3
375 1474 404 1526 et
418 1471 520 1526 vinum
536 1470 615 1543 quod
625 1469 751 1525 latificat
765 1484 815 1524 cor
829 1467 922 1522 homi·
975 1470 1028 1524 Deo
1038 1471 1135 1536 uestro,
1147 1471 1279 1541 quoniam
1290 1469 1363 1525 dedit
1378 1470 1452 1526 uobis
1471 1484 1545 1524 escas
1550 1470 1684 1541 justitie,
1696 1476 1725 1525 et
1732 1468 1797 1541 plait

99 1560 155 1628 nis,
163 1564 192 1615 et
203 1559 387 1631 oleumquod
403 1558 666 1625 exhilarutlaciem,
674 1554 922 1613 utvetustrislitia
975 1557 1050 1613 rubis
1059 1557 1176 1614 imbrem
1186 1561 1392 1630 temporaneum
1404 1562 1431 1614 el
1439 1558 1605 1628 serotinum,
1616 1559 1694 1614 sieut
1704 1558 1798 1630 apris·

76 1644 921 1721 'peccatorum,trumentietviniatolei,idsat,virtutum
975 1647 1058 1718 cipio,
1073 1655 1100 1702 et
1118 1647 1296 1718 replebuntur
1324 1661 1399 1705 crea
1425 1648 1525 1715 tritico,
1555 1650 1581 1702 et
1610 1645 1798 1703 redumdobuat

98 1736 198 1793 letitia
213 1739 401 1808 temperetur,
416 1739 588 1807 tantamque
611 1733 763 1790 habebunt
775 1732 920 1787 bonorum
976 1735 1128 1791 torculario
1142 1737 1205 1790 uino
1218 1742 1244 1791 et
1255 1735 1323 1791 oleo.
1340 1736 1373 1790 Et
1388 1733 1499 1791 reddam
1512 1735 1588 1791 uobis
1601 1750 1655 1808 pro
1670 1735 1798 1793 aarum

98 1825 232 1882 omniurn
243 1823 464 1895 abundantiam,
477 1821 739 1889 utreplcantureis
749 1823 923 1893 atquaaatu·
977 1822 1075 1894 quibus
1085 1822 1321 1891 comeirtlocusto,
1335 1832 1361 1880 et
1372 1823 1529 1881 bruebusel
1540 1825 1652 1895 rubigo,
1667 1828 1697 1881 et
1712 1839 1796 1882 eruca

99 1919 211 1970 matur.
224 1912 357 1984 Cumque
373 1912 427 1968 hoo
442 1911 548 1967 luerint
560 1909 721 1977 consecuti,
737 1924 922 1980 nequaquam
976 1911 1123 1967 Fortitudo
1136 1927 1198 1967 meo
1212 1928 1312 1983 nsapno
1321 1928 1403 1982 quom
1417 1913 1484 1967 misi
1498 1913 1528 1967 in
1543 1927 1599 1980 uos,
1616 1914 1643 1968 et
1656 1913 1798 1969 omini

99 2001 254 2059 tradentur
264 1999 293 2054 in
309 1999 500 2071 opprobrium
517 1999 663 2071 gentibus,
680 1998 716 2053 de
731 1997 839 2069 quibus
850 1998 923 2068 Apo·
976 1999 1154 2070 comedentes,
1169 2004 1194 2056 el
1207 2000 1422 2056 saturabimini:
1434 1999 1620 2058 attondebitis
1634 2015 1740 2058 nonoen
1753 2004 1798 2058 De·

100 2087 193 2146 stolus
208 2087 356 2160 loquitur:
372 2088 432 2143 Non
461 2093 501 2143 est
519 2088 598 2143 nobrs
624 2088 780 2143 colluctatio
795 2085 924 2141 adverus
976 2089 1049 2143 mini
1058 2089 1208 2156 Deiuestri,
1219 2090 1267 2161 qui
1275 2089 1798 2159 secituobiscummirobilioetnonoon·

99 2192 211 2234 earnem
224 2184 250 2232 et
263 2177 436 2247 sanquinem,
452 2175 498 2232 secl
512 2176 641 2232 adamus
649 2177 789 2247 principes
800 2179 826 2229 et
837 2177 924 2244 potes·
977 2177 1112 2248 fundetur
1128 2177 1248 2249 populus
1263 2193 1337 2233 meus
1352 2179 1382 2233 in
1395 2185 1539 2248 aternum,
1556 2185 1584 2234 et
1593 2178 1691 2235 semis
1700 2179 1798 2252 quiuis

100 2269 185 2323 letes:
201 2264 330 2320 adrasus
342 2263 441 2320 mundi
466 2272 581 2320 rectores
606 2265 785 2320 tenebrarum
813 2264 923 2328 barum,
977 2263 1217 2335 mediolsroeleqo
1240 2282 1312 2332 suns,
1325 2273 1408 2337 eleae
1428 2267 1560 2322 Dominus
1580 2267 1655 2323 Deus
1669 2269 1797 2334 actuari

99 2351 923 2426 eontrospirituoliunequitiaeinealeslibnsOEpbes.v1,t3).
978 2354 1797 2429 nonestompliuspraterme,etnoncontundeturpopulsr

99 2447 173 2499 Eum
187 2458 304 2515 quoquo
315 2442 365 2514 qui
380 2441 417 2497 ab
432 2440 574 2513 Aquilone
588 2447 633 2497 est
648 2440 695 2512 (de
710 2457 768 2513 quo
782 2437 925 2496 ieremias
978 2457 1055 2496 meus
1070 2443 1101 2496 in
1114 2446 1260 2500 abraam.
1276 2442 1420 2499 Omnibus
1436 2458 1499 2515 qua
1515 2441 1570 2516 [Al.
1582 2440 1709 2517 quibus}
1719 2459 1796 2517 snpra

100 2531 250 2605 loquitur:
266 2531 305 2586 Ab
321 2529 454 2604 Aquilone
468 2530 645 2586 sourdement
658 2530 926 2601 malasuperomnes
979 2530 1074 2584 iuerat
1088 2530 1296 2601 comminatus,
1312 2546 1391 2586 nunc
1406 2531 1553 2587 contraria
1569 2530 1740 2604 pollicetur.
1753 2530 1796 2588 Su-

101 2622 267 2678 dubitatores
289 2624 374 2677 terrae
388 2621 497 2690 (ierem.
515 2637 535 2686 r,
550 2619 613 2692 tt);
630 2619 665 2674 de
680 2634 738 2691 quo
752 2622 781 2674 et
789 2617 925 2674 Salomon
980 2617 1174 2691 predixerat:
1185 2618 1262 2691 ignis
1275 2619 1401 2675 comedit
1411 2619 1677 2692 speciosadesarti,
1689 2621 1795 2678 etitem·

100 2710 224 2768 scribit:
240 2708 337 2779 Aquilo
353 2711 450 2764 uentus
465 2707 641 2778 durissimus)
657 2705 769 2778 procul,
782 2705 888 2778 lnquit,
908 2722 926 2762 a
980 2722 1029 2760 ma
1044 2706 1195 2762 succendit
1209 2707 1308 2765 omnis
1321 2705 1401 2779 ligna
1417 2706 1555 2780 regionis,
1576 2712 1606 2765 et
1627 2708 1731 2766 bestia
1742 2706 1793 2783 agri

100 2797 183 2854 vobis
196 2795 312 2863 luciam,
323 2800 352 2851 et
363 2794 504 2866 expellam
515 2812 582 2851 aum
596 2795 626 2849 in
645 2799 753 2850 terram
773 2793 882 2850 inviam
898 2797 927 2849 et
981 2793 1065 2866 quasi
1078 2810 1146 2850 area
1158 2795 1261 2851 sitiens
1271 2795 1394 2852 imbrem
1407 2800 1603 2869 suspexerunt
1615 2797 1655 2853 ad
1666 2801 1715 2856 ts:
1729 2812 1793 2870 quo·

101 2885 258 2950 desertam,
270 2899 334 2954 quae
344 2899 401 2938 uon
413 2882 499 2938 habet
510 2881 645 2938 notitiam
669 2881 730 2954 Dei,
747 2881 777 2936 iu
793 2898 851 2954 qua
867 2898 925 2939 non
980 2882 1060 2938 niam
1070 2882 1225 2939 exsiccavit
1235 2886 1302 2939 sunt
1313 2884 1407 2941 tontes
1418 2900 1575 2956 aquarum,
1588 2889 1617 2941 et
1628 2884 1792 2959 igniadero-

103 2971 215 3028 habitet
225 2969 350 3042 Spiritus
361 2974 492 3026 sanctus.
505 2969 664 3042 Faciesque
674 2971 698 3040 ej
704 2987 737 3025 us
748 2970 801 3025 erit
813 2969 925 3025 inmari
979 2972 1053 3027 ravit
1062 2971 1194 3044 speciosa
1203 2971 1319 3029 deserti.
1330 2971 1413 3028 Nunc
1423 2972 1496 3028 latis
1512 2972 1669 3030 tristitiam
1680 2973 1793 3048 mitiget,

103 3060 198 3133 primo
209 3063 238 3115 el
248 3059 277 3114 in
289 3058 363 3113 muri
374 3057 543 3125 novissimo,
557 3057 585 3112 in
596 3057 642 3113 his
660 3059 709 3130 qui
722 3056 923 3129 aperuerintai
979 3062 1008 3116 et
1018 3057 1162 3130 lacrymas
1178 3060 1263 3117 vertit
1277 3061 1307 3116 in
1323 3061 1426 3117 risum.
1452 3061 1553 3126 Nolite,
1570 3062 1682 3134 inquit,
1695 3066 1792 3130 timere,

99 3149 223 3220 januam
239 3150 435 3219 peccatorum,
451 3150 480 3202 et
495 3146 572 3217 apud
588 3162 663 3217 quos
676 3162 770 3217 usque
784 3144 821 3200 ad
836 3136 961 3204 extre-C
980 3149 1118 3204 animalia
1132 3151 1272 3221 maianis:
1287 3151 1352 3222 quic
1367 3151 1596 3221 permiscuerunt
1623 3151 1792 3224 speciosade·

105 3252 187 3292 mum
210 3235 274 3291 vita
301 3239 419 3306 tempus
435 3233 660 3307 permanserint,
677 3239 706 3290 at
720 3235 793 3289 letor
804 3232 884 3289 illius
898 3236 928 3289 et
981 3238 1047 3293 serti
1058 3253 1064 3292 :
1075 3239 1140 3308 quio
1162 3238 1270 3308 lignum
1291 3239 1383 3294 abulat
1397 3240 1519 3311 fractum
1533 3255 1629 3307 suum,
1643 3241 1711 3311 fiais
1722 3243 1746 3298 tt
1756 3240 1794 3296 oi·

105 3325 230 3398 putredo
241 3323 468 3380 ascenditctiam
480 3323 509 3377 iu
521 3322 631 3395 eosqui
656 3322 712 3378 sibi
737 3339 844 3394 magna
859 3339 928 3395 pro·
980 3342 1033 3381 neu
1051 3325 1181 3382 dederunt
1209 3327 1337 3383 virtutem
1365 3344 1445 3383 suum
1458 3343 1468 3382 :
1497 3331 1526 3383 et
1538 3331 1625 3385 tanta
1639 3328 1697 3386 erit
1709 3342 1793 3387 rarum

104 3412 236 3478 mittunt,
247 3416 275 3469 et
300 3410 408 3467 cadunt
419 3427 471 3483 per
486 3411 653 3483 superbiam
668 3411 755 3483 :quin
765 3426 926 3482 numquam
981 3413 1114 3469 omnium
1127 3414 1317 3483 abundantia,
1330 3421 1361 3471 ut
1372 3431 1560 3488 nequaquam
1571 3416 1653 3473 desit
1663 3417 1716 3490 [Al.
1726 3413 1792 3489 dem]

103 3505 168 3558 tuta
178 3505 222 3559 est
232 3498 927 3572 bumanafragilitas,alquantovirtutibuscres·
980 3502 1064 3559 vobis
1079 3503 1270 3572 trumentum
1284 3504 1383 3561 vinum
1398 3505 1474 3561 198
1485 3509 1513 3561 et
1524 3503 1627 3562 oleum
1647 3523 1705 3581 qno
1723 3509 1793 3563 satu·

102 3587 926 3662 cimus‚tantomugistimeredebemusnedesublimibus
982 3590 1104 3660 remini;
1115 3592 1165 3646 sed
1179 3591 1397 3665 adimpleantur
1407 3610 1478 3650 aree
1492 3594 1656 3665 frumento,
1666 3594 1794 3653 sindun-

101 3696 283 3737 corruamus.
294 3677 823 3749 Juxtalilternm,grageslocustnrum
833 3676 927 3749 magis
981 3678 1051 3734 dent
1065 3678 1222 3737 torcularia
1236 3679 1304 3737 vino
1318 3684 1347 3736 et
1375 3681 1448 3751 oleo,
1478 3686 1511 3738 ut
1539 3700 1600 3739 non
1629 3682 1718 3742 solnm
1737 3678 1789 3754 ipsi

102 3769 208 3825 Auster
217 3783 305 3840 quam
317 3765 423 3839 Aquilo
435 3765 586 3822 consuevit
597 3765 752 3826 adducere.
761 3765 790 3820 id
799 3769 854 3833 est,
868 3781 926 3822 non
982 3768 1142 3833 comedere,
1160 3769 1210 3824 sed
1228 3769 1315 3825 etiam
1330 3769 1397 3826 aliis
1420 3770 1549 3843 prebere
1563 3770 1698 3829 ualeatis.
1710 3768 1749 3826 Ad
1760 3766 1793 3823 d-

102 3872 136 3913 ex
152 3855 258 3928 frigore
270 3855 400 3922 veniunt,
417 3855 468 3910 sed
484 3859 513 3909 et
527 3853 640 3910 calore:
666 3870 767 3910 verum
787 3853 926 3925 quoniam
981 3854 1036 3911 lios
1048 3872 1164 3928 quoque
1174 3857 1241 3913 Sion
1260 3857 1426 3930 specialiter
1449 3856 1592 3931 loquitur,
1620 3864 1655 3917 ut
1664 3856 1795 3918 mutent

102 3943 140 4000 de
148 3943 276 4016 Assyriis
285 3941 471 4015 loquebatur,
490 3940 669 3998 locustarum
696 3957 807 4014 ponens
822 3940 927 3996 simili·
981 3950 1010 4001 et
1032 3945 1189 4017 gaudeant,
1201 3962 1258 4001 non
1279 3946 1308 4001 in
1321 3947 1617 4019 quacumquorelevi
1631 3945 1795 4017 ;sedinDo·

103 4031 248 4101 tudinem,
260 4030 324 4086 ideo
336 4030 510 4102 Aquilonem
521 4029 707 4102 interposuit,
720 4034 751 4085 ut
760 4046 818 4085 non
829 4045 926 4086 varum
982 4034 1061 4089 mino
1076 4033 1134 4090 Deo
1145 4049 1208 4104 suo,
1221 4035 1271 4105 qui
1282 4035 1363 4091 dedit
1373 4035 1416 4091 eis
1427 4033 1569 4092 alimenta
1585 4036 1713 4108 justitia
1724 4034 1798 4092 :etot

103 4117 258 4186 locustam,
271 4134 335 4190 qua
347 4117 384 4173 ab
393 4120 499 4174 Austro
517 4117 614 4174 venire
627 4117 787 4186 consuevit,
801 4118 851 4174 sed
871 4120 927 4175 sub
981 4121 1172 4194 Septuaginta
1182 4120 1440 4191 transtulerunt,et
1447 4122 1563 4179 imbrem
1569 4124 1798 4199 temporassem

105 4204 221 4262 locusta
234 4204 434 4279 intelligamus
448 4206 579 4279 Assyrios
595 4210 682 4278 atqua
696 4205 855 4263 chaldeos.
981 4211 1143 4277 serotinum,
1159 4213 1192 4264 ut
1205 4211 1362 4268 comedant
1376 4214 1463 4283 atque
1482 4210 1634 4283 latentur,
1649 4217 1679 4270 ct
1692 4210 1799 4270 laudant

140 4294 234 4368 (Vara.
265 4295 302 4349 22
326 4294 421 4367 seqq.)
448 4293 515 4351 Noli
543 4296 761 4364 timareterro:
779 4296 929 4353 eesullaet
983 4312 1088 4353 nomen
1100 4297 1216 4354 Domini
1228 4299 1277 4357 Dei
1288 4297 1344 4371 sui,
1357 4299 1407 4371 qui
1420 4299 1488 4356 tacit
1504 4315 1574 4356 cum
1590 4301 1638 4359 eis
1653 4298 1798 4370 mirabilia,

105 4383 201 4442 leurs
228 4386 360 4456 quonium
386 4382 573 4454 maqnificam't
601 4384 732 4440 Dominus
760 4385 926 4456 refaceret:
982 4387 1800 4463 etnequaquamcontundantur:eiectansquisnoninu

103 4472 192 4529 nolite
205 4474 312 4542 timere,
328 4470 464 4528 animalia
490 4473 611 4544 reqionis
625 4492 635 4540 ,·
664 4473 729 4543 quia
755 4478 928 4542 penninuue·
943 4498 967 4562 D
984 4477 1059 4531 Deus
1071 4475 1157 4531 lsrael
1168 4475 1279 4532 habitet
1290 4476 1320 4533 in
1334 4477 1430 4534 medio
1440 4493 1555 4542 aarum.
1567 4482 1596 4534 at
1609 4476 1799 4552 pratarillntt

105 4565 172 4618 runt
191 4562 265 4617 101
296 4562 415 4633 speciosa
444 4560 555 4627 deserti,
579 4562 711 4633 quoniam
740 4561 837 4635 [Vulg.
853 4562 929 4634 quio,
984 4563 1084 4620 nullus
1098 4564 1138 4620 sit
1152 4564 1238 4637 nlius,
1249 4565 1319 4637 qnia
1336 4566 1422 4622 Pater
1436 4565 1465 4622 ln
1475 4564 1559 4635 Filio,
1571 4571 1602 4623 et
1615 4566 1799 4626 Filiuainl’r

104 4651 215 4724 lignum
229 4650 322 4706 ebulit
336 4652 456 4722 fructum
471 4665 561 4718 suum,
577 4650 646 4720 fieus
660 4653 687 4706 et
704 4652 785 4706 vinea
799 4650 931 4706 dederunt
984 4656 1045 4708 tre:
1059 4656 1087 4708 et
1098 4669 1154 4708 non
1166 4653 1361 4709 contundetur
1371 4654 1498 4727 populus
1509 4653 1592 4712 illius
1604 4656 1661 4724 [At.
1676 4652 1798 4726 mausJin

102 4741 236 4796 virtutem
250 4755 349 4794 suom:
372 4743 400 4792 et
413 4737 472 4808 filii
486 4737 564 4806 Sion,
594 4740 729 4796 exsultate
742 4747 770 4794 et
793 4739 932 4796 laetamini
984 4742 1301 4813 eternumttecjuxta
1312 4741 1451 4814 litteram,
1477 4743 1548 4815 quia
1560 4743 1692 4803 Domino
1713 4755 1799 4817 sepm-

103 4829 134 4884 in
149 4828 267 4885 Domino
283 4833 340 4885 Deo
355 4831 453 4894 oestro,
470 4829 534 4899 quio
550 4826 623 4882 dedit
641 4828 716 4884 cobis
739 4827 873 4884 demerem
882 4827 930 4900 ju·
985 4830 1077 4886 missa
1087 4834 1168 4897 sunt,
1179 4830 1327 4887 credimus
1337 4830 1490 4899 accidisse,
1502 4836 1532 4888 et
1541 4832 1730 4892 sterilitatem
1741 4845 1797 4905 pra·

104 4918 200 4986 stille,
209 4925 235 4974 et
246 4916 405 4973 descendere
414 4918 502 4988 societ
516 4915 551 4970 ad
564 4931 610 4971 uos
624 4917 740 4972 imbrem
754 4917 929 4988 matutinum,
984 4917 1101 4974 teritum
1114 4918 1196 4974 novis
1212 4918 1346 4992 frugibus
1361 4925 1605 4993 compensatam:
1624 4927 1659 4979 ut
1668 4912 1795 4996 quicquit

104 5011 130 5064 et
139 5008 293 5063 serotinum
306 5003 401 5078 {Vulg
414 5003 586 5075 additsicut}
597 5004 636 5077 (a)
647 5005 677 5059 in
685 5006 834 5078 principio,
842 5008 869 5060 et
878 5006 930 5060 im·
984 5006 1023 5078 (l)
1034 5005 1157 5073 locusta,
1166 5007 1309 5075 bruchus,
1320 5012 1349 5064 et
1359 5007 1472 5081 rubigo:
1483 5012 1512 5065 et
1520 5023 1613 5068 eruca
1623 5020 1794 5082 consum·

103 5097 256 5170 plebuntur
271 5110 343 5150 areae
357 5095 505 5165 frumento,
521 5101 547 5149 et
565 5092 758 5150 redundabunt
781 5094 932 5150 toreularia
985 5100 1040 5162 rat,
1055 5096 1139 5152 aunls
1155 5096 1348 5168 sequentibus
1364 5096 1547 5169 impleretur.
1574 5100 1741 5166 Quaerimus
1753 5104 1794 5153 out

104 5187 168 5243 uino
183 5187 208 5240 et
222 5185 291 5251 oleo,
308 5192 334 5239 et
349 5182 544 5239 reddomuobis
559 5197 660 5253 aranos,
680 5198 743 5253 qnos
756 5181 873 5239 comedit
889 5181 931 5238 lo·
984 5199 1071 5239 eruca
1087 5183 1238 5253 tortitudo,
1254 5184 1298 5241 vel
1314 5185 1409 5242 virtus
1426 5185 1541 5242 Domini
1558 5170 1710 5262 appellata
1719 5180 1792 5255 εἰμί

104 5279 191 5346 custo,
201 5274 328 5342 tructus,
338 5273 480 5344 etrubipo,
491 5275 516 5328 et
530 5270 774 5329 macedonicae
787 5287 849 5328 mea
863 5287 928 5328 mo·
985 5271 1792 5347 noneolumvtnus,sedvirtusmagnatuuomodopr
1838 5296 1840 5303 ·

138 5505 258 5578 (alvide
269 5505 377 5574 liuilni,
388 5505 449 5563 siue
459 5505 523 5578 ejus
533 5505 585 5580 qui
596 5506 723 5565 Ruttnus
734 5505 827 5583 audit,
845 5506 930 5566 Gom·
1019 5504 1056 5581 (i)
1071 5505 1221 5567 intorserit
1234 5503 1355 5566 Palatia.
1369 5509 1525 5583 τροπικῶς.

106 5576 269 5635 montarioa
283 5577 315 5635 in
329 5577 407 5637 bunc
422 5578 531 5636 locum.
