<?xml version="1.0" encoding="UTF-8"?>
<!DOCTYPE html PUBLIC "-//W3C//DTD XHTML 1.0 Transitional//EN"
    "http://www.w3.org/TR/xhtml1/DTD/xhtml1-transitional.dtd">
<html xmlns="http://www.w3.org/1999/xhtml" xml:lang="en" lang="en">
 <head>
  <title>
</title>
<meta http-equiv="Content-Type" content="text/html;charset=utf-8" />
  <meta name='ocr-system' content='tesseract 3.04.00' />
  <meta name='ocr-capabilities' content='ocr_page ocr_carea ocr_par ocr_line ocrx_word'/>
</head>
<body>
  <div class='ocr_page' id='page_1' title='image "./patrologiaecurs07goog/patrologiaecurs07goog_0689.png"; bbox 0 0 3840 6098; ppageno 0'>
   <div class='ocr_carea' id='block_1_1' title="bbox 54 354 1761 435">
    <p class='ocr_par' dir='ltr' id='par_1_1' title="bbox 54 354 1761 435">
     <span class='ocr_line' id='line_1_1' title="bbox 54 354 1761 435; baseline -0.008 0"><span class='ocrx_word' id='word_1_1' title='bbox 54 367 135 435; x_wconf 65' lang='grc' dir='ltr'><strong>Μ</strong></span> <span class='ocrx_word' id='word_1_2' title='bbox 403 360 780 430; x_wconf 65' lang='lat' dir='ltr'><strong>consummatorum</strong></span> <span class='ocrx_word' id='word_1_3' title='bbox 798 361 839 429; x_wconf 85' lang='lat' dir='ltr'><strong>lll</strong></span> <span class='ocrx_word' id='word_1_4' title='bbox 860 358 1093 431; x_wconf 75' lang='lat' dir='ltr'>BOPHONIAM</span> <span class='ocrx_word' id='word_1_5' title='bbox 1114 360 1245 426; x_wconf 75' lang='lat' dir='ltr'><strong>tinnit.</strong></span> <span class='ocrx_word' id='word_1_6' title='bbox 1267 358 1353 424; x_wconf 75' lang='lat' dir='ltr'><strong>cte.</strong></span> <span class='ocrx_word' id='word_1_7' title='bbox 1376 359 1415 423; x_wconf 89' lang='lat' dir='ltr'><strong>ll.</strong></span> <span class='ocrx_word' id='word_1_8' title='bbox 1682 354 1761 422; x_wconf 73' lang='lat' dir='ltr'><strong>ld&#39;lD</strong></span> 
     </span>
    </p>
   </div>
   <div class='ocr_carea' id='block_1_2' title="bbox 54 491 1835 5290">
    <p class='ocr_par' dir='ltr' id='par_1_2' title="bbox 54 491 1835 5290">
     <span class='ocr_line' id='line_1_2' title="bbox 54 491 1760 573; baseline -0.006 -14"><span class='ocrx_word' id='word_1_9' title='bbox 54 499 118 559; x_wconf 73' lang='lat' dir='ltr'><strong>lotr</strong></span> <span class='ocrx_word' id='word_1_10' title='bbox 131 512 182 573; x_wconf 82' lang='lat' dir='ltr'><strong>per</strong></span> <span class='ocrx_word' id='word_1_11' title='bbox 195 496 399 572; x_wconf 72' lang='lat' dir='ltr'><strong>ponitentiam</strong></span> <span class='ocrx_word' id='word_1_12' title='bbox 429 498 568 555; x_wconf 85' lang='lat' dir='ltr'><strong>scribitur</strong></span> <span class='ocrx_word' id='word_1_13' title='bbox 584 514 591 555; x_wconf 93' lang='lat'><strong>:</strong></span> <span class='ocrx_word' id='word_1_14' title='bbox 608 500 676 568; x_wconf 77' lang='lat' dir='ltr'><strong>Qun</strong></span> <span class='ocrx_word' id='word_1_15' title='bbox 697 503 737 555; x_wconf 82' lang='lat' dir='ltr'><strong>est</strong></span> <span class='ocrx_word' id='word_1_16' title='bbox 751 501 802 566; x_wconf 86' lang='lat' dir='ltr'><strong>tto,</strong></span> <span class='ocrx_word' id='word_1_17' title='bbox 817 513 880 570; x_wconf 74' lang='lat' dir='ltr'><strong>quse</strong></span> <span class='ocrx_word' id='word_1_18' title='bbox 892 502 922 571; x_wconf 67' lang='lat' dir='ltr'>A</span> <span class='ocrx_word' id='word_1_19' title='bbox 935 498 1069 555; x_wconf 83' lang='lat' dir='ltr'><strong>dextrum</strong></span> <span class='ocrx_word' id='word_1_20' title='bbox 1080 499 1184 552; x_wconf 80' lang='lat' dir='ltr'><strong>vocent</strong></span> <span class='ocrx_word' id='word_1_21' title='bbox 1194 492 1243 567; x_wconf 91' lang='lat' dir='ltr'><strong>qui</strong></span> <span class='ocrx_word' id='word_1_22' title='bbox 1255 492 1325 550; x_wconf 85' lang='lat' dir='ltr'><strong>llatu</strong></span> <span class='ocrx_word' id='word_1_23' title='bbox 1336 491 1417 550; x_wconf 89' lang='lat' dir='ltr'><strong>illius</strong></span> <span class='ocrx_word' id='word_1_24' title='bbox 1427 491 1612 561; x_wconf 82' lang='lat' dir='ltr'><strong>retrirerunt,</strong></span> <span class='ocrx_word' id='word_1_25' title='bbox 1635 492 1684 565; x_wconf 91' lang='lat' dir='ltr'><strong>qui</strong></span> <span class='ocrx_word' id='word_1_26' title='bbox 1695 496 1760 548; x_wconf 90' lang='lat' dir='ltr'><strong>tan·</strong></span> 
     </span>
     <span class='ocr_line' id='line_1_3' title="bbox 54 581 1761 661; baseline -0.005 -13"><span class='ocrx_word' id='word_1_27' title='bbox 54 589 182 648; x_wconf 68' lang='lat' dir='ltr'><strong>aceedit</strong></span> <span class='ocrx_word' id='word_1_28' title='bbox 193 587 323 644; x_wconf 68' lang='lat' dir='ltr'><strong>deuttmu</strong></span> <span class='ocrx_word' id='word_1_29' title='bbox 337 587 429 659; x_wconf 83' lang='lat' dir='ltr'><strong>(Dent.</strong></span> <span class='ocrx_word' id='word_1_30' title='bbox 444 605 507 654; x_wconf 87' lang='lat' dir='ltr'><strong>rm,</strong></span> <span class='ocrx_word' id='word_1_31' title='bbox 522 588 570 658; x_wconf 71' lang='lat' dir='ltr'><strong>tsi:</strong></span> <span class='ocrx_word' id='word_1_32' title='bbox 585 588 698 661; x_wconf 81' lang='lat' dir='ltr'>Moyses</span> <span class='ocrx_word' id='word_1_33' title='bbox 713 602 840 660; x_wconf 88' lang='lat' dir='ltr'><strong>qnoque,</strong></span> <span class='ocrx_word' id='word_1_34' title='bbox 852 587 882 643; x_wconf 90' lang='lat' dir='ltr'><strong>id</strong></span> <span class='ocrx_word' id='word_1_35' title='bbox 935 591 999 643; x_wconf 90' lang='lat' dir='ltr'><strong>tum</strong></span> <span class='ocrx_word' id='word_1_36' title='bbox 1014 585 1134 642; x_wconf 89' lang='lat' dir='ltr'><strong>nomine</strong></span> <span class='ocrx_word' id='word_1_37' title='bbox 1148 585 1249 641; x_wconf 82' lang='lat' dir='ltr'><strong>dexter</strong></span> <span class='ocrx_word' id='word_1_38' title='bbox 1263 588 1317 650; x_wconf 88' lang='lat' dir='ltr'><strong>est,</strong></span> <span class='ocrx_word' id='word_1_39' title='bbox 1333 586 1470 639; x_wconf 71' lang='lat' dir='ltr'><strong>ceterum</strong></span> <span class='ocrx_word' id='word_1_40' title='bbox 1485 599 1516 639; x_wconf 90' lang='lat' dir='ltr'><strong>re</strong></span> <span class='ocrx_word' id='word_1_41' title='bbox 1530 588 1559 639; x_wconf 92' lang='lat' dir='ltr'><strong>et</strong></span> <span class='ocrx_word' id='word_1_42' title='bbox 1569 581 1761 656; x_wconf 88' lang='lat' dir='ltr'><strong>operepotius</strong></span> 
     </span>
     <span class='ocr_line' id='line_1_4' title="bbox 55 672 1760 750; baseline -0.006 -12"><span class='ocrx_word' id='word_1_43' title='bbox 55 685 114 749; x_wconf 79' lang='lat' dir='ltr'><strong>est,</strong></span> <span class='ocrx_word' id='word_1_44' title='bbox 128 678 187 735; x_wconf 81' lang='lat' dir='ltr'><strong>Lex</strong></span> <span class='ocrx_word' id='word_1_45' title='bbox 200 676 316 734; x_wconf 85' lang='lat' dir='ltr'><strong>Domini</strong></span> <span class='ocrx_word' id='word_1_46' title='bbox 328 676 499 749; x_wconf 84' lang='lat' dir='ltr'><strong>spiritualis,</strong></span> <span class='ocrx_word' id='word_1_47' title='bbox 514 677 722 750; x_wconf 82' lang='lat' dir='ltr'><strong>AEthiopissam</strong></span> <span class='ocrx_word' id='word_1_48' title='bbox 738 678 773 732; x_wconf 90' lang='lat' dir='ltr'><strong>de</strong></span> <span class='ocrx_word' id='word_1_49' title='bbox 788 677 882 749; x_wconf 89' lang='lat' dir='ltr'><strong>genti·</strong></span> <span class='ocrx_word' id='word_1_50' title='bbox 936 676 966 732; x_wconf 91' lang='lat' dir='ltr'><strong>in</strong></span> <span class='ocrx_word' id='word_1_51' title='bbox 982 675 1102 731; x_wconf 89' lang='lat' dir='ltr'><strong>sinistra</strong></span> <span class='ocrx_word' id='word_1_52' title='bbox 1115 677 1169 729; x_wconf 86' lang='lat' dir='ltr'><strong>cst.</strong></span> <span class='ocrx_word' id='word_1_53' title='bbox 1184 674 1343 744; x_wconf 86' lang='lat' dir='ltr'><strong>Postquam</strong></span> <span class='ocrx_word' id='word_1_54' title='bbox 1358 676 1454 728; x_wconf 86' lang='lat' dir='ltr'><strong>autem</strong></span> <span class='ocrx_word' id='word_1_55' title='bbox 1467 672 1628 728; x_wconf 81' lang='lat' dir='ltr'><strong>extenderit</strong></span> <span class='ocrx_word' id='word_1_56' title='bbox 1638 687 1760 728; x_wconf 91' lang='lat' dir='ltr'><strong>manum</strong></span> 
     </span>
     <span class='ocr_line' id='line_1_5' title="bbox 55 759 1762 838; baseline -0.005 -12"><span class='ocrx_word' id='word_1_57' title='bbox 55 770 115 826; x_wconf 83' lang='lat' dir='ltr'><strong>bus</strong></span> <span class='ocrx_word' id='word_1_58' title='bbox 125 767 210 824; x_wconf 86' lang='lat' dir='ltr'><strong>duxit</strong></span> <span class='ocrx_word' id='word_1_59' title='bbox 225 781 344 822; x_wconf 88' lang='lat' dir='ltr'><strong>uxorem</strong></span> <span class='ocrx_word' id='word_1_60' title='bbox 356 765 451 837; x_wconf 69' lang='lat' dir='ltr'><strong>(Eroti.</strong></span> <span class='ocrx_word' id='word_1_61' title='bbox 463 767 515 838; x_wconf 88' lang='lat' dir='ltr'><strong>n):</strong></span> <span class='ocrx_word' id='word_1_62' title='bbox 538 771 567 822; x_wconf 87' lang='lat' dir='ltr'><strong>et</strong></span> <span class='ocrx_word' id='word_1_63' title='bbox 589 766 689 833; x_wconf 88' lang='lat' dir='ltr'><strong>illaria,</strong></span> <span class='ocrx_word' id='word_1_64' title='bbox 705 766 798 831; x_wconf 90' lang='lat' dir='ltr'><strong>idest,</strong></span> <span class='ocrx_word' id='word_1_65' title='bbox 814 782 883 838; x_wconf 77' lang='lat' dir='ltr'><strong>syn·</strong></span> <span class='ocrx_word' id='word_1_66' title='bbox 937 780 1022 822; x_wconf 89' lang='lat' dir='ltr'><strong>suam</strong></span> <span class='ocrx_word' id='word_1_67' title='bbox 1038 778 1128 837; x_wconf 88' lang='lat' dir='ltr'><strong>super</strong></span> <span class='ocrx_word' id='word_1_68' title='bbox 1140 762 1313 835; x_wconf 81' lang='lat' dir='ltr'><strong>Aquilonem</strong></span> <span class='ocrx_word' id='word_1_69' title='bbox 1327 761 1476 828; x_wconf 84' lang='lat' dir='ltr'><strong>Dominus,</strong></span> <span class='ocrx_word' id='word_1_70' title='bbox 1493 761 1594 834; x_wconf 90' lang='lat' dir='ltr'><strong>perdet</strong></span> <span class='ocrx_word' id='word_1_71' title='bbox 1608 759 1694 817; x_wconf 88' lang='lat' dir='ltr'><strong>etiem</strong></span> <span class='ocrx_word' id='word_1_72' title='bbox 1711 761 1762 819; x_wconf 85' lang='lat' dir='ltr'><strong>As-</strong></span> 
     </span>
     <span class='ocr_line' id='line_1_6' title="bbox 56 848 1763 932; baseline -0.002 -20"><span class='ocrx_word' id='word_1_73' title='bbox 56 856 354 932; x_wconf 78' lang='lat' dir='ltr'><strong>agogaJudaeorum:</strong></span> <span class='ocrx_word' id='word_1_74' title='bbox 371 860 401 910; x_wconf 86' lang='lat' dir='ltr'><strong>et</strong></span> <span class='ocrx_word' id='word_1_75' title='bbox 415 860 523 922; x_wconf 80' lang='lat' dir='ltr'><strong>Aaron,</strong></span> <span class='ocrx_word' id='word_1_76' title='bbox 540 855 568 911; x_wconf 89' lang='lat' dir='ltr'><strong>id</strong></span> <span class='ocrx_word' id='word_1_77' title='bbox 585 859 640 926; x_wconf 90' lang='lat' dir='ltr'><strong>est,</strong></span> <span class='ocrx_word' id='word_1_78' title='bbox 657 855 772 911; x_wconf 86' lang='lat' dir='ltr'><strong>carnale</strong></span> <span class='ocrx_word' id='word_1_79' title='bbox 788 871 883 911; x_wconf 84' lang='lat' dir='ltr'><strong>ancer·</strong></span> <span class='ocrx_word' id='word_1_80' title='bbox 938 870 1000 921; x_wconf 86' lang='lat' dir='ltr'><strong>eur,</strong></span> <span class='ocrx_word' id='word_1_81' title='bbox 1017 853 1067 926; x_wconf 90' lang='lat' dir='ltr'><strong>qui</strong></span> <span class='ocrx_word' id='word_1_82' title='bbox 1083 852 1292 925; x_wconf 88' lang='lat' dir='ltr'><strong>interpretatur</strong></span> <span class='ocrx_word' id='word_1_83' title='bbox 1317 848 1432 904; x_wconf 73' lang='lat' dir='ltr'><strong>editions</strong></span> <span class='ocrx_word' id='word_1_84' title='bbox 1458 867 1544 923; x_wconf 92' lang='lat' dir='ltr'><strong>quem</strong></span> <span class='ocrx_word' id='word_1_85' title='bbox 1560 850 1644 907; x_wconf 91' lang='lat' dir='ltr'><strong>multi</strong></span> <span class='ocrx_word' id='word_1_86' title='bbox 1660 856 1763 924; x_wconf 84' lang='lat' dir='ltr'><strong>putent</strong></span> 
     </span>
     <span class='ocr_line' id='line_1_7' title="bbox 56 937 1763 1017; baseline -0.004 -13"><span class='ocrx_word' id='word_1_87' title='bbox 56 947 183 1017; x_wconf 87' lang='lat' dir='ltr'><strong>dotium,</strong></span> <span class='ocrx_word' id='word_1_88' title='bbox 199 950 228 1001; x_wconf 88' lang='lat' dir='ltr'><strong>et</strong></span> <span class='ocrx_word' id='word_1_89' title='bbox 244 960 301 1000; x_wconf 91' lang='lat' dir='ltr'><strong>non</strong></span> <span class='ocrx_word' id='word_1_90' title='bbox 318 945 480 1001; x_wconf 88' lang='lat' dir='ltr'><strong>seeundum</strong></span> <span class='ocrx_word' id='word_1_91' title='bbox 508 944 640 1000; x_wconf 78' lang='lat' dir='ltr'><strong>ordinem</strong></span> <span class='ocrx_word' id='word_1_92' title='bbox 662 943 883 1014; x_wconf 75' lang='lat' dir='ltr'><strong>Melchisedech,</strong></span> <span class='ocrx_word' id='word_1_93' title='bbox 938 943 1101 1016; x_wconf 77' lang='lat' dir='ltr'><strong>diripentem</strong></span> <span class='ocrx_word' id='word_1_94' title='bbox 1115 940 1182 1008; x_wconf 88' lang='lat' dir='ltr'><strong>dici,</strong></span> <span class='ocrx_word' id='word_1_95' title='bbox 1199 941 1249 997; x_wconf 90' lang='lat' dir='ltr'><strong>sed</strong></span> <span class='ocrx_word' id='word_1_96' title='bbox 1266 939 1371 996; x_wconf 82' lang='lat' dir='ltr'><strong>falsum</strong></span> <span class='ocrx_word' id='word_1_97' title='bbox 1388 943 1450 996; x_wconf 90' lang='lat' dir='ltr'><strong>est:</strong></span> <span class='ocrx_word' id='word_1_98' title='bbox 1468 937 1583 994; x_wconf 73' lang='grc' dir='ltr'>εὐθύνων</span> <span class='ocrx_word' id='word_1_99' title='bbox 1600 940 1678 996; x_wconf 91' lang='lat' dir='ltr'><strong>enim</strong></span> <span class='ocrx_word' id='word_1_100' title='bbox 1688 958 1763 997; x_wconf 83' lang='lat' dir='ltr'><strong>cour·-</strong></span> 
     </span>
     <span class='ocr_line' id='line_1_8' title="bbox 56 1029 1762 1105; baseline -0.004 -12"><span class='ocrx_word' id='word_1_101' title='bbox 56 1037 248 1093; x_wconf 88' lang='lat' dir='ltr'><strong>murmurnnt</strong></span> <span class='ocrx_word' id='word_1_102' title='bbox 277 1035 417 1089; x_wconf 86' lang='lat' dir='ltr'><strong>adversus</strong></span> <span class='ocrx_word' id='word_1_103' title='bbox 444 1034 560 1105; x_wconf 86' lang='lat' dir='ltr'><strong>Legem,</strong></span> <span class='ocrx_word' id='word_1_104' title='bbox 574 1033 625 1090; x_wconf 88' lang='lat' dir='ltr'><strong>sed</strong></span> <span class='ocrx_word' id='word_1_105' title='bbox 643 1034 761 1089; x_wconf 77' lang='lat' dir='ltr'><strong>trustis.</strong></span> <span class='ocrx_word' id='word_1_106' title='bbox 779 1033 884 1090; x_wconf 81' lang='lat' dir='ltr'><strong>Statim</strong></span> <span class='ocrx_word' id='word_1_107' title='bbox 938 1048 1024 1103; x_wconf 74' lang='lat' dir='ltr'><strong>puers</strong></span> <span class='ocrx_word' id='word_1_108' title='bbox 1038 1030 1155 1101; x_wconf 88' lang='lat' dir='ltr'><strong>dicitur,</strong></span> <span class='ocrx_word' id='word_1_109' title='bbox 1171 1033 1259 1102; x_wconf 89' lang='lat' dir='ltr'><strong>etque</strong></span> <span class='ocrx_word' id='word_1_110' title='bbox 1273 1031 1443 1087; x_wconf 78' lang='lat' dir='ltr'><strong>convincens.</strong></span> <span class='ocrx_word' id='word_1_111' title='bbox 1456 1032 1492 1084; x_wconf 82' lang='lat' dir='ltr'><strong>nt</strong></span> <span class='ocrx_word' id='word_1_112' title='bbox 1512 1029 1649 1103; x_wconf 88' lang='lat' dir='ltr'><strong>quoniam</strong></span> <span class='ocrx_word' id='word_1_113' title='bbox 1662 1030 1762 1087; x_wconf 89' lang='lat' dir='ltr'><strong>diebo-</strong></span> 
     </span>
     <span class='ocr_line' id='line_1_9' title="bbox 57 1118 1762 1197; baseline -0.004 -17"><span class='ocrx_word' id='word_1_114' title='bbox 57 1124 138 1181; x_wconf 84' lang='lat' dir='ltr'><strong>enim</strong></span> <span class='ocrx_word' id='word_1_115' title='bbox 168 1138 317 1197; x_wconf 76' lang='lat' dir='ltr'><strong>synagoge</strong></span> <span class='ocrx_word' id='word_1_116' title='bbox 343 1121 529 1195; x_wconf 81' lang='lat' dir='ltr'><strong>perfunditur</strong></span> <span class='ocrx_word' id='word_1_117' title='bbox 559 1124 629 1179; x_wconf 77' lang='lat' dir='ltr'><em>m</em></span> <span class='ocrx_word' id='word_1_118' title='bbox 656 1121 747 1194; x_wconf 87' lang='lat' dir='ltr'><strong>lepre,</strong></span> <span class='ocrx_word' id='word_1_119' title='bbox 763 1126 791 1178; x_wconf 91' lang='lat' dir='ltr'><strong>et</strong></span> <span class='ocrx_word' id='word_1_120' title='bbox 806 1126 887 1178; x_wconf 80' lang='lat' dir='ltr'><strong>extra</strong></span> <span class='ocrx_word' id='word_1_121' title='bbox 939 1118 1762 1194; x_wconf 87' lang='lat' dir='ltr'><strong>lusipseeetinimicusctultor,etipsepeocntasugge·</strong></span> 
     </span>
     <span class='ocr_line' id='line_1_10' title="bbox 59 1207 1765 1286; baseline -0.003 -17"><span class='ocrx_word' id='word_1_122' title='bbox 59 1218 159 1269; x_wconf 81' lang='lat' dir='ltr'><strong>eastra</strong></span> <span class='ocrx_word' id='word_1_123' title='bbox 187 1212 327 1284; x_wconf 85' lang='lat' dir='ltr'><strong>projecta,</strong></span> <span class='ocrx_word' id='word_1_124' title='bbox 358 1211 503 1283; x_wconf 86' lang='lat' dir='ltr'><strong>completo</strong></span> <span class='ocrx_word' id='word_1_125' title='bbox 531 1216 673 1286; x_wconf 86' lang='lat' dir='ltr'><strong>tempore,</strong></span> <span class='ocrx_word' id='word_1_126' title='bbox 703 1212 767 1283; x_wconf 89' lang='lat' dir='ltr'><strong>ipso</strong></span> <span class='ocrx_word' id='word_1_127' title='bbox 787 1216 887 1268; x_wconf 87' lang='lat' dir='ltr'><strong>orante</strong></span> <span class='ocrx_word' id='word_1_128' title='bbox 941 1210 988 1282; x_wconf 89' lang='lat' dir='ltr'><strong>rit,</strong></span> <span class='ocrx_word' id='word_1_129' title='bbox 1000 1213 1029 1267; x_wconf 90' lang='lat' dir='ltr'><strong>et</strong></span> <span class='ocrx_word' id='word_1_130' title='bbox 1039 1214 1139 1283; x_wconf 88' lang='lat' dir='ltr'><strong>postea</strong></span> <span class='ocrx_word' id='word_1_131' title='bbox 1149 1209 1177 1264; x_wconf 87' lang='lat' dir='ltr'><strong>in</strong></span> <span class='ocrx_word' id='word_1_132' title='bbox 1192 1208 1318 1282; x_wconf 88' lang='lat' dir='ltr'><strong>peccetis</strong></span> <span class='ocrx_word' id='word_1_133' title='bbox 1327 1208 1461 1282; x_wconf 85' lang='lat' dir='ltr'><strong>coarguit</strong></span> <span class='ocrx_word' id='word_1_134' title='bbox 1471 1212 1646 1282; x_wconf 79' lang='lat' dir='ltr'><strong>peccatores,</strong></span> <span class='ocrx_word' id='word_1_135' title='bbox 1657 1207 1765 1266; x_wconf 89' lang='lat' dir='ltr'><strong>ldoirco</strong></span> 
     </span>
     <span class='ocr_line' id='line_1_11' title="bbox 60 1297 1766 1375; baseline -0.003 -16"><span class='ocrx_word' id='word_1_136' title='bbox 60 1302 168 1375; x_wconf 74' lang='lat' dir='ltr'><strong>Moyse,</strong></span> <span class='ocrx_word' id='word_1_137' title='bbox 185 1300 213 1355; x_wconf 87' lang='lat' dir='ltr'><strong>in</strong></span> <span class='ocrx_word' id='word_1_138' title='bbox 230 1305 326 1357; x_wconf 82' lang='lat' dir='ltr'><strong>castre</strong></span> <span class='ocrx_word' id='word_1_139' title='bbox 340 1301 499 1356; x_wconf 81' lang='lat' dir='ltr'><strong>reducitur.</strong></span> <span class='ocrx_word' id='word_1_140' title='bbox 520 1300 672 1374; x_wconf 78' lang='lat' dir='ltr'><strong>AEthiopiae</strong></span> <span class='ocrx_word' id='word_1_141' title='bbox 686 1301 765 1357; x_wconf 90' lang='lat' dir='ltr'><strong>enim</strong></span> <span class='ocrx_word' id='word_1_142' title='bbox 781 1317 888 1356; x_wconf 81' lang='lat' dir='ltr'><strong>manus</strong></span> <span class='ocrx_word' id='word_1_143' title='bbox 942 1297 1058 1354; x_wconf 77' lang='grc' dir='ltr'>εὐθύνων</span> <span class='ocrx_word' id='word_1_144' title='bbox 1077 1302 1203 1354; x_wconf 80' lang='lat' dir='ltr'><strong>rotatur.</strong></span> <span class='ocrx_word' id='word_1_145' title='bbox 1220 1297 1302 1353; x_wconf 87' lang='lat' dir='ltr'><strong>Hunc</strong></span> <span class='ocrx_word' id='word_1_146' title='bbox 1317 1311 1370 1369; x_wconf 83' lang='lat' dir='ltr'><strong>ego</strong></span> <span class='ocrx_word' id='word_1_147' title='bbox 1386 1313 1450 1353; x_wconf 89' lang='lat' dir='ltr'><strong>esse</strong></span> <span class='ocrx_word' id='word_1_148' title='bbox 1465 1297 1700 1371; x_wconf 86' lang='lat' dir='ltr'><strong>reorprincipem</strong></span> <span class='ocrx_word' id='word_1_149' title='bbox 1713 1298 1766 1354; x_wconf 82' lang='lat' dir='ltr'><strong>As·</strong></span> 
     </span>
     <span class='ocr_line' id='line_1_12' title="bbox 56 1386 1765 1464; baseline -0.002 -17"><span class='ocrx_word' id='word_1_150' title='bbox 56 1391 121 1464; x_wconf 78' lang='lat' dir='ltr'><strong>jam</strong></span> <span class='ocrx_word' id='word_1_151' title='bbox 137 1395 315 1462; x_wconf 75' lang='lat' dir='ltr'><strong>prevenerat</strong></span> <span class='ocrx_word' id='word_1_152' title='bbox 329 1390 422 1445; x_wconf 89' lang='lat' dir='ltr'><strong>Deum</strong></span> <span class='ocrx_word' id='word_1_153' title='bbox 437 1390 496 1461; x_wconf 80' lang='lat' dir='ltr'><strong>(Pr.</strong></span> <span class='ocrx_word' id='word_1_154' title='bbox 512 1391 610 1462; x_wconf 80' lang='lat' dir='ltr'>vau).</span> <span class='ocrx_word' id='word_1_155' title='bbox 625 1388 887 1446; x_wconf 83' lang='lat' dir='ltr'><strong>Comminatnrlta·</strong></span> <span class='ocrx_word' id='word_1_156' title='bbox 942 1388 1096 1462; x_wconf 71' lang='lat' dir='ltr'><strong>syriorum,</strong></span> <span class='ocrx_word' id='word_1_157' title='bbox 1109 1388 1158 1460; x_wconf 91' lang='lat' dir='ltr'><strong>qui</strong></span> <span class='ocrx_word' id='word_1_158' title='bbox 1170 1387 1283 1443; x_wconf 83' lang='lat' dir='ltr'><strong>habitet</strong></span> <span class='ocrx_word' id='word_1_159' title='bbox 1293 1387 1328 1442; x_wconf 87' lang='lat' dir='ltr'><strong>ed</strong></span> <span class='ocrx_word' id='word_1_160' title='bbox 1341 1386 1526 1459; x_wconf 73' lang='lat' dir='ltr'><strong>Aquilonem,</strong></span> <span class='ocrx_word' id='word_1_161' title='bbox 1541 1391 1570 1444; x_wconf 91' lang='lat' dir='ltr'><strong>et</strong></span> <span class='ocrx_word' id='word_1_162' title='bbox 1580 1386 1765 1459; x_wconf 85' lang='lat' dir='ltr'><strong>metropolim</strong></span> 
     </span>
     <span class='ocr_line' id='line_1_13' title="bbox 60 1475 1765 1553; baseline -0.001 -18"><span class='ocrx_word' id='word_1_163' title='bbox 60 1494 120 1553; x_wconf 88' lang='lat' dir='ltr'><strong>qne</strong></span> <span class='ocrx_word' id='word_1_164' title='bbox 135 1490 214 1535; x_wconf 85' lang='lat' dir='ltr'><strong>nuno</strong></span> <span class='ocrx_word' id='word_1_165' title='bbox 228 1492 326 1533; x_wconf 89' lang='lat' dir='ltr'><strong>sermo</strong></span> <span class='ocrx_word' id='word_1_166' title='bbox 340 1478 458 1534; x_wconf 85' lang='lat' dir='ltr'><strong>divinus</strong></span> <span class='ocrx_word' id='word_1_167' title='bbox 474 1477 520 1534; x_wconf 83' lang='lat' dir='ltr'><strong>liis</strong></span> <span class='ocrx_word' id='word_1_168' title='bbox 535 1479 585 1551; x_wconf 92' lang='lat' dir='ltr'><strong>qui</strong></span> <span class='ocrx_word' id='word_1_169' title='bbox 601 1479 729 1551; x_wconf 87' lang='lat' dir='ltr'><strong>pecentis</strong></span> <span class='ocrx_word' id='word_1_170' title='bbox 743 1478 887 1535; x_wconf 80' lang='lat' dir='ltr'><strong>inheren·</strong></span> <span class='ocrx_word' id='word_1_171' title='bbox 941 1477 1030 1534; x_wconf 86' lang='lat' dir='ltr'><strong>hehet</strong></span> <span class='ocrx_word' id='word_1_172' title='bbox 1039 1476 1181 1541; x_wconf 86' lang='lat' dir='ltr'><strong>Nivinem,</strong></span> <span class='ocrx_word' id='word_1_173' title='bbox 1191 1480 1219 1531; x_wconf 88' lang='lat' dir='ltr'><strong>et</strong></span> <span class='ocrx_word' id='word_1_174' title='bbox 1232 1475 1302 1533; x_wconf 88' lang='lat' dir='ltr'><strong>dicit</strong></span> <span class='ocrx_word' id='word_1_175' title='bbox 1315 1475 1344 1532; x_wconf 89' lang='lat' dir='ltr'><strong>ln</strong></span> <span class='ocrx_word' id='word_1_176' title='bbox 1355 1477 1449 1532; x_wconf 87' lang='lat' dir='ltr'><strong>isaia:</strong></span> <span class='ocrx_word' id='word_1_177' title='bbox 1467 1476 1638 1533; x_wconf 65' lang='lat' dir='ltr'><strong>Fortitudinis</strong></span> <span class='ocrx_word' id='word_1_178' title='bbox 1651 1479 1765 1548; x_wconf 71' lang='lat' dir='ltr'><strong>iudom,</strong></span> 
     </span>
     <span class='ocr_line' id='line_1_14' title="bbox 59 1566 1768 1639; baseline -0.001 -14"><span class='ocrx_word' id='word_1_179' title='bbox 59 1573 118 1636; x_wconf 79' lang='lat' dir='ltr'><strong>tes,</strong></span> <span class='ocrx_word' id='word_1_180' title='bbox 133 1570 163 1624; x_wconf 88' lang='lat' dir='ltr'><strong>et</strong></span> <span class='ocrx_word' id='word_1_181' title='bbox 185 1566 269 1622; x_wconf 89' lang='lat' dir='ltr'><strong>obliti</strong></span> <span class='ocrx_word' id='word_1_182' title='bbox 285 1567 423 1623; x_wconf 85' lang='lat' dir='ltr'><strong>sordibus</strong></span> <span class='ocrx_word' id='word_1_183' title='bbox 444 1567 628 1634; x_wconf 88' lang='lat' dir='ltr'><strong>delictorum,</strong></span> <span class='ocrx_word' id='word_1_184' title='bbox 645 1567 749 1625; x_wconf 91' lang='lat' dir='ltr'><strong>nolunt</strong></span> <span class='ocrx_word' id='word_1_185' title='bbox 776 1568 888 1638; x_wconf 81' lang='lat' dir='ltr'><strong>edme-</strong></span> <span class='ocrx_word' id='word_1_186' title='bbox 942 1571 969 1625; x_wconf 87' lang='lat' dir='ltr'><strong>et</strong></span> <span class='ocrx_word' id='word_1_187' title='bbox 982 1568 1118 1639; x_wconf 78' lang='lat' dir='ltr'><strong>sapientia</strong></span> <span class='ocrx_word' id='word_1_188' title='bbox 1129 1566 1286 1622; x_wconf 81' lang='lat' dir='ltr'><strong>intellectus</strong></span> <span class='ocrx_word' id='word_1_189' title='bbox 1298 1567 1424 1637; x_wconf 71' lang='lat' dir='ltr'><strong>cosmum</strong></span> <span class='ocrx_word' id='word_1_190' title='bbox 1438 1568 1725 1638; x_wconf 74' lang='lat' dir='ltr'><strong>terminorj&#39;penttum,</strong></span> <span class='ocrx_word' id='word_1_191' title='bbox 1742 1576 1768 1623; x_wconf 88' lang='lat' dir='ltr'><strong>et</strong></span> 
     </span>
     <span class='ocr_line' id='line_1_15' title="bbox 60 1655 1767 1730; baseline 0 -17"><span class='ocrx_word' id='word_1_192' title='bbox 60 1656 137 1713; x_wconf 89' lang='lat' dir='ltr'><strong>llora</strong></span> <span class='ocrx_word' id='word_1_193' title='bbox 149 1656 289 1723; x_wconf 82' lang='lat' dir='ltr'><strong>converti,</strong></span> <span class='ocrx_word' id='word_1_194' title='bbox 319 1660 349 1711; x_wconf 90' lang='lat' dir='ltr'><strong>et</strong></span> <span class='ocrx_word' id='word_1_195' title='bbox 377 1657 565 1713; x_wconf 89' lang='lat' dir='ltr'><strong>tenebrosum</strong></span> <span class='ocrx_word' id='word_1_196' title='bbox 595 1656 721 1713; x_wconf 89' lang='lat' dir='ltr'><strong>colorem</strong></span> <span class='ocrx_word' id='word_1_197' title='bbox 737 1656 846 1724; x_wconf 88' lang='lat' dir='ltr'><strong>eluere,</strong></span> <span class='ocrx_word' id='word_1_198' title='bbox 862 1660 890 1712; x_wconf 91' lang='lat' dir='ltr'><strong>et</strong></span> <span class='ocrx_word' id='word_1_199' title='bbox 942 1656 1352 1727; x_wconf 78' lang='lat' dir='ltr'><strong>eireseurumdeposcor(lsui.</strong></span> <span class='ocrx_word' id='word_1_200' title='bbox 1368 1672 1397 1720; x_wconf 80' lang='lat' dir='ltr'><strong>x,</strong></span> <span class='ocrx_word' id='word_1_201' title='bbox 1412 1672 1464 1711; x_wconf 85' lang='lat' dir='ltr'><strong>sec.</strong></span> <span class='ocrx_word' id='word_1_202' title='bbox 1480 1655 1566 1728; x_wconf 85' lang='lat' dir='ltr'><strong>thl).</strong></span> <span class='ocrx_word' id='word_1_203' title='bbox 1584 1660 1672 1713; x_wconf 89' lang='lat' dir='ltr'><strong>Porro</strong></span> <span class='ocrx_word' id='word_1_204' title='bbox 1687 1657 1767 1730; x_wconf 91' lang='lat' dir='ltr'><strong>quod</strong></span> 
     </span>
     <span class='ocr_line' id='line_1_16' title="bbox 61 1744 1768 1818; baseline 0.001 -16"><span class='ocrx_word' id='word_1_205' title='bbox 61 1744 261 1802; x_wconf 80' lang='lat' dir='ltr'><strong>comminatur</strong></span> <span class='ocrx_word' id='word_1_206' title='bbox 275 1744 318 1800; x_wconf 90' lang='lat' dir='ltr'><strong>eis</strong></span> <span class='ocrx_word' id='word_1_207' title='bbox 332 1745 475 1817; x_wconf 79' lang='lat' dir='ltr'><strong>gladium,</strong></span> <span class='ocrx_word' id='word_1_208' title='bbox 499 1745 535 1801; x_wconf 92' lang='lat' dir='ltr'><strong>de</strong></span> <span class='ocrx_word' id='word_1_209' title='bbox 550 1762 608 1817; x_wconf 92' lang='lat' dir='ltr'><strong>quo</strong></span> <span class='ocrx_word' id='word_1_210' title='bbox 624 1750 695 1818; x_wconf 91' lang='lat' dir='ltr'><strong>puto</strong></span> <span class='ocrx_word' id='word_1_211' title='bbox 711 1746 798 1802; x_wconf 79' lang='lat' dir='ltr'><strong>scribi</strong></span> <span class='ocrx_word' id='word_1_212' title='bbox 814 1749 844 1802; x_wconf 91' lang='lat' dir='ltr'><strong>et</strong></span> <span class='ocrx_word' id='word_1_213' title='bbox 859 1745 891 1801; x_wconf 92' lang='lat' dir='ltr'><strong>iu·</strong></span> <span class='ocrx_word' id='word_1_214' title='bbox 943 1745 1077 1818; x_wconf 89' lang='lat' dir='ltr'><strong>sequitur</strong></span> <span class='ocrx_word' id='word_1_215' title='bbox 1092 1745 1128 1801; x_wconf 91' lang='lat' dir='ltr'><strong>de</strong></span> <span class='ocrx_word' id='word_1_216' title='bbox 1138 1745 1238 1800; x_wconf 89' lang='lat' dir='ltr'><strong>Ninive</strong></span> <span class='ocrx_word' id='word_1_217' title='bbox 1253 1749 1385 1801; x_wconf 83' lang='lat' dir='ltr'><strong>vastate:</strong></span> <span class='ocrx_word' id='word_1_218' title='bbox 1409 1746 1442 1801; x_wconf 75' lang='lat' dir='ltr'><strong>tt</strong></span> <span class='ocrx_word' id='word_1_219' title='bbox 1459 1753 1605 1817; x_wconf 76' lang='lat' dir='ltr'><strong>pascentur</strong></span> <span class='ocrx_word' id='word_1_220' title='bbox 1619 1748 1649 1802; x_wconf 83' lang='lat' dir='ltr'><strong>in</strong></span> <span class='ocrx_word' id='word_1_221' title='bbox 1662 1762 1695 1803; x_wconf 89' lang='lat' dir='ltr'><strong>eo</strong></span> <span class='ocrx_word' id='word_1_222' title='bbox 1709 1762 1768 1816; x_wconf 80' lang='lat' dir='ltr'><strong>pre-</strong></span> 
     </span>
     <span class='ocr_line' id='line_1_17' title="bbox 60 1831 1770 1909; baseline 0.001 -18"><span class='ocrx_word' id='word_1_223' title='bbox 60 1833 183 1891; x_wconf 79' lang='lat' dir='ltr'><strong>tienesi:</strong></span> <span class='ocrx_word' id='word_1_224' title='bbox 194 1831 302 1888; x_wconf 83' lang='lat' dir='ltr'><strong>Statuit</strong></span> <span class='ocrx_word' id='word_1_225' title='bbox 316 1833 503 1900; x_wconf 67' lang='lat' dir='ltr'><strong>dimittent</strong></span> <span class='ocrx_word' id='word_1_226' title='bbox 516 1836 675 1904; x_wconf 61' lang='lat' dir='ltr'><strong>mmmeum</strong></span> <span class='ocrx_word' id='word_1_227' title='bbox 688 1836 825 1909; x_wconf 71' lang='lat' dir='ltr'><strong>plotium,</strong></span> <span class='ocrx_word' id='word_1_228' title='bbox 840 1836 890 1908; x_wconf 84' lang='lat' dir='ltr'><strong>qui</strong></span> <span class='ocrx_word' id='word_1_229' title='bbox 942 1850 996 1906; x_wconf 82' lang='lat' dir='ltr'><strong>pes,</strong></span> <span class='ocrx_word' id='word_1_230' title='bbox 1012 1842 1038 1889; x_wconf 84' lang='lat' dir='ltr'><strong>et</strong></span> <span class='ocrx_word' id='word_1_231' title='bbox 1051 1849 1143 1890; x_wconf 80' lang='lat' dir='ltr'><strong>omnes</strong></span> <span class='ocrx_word' id='word_1_232' title='bbox 1159 1833 1250 1889; x_wconf 76' lang='lat' dir='ltr'><strong>tertie</strong></span> <span class='ocrx_word' id='word_1_233' title='bbox 1272 1838 1365 1905; x_wconf 81' lang='lat' dir='ltr'><strong>terrae,</strong></span> <span class='ocrx_word' id='word_1_234' title='bbox 1394 1834 1615 1903; x_wconf 64' lang='lat' dir='ltr'><strong>chamaeleontes,</strong></span> <span class='ocrx_word' id='word_1_235' title='bbox 1631 1843 1657 1892; x_wconf 88' lang='lat' dir='ltr'><strong>et</strong></span> <span class='ocrx_word' id='word_1_236' title='bbox 1671 1836 1770 1893; x_wconf 76' lang='lat' dir='ltr'><strong>iteritr&#39;i</strong></span> 
     </span>
     <span class='ocr_line' id='line_1_18' title="bbox 61 1922 1770 1996; baseline 0.001 -17"><span class='ocrx_word' id='word_1_237' title='bbox 61 1923 143 1979; x_wconf 80' lang='lat' dir='ltr'><strong>uertit</strong></span> <span class='ocrx_word' id='word_1_238' title='bbox 156 1922 193 1977; x_wconf 83' lang='lat' dir='ltr'><strong>oti</strong></span> <span class='ocrx_word' id='word_1_239' title='bbox 206 1922 414 1978; x_wconf 77' lang='lat' dir='ltr'><strong>cnutodirndem</strong></span> <span class='ocrx_word' id='word_1_240' title='bbox 434 1924 508 1978; x_wconf 76' lang='lat' dir='ltr'><strong>olom</strong></span> <span class='ocrx_word' id='word_1_241' title='bbox 523 1924 596 1993; x_wconf 78' lang='lat' dir='ltr'><strong>lipnt&#39;</strong></span> <span class='ocrx_word' id='word_1_242' title='bbox 609 1925 684 1982; x_wconf 81' lang='lat' dir='ltr'><strong>vitae.</strong></span> <span class='ocrx_word' id='word_1_243' title='bbox 700 1924 736 1980; x_wconf 76' lang='lat' dir='ltr'><strong>tt</strong></span> <span class='ocrx_word' id='word_1_244' title='bbox 750 1924 778 1980; x_wconf 92' lang='lat' dir='ltr'><strong>in</strong></span> <span class='ocrx_word' id='word_1_245' title='bbox 796 1925 887 1981; x_wconf 84' lang='lat' dir='ltr'><strong>lenia:</strong></span> <span class='ocrx_word' id='word_1_246' title='bbox 943 1923 973 1978; x_wconf 86' lang='lat' dir='ltr'><strong>in</strong></span> <span class='ocrx_word' id='word_1_247' title='bbox 985 1923 1153 1995; x_wconf 74' lang='lat' dir='ltr'><strong>praesepitur</strong></span> <span class='ocrx_word' id='word_1_248' title='bbox 1167 1924 1225 1996; x_wconf 83' lang='lat' dir='ltr'><strong>ejus</strong></span> <span class='ocrx_word' id='word_1_249' title='bbox 1233 1924 1412 1990; x_wconf 80' lang='lat' dir='ltr'><strong>occutobunt,</strong></span> <span class='ocrx_word' id='word_1_250' title='bbox 1423 1927 1450 1980; x_wconf 80' lang='lat' dir='ltr'><strong>et</strong></span> <span class='ocrx_word' id='word_1_251' title='bbox 1461 1924 1552 1981; x_wconf 77' lang='lat' dir='ltr'><strong>testie</strong></span> <span class='ocrx_word' id='word_1_252' title='bbox 1561 1925 1729 1996; x_wconf 77' lang='lat' dir='ltr'><strong>requiescent</strong></span> <span class='ocrx_word' id='word_1_253' title='bbox 1738 1927 1770 1981; x_wconf 84' lang='lat' dir='ltr'><strong>in</strong></span> 
     </span>
     <span class='ocr_line' id='line_1_19' title="bbox 62 2010 1835 2086; baseline 0.002 -18"><span class='ocrx_word' id='word_1_254' title='bbox 62 2010 311 2079; x_wconf 72' lang='lat' dir='ltr'><strong>momentarium</strong></span> <span class='ocrx_word' id='word_1_255' title='bbox 326 2028 459 2084; x_wconf 81' lang='lat' dir='ltr'><strong>rnupnum</strong></span> <span class='ocrx_word' id='word_1_256' title='bbox 472 2014 498 2068; x_wconf 83' lang='lat' dir='ltr'><strong>et</strong></span> <span class='ocrx_word' id='word_1_257' title='bbox 511 2013 683 2085; x_wconf 78' lang='lat' dir='ltr'><strong>tonctumtu)</strong></span> <span class='ocrx_word' id='word_1_258' title='bbox 698 2029 781 2086; x_wconf 83' lang='lat' dir='ltr'><strong>super</strong></span> <span class='ocrx_word' id='word_1_259' title='bbox 794 2014 890 2069; x_wconf 77' lang='lat' dir='ltr'><strong>droco</strong></span> <span class='ocrx_word' id='word_1_260' title='bbox 944 2011 1103 2069; x_wconf 75' lang='lat' dir='ltr'><strong>cardinibus</strong></span> <span class='ocrx_word' id='word_1_261' title='bbox 1118 2014 1186 2083; x_wconf 75' lang='lat' dir='ltr'><strong>ejus,</strong></span> <span class='ocrx_word' id='word_1_262' title='bbox 1203 2016 1229 2068; x_wconf 85' lang='lat' dir='ltr'><strong>et</strong></span> <span class='ocrx_word' id='word_1_263' title='bbox 1243 2015 1318 2069; x_wconf 79' lang='lat' dir='ltr'><strong>corui</strong></span> <span class='ocrx_word' id='word_1_264' title='bbox 1330 2013 1359 2068; x_wconf 87' lang='lat' dir='ltr'><strong>in</strong></span> <span class='ocrx_word' id='word_1_265' title='bbox 1373 2015 1500 2082; x_wconf 73' lang='lat' dir='ltr'><strong>fenestris</strong></span> <span class='ocrx_word' id='word_1_266' title='bbox 1519 2014 1588 2086; x_wconf 78' lang='lat' dir='ltr'><strong>ejus,</strong></span> <span class='ocrx_word' id='word_1_267' title='bbox 1604 2017 1634 2070; x_wconf 91' lang='lat' dir='ltr'><strong>et</strong></span> <span class='ocrx_word' id='word_1_268' title='bbox 1647 2022 1769 2072; x_wconf 75' lang='lat' dir='ltr'><strong>cetera:</strong></span> <span class='ocrx_word' id='word_1_269' title='bbox 1833 2077 1835 2081; x_wconf 11' lang='grc' dir='ltr'><em>Α</em></span> 
     </span>
     <span class='ocr_line' id='line_1_20' title="bbox 62 2099 1769 2178; baseline 0.002 -22"><span class='ocrx_word' id='word_1_270' title='bbox 62 2099 285 2156; x_wconf 79' lang='lat' dir='ltr'><strong>nemrotutrttrn</strong></span> <span class='ocrx_word' id='word_1_271' title='bbox 299 2105 461 2168; x_wconf 77' lang='lat' dir='ltr'><strong>tortuosum,</strong></span> <span class='ocrx_word' id='word_1_272' title='bbox 490 2107 517 2156; x_wconf 83' lang='lat' dir='ltr'><strong>et</strong></span> <span class='ocrx_word' id='word_1_273' title='bbox 541 2101 784 2172; x_wconf 75' lang='lat' dir='ltr'><strong>interficietittum</strong></span> <span class='ocrx_word' id='word_1_274' title='bbox 803 2102 891 2158; x_wconf 84' lang='lat' dir='ltr'><strong>indie</strong></span> <span class='ocrx_word' id='word_1_275' title='bbox 943 2099 1325 2173; x_wconf 82' lang='lat' dir='ltr'><strong>rideturmihijuxtuillud</strong></span> <span class='ocrx_word' id='word_1_276' title='bbox 1341 2100 1465 2175; x_wconf 79' lang='lat' dir='ltr'><strong>intelligi</strong></span> <span class='ocrx_word' id='word_1_277' title='bbox 1490 2102 1604 2173; x_wconf 89' lang='lat' dir='ltr'><strong>debere,</strong></span> <span class='ocrx_word' id='word_1_278' title='bbox 1630 2104 1769 2178; x_wconf 87' lang='lat' dir='ltr'><strong>quodvol</strong></span> 
     </span>
     <span class='ocr_line' id='line_1_21' title="bbox 64 2189 1770 2265; baseline 0.003 -19"><span class='ocrx_word' id='word_1_279' title='bbox 64 2190 117 2246; x_wconf 81' lang='lat' dir='ltr'><strong>itio</strong></span> <span class='ocrx_word' id='word_1_280' title='bbox 130 2189 205 2261; x_wconf 82' lang='lat' dir='ltr'><strong>(troi.</strong></span> <span class='ocrx_word' id='word_1_281' title='bbox 231 2205 318 2254; x_wconf 77' lang='lat' dir='ltr'><strong>nxvu,</strong></span> <span class='ocrx_word' id='word_1_282' title='bbox 345 2191 373 2255; x_wconf 87' lang='lat' dir='ltr'><strong>l,</strong></span> <span class='ocrx_word' id='word_1_283' title='bbox 389 2205 440 2246; x_wconf 79' lang='lat' dir='ltr'><strong>sec.</strong></span> <span class='ocrx_word' id='word_1_284' title='bbox 465 2190 553 2256; x_wconf 85' lang='lat' dir='ltr'>LXX).</span> <span class='ocrx_word' id='word_1_285' title='bbox 571 2193 605 2246; x_wconf 85' lang='lat' dir='ltr'><strong>nt</strong></span> <span class='ocrx_word' id='word_1_286' title='bbox 618 2190 689 2247; x_wconf 87' lang='lat' dir='ltr'><strong>dicit</strong></span> <span class='ocrx_word' id='word_1_287' title='bbox 702 2207 752 2248; x_wconf 89' lang='lat' dir='ltr'><strong>eos</strong></span> <span class='ocrx_word' id='word_1_288' title='bbox 768 2192 810 2247; x_wconf 91' lang='lat' dir='ltr'><strong>vel</strong></span> <span class='ocrx_word' id='word_1_289' title='bbox 826 2190 889 2247; x_wconf 89' lang='lat' dir='ltr'><strong>vul·</strong></span> <span class='ocrx_word' id='word_1_290' title='bbox 945 2189 975 2246; x_wconf 92' lang='lat' dir='ltr'><strong>in</strong></span> <span class='ocrx_word' id='word_1_291' title='bbox 990 2189 1075 2254; x_wconf 84' lang='lat' dir='ltr'><strong>iona,</strong></span> <span class='ocrx_word' id='word_1_292' title='bbox 1091 2189 1134 2245; x_wconf 89' lang='lat' dir='ltr'><strong>vel</strong></span> <span class='ocrx_word' id='word_1_293' title='bbox 1149 2189 1179 2244; x_wconf 87' lang='lat' dir='ltr'><strong>in</strong></span> <span class='ocrx_word' id='word_1_294' title='bbox 1194 2189 1288 2245; x_wconf 88' lang='lat' dir='ltr'><strong>Nuum</strong></span> <span class='ocrx_word' id='word_1_295' title='bbox 1303 2190 1445 2264; x_wconf 89' lang='lat' dir='ltr'><strong>propheta</strong></span> <span class='ocrx_word' id='word_1_296' title='bbox 1458 2192 1599 2265; x_wconf 85' lang='lat' dir='ltr'><strong>scripturn</strong></span> <span class='ocrx_word' id='word_1_297' title='bbox 1620 2198 1674 2250; x_wconf 87' lang='lat' dir='ltr'><strong>est.</strong></span> <span class='ocrx_word' id='word_1_298' title='bbox 1690 2194 1725 2250; x_wconf 77' lang='lat' dir='ltr'><strong>nt</strong></span> <span class='ocrx_word' id='word_1_299' title='bbox 1739 2194 1770 2252; x_wconf 91' lang='lat' dir='ltr'><strong>in</strong></span> 
     </span>
     <span class='ocr_line' id='line_1_22' title="bbox 65 2278 1772 2356; baseline 0.004 -22"><span class='ocrx_word' id='word_1_300' title='bbox 65 2278 212 2334; x_wconf 76' lang='lat' dir='ltr'><strong>serendos</strong></span> <span class='ocrx_word' id='word_1_301' title='bbox 225 2281 270 2333; x_wconf 85' lang='lat' dir='ltr'><strong>rel</strong></span> <span class='ocrx_word' id='word_1_302' title='bbox 284 2278 503 2335; x_wconf 86' lang='lat' dir='ltr'><strong>interficiendos</strong></span> <span class='ocrx_word' id='word_1_303' title='bbox 518 2278 666 2353; x_wconf 86' lang='lat' dir='ltr'><strong>glsdi0,ut</strong></span> <span class='ocrx_word' id='word_1_304' title='bbox 679 2281 816 2337; x_wconf 89' lang='lat' dir='ltr'><strong>timentes</strong></span> <span class='ocrx_word' id='word_1_305' title='bbox 831 2297 890 2355; x_wconf 83' lang='lat' dir='ltr'><strong>pus·</strong></span> <span class='ocrx_word' id='word_1_306' title='bbox 944 2278 1145 2351; x_wconf 82' lang='lat' dir='ltr'><strong>tonoquidem</strong></span> <span class='ocrx_word' id='word_1_307' title='bbox 1156 2278 1288 2347; x_wconf 90' lang='lat' dir='ltr'><strong>Niniren,</strong></span> <span class='ocrx_word' id='word_1_308' title='bbox 1301 2278 1329 2335; x_wconf 90' lang='lat' dir='ltr'><strong>id</strong></span> <span class='ocrx_word' id='word_1_309' title='bbox 1343 2284 1397 2348; x_wconf 90' lang='lat' dir='ltr'><strong>est,</strong></span> <span class='ocrx_word' id='word_1_310' title='bbox 1406 2282 1567 2352; x_wconf 77' lang='lat' dir='ltr'><strong>speciosum,</strong></span> <span class='ocrx_word' id='word_1_311' title='bbox 1580 2299 1644 2356; x_wconf 83' lang='lat' dir='ltr'><strong>qun</strong></span> <span class='ocrx_word' id='word_1_312' title='bbox 1655 2284 1692 2340; x_wconf 88' lang='lat' dir='ltr'><strong>ed</strong></span> <span class='ocrx_word' id='word_1_313' title='bbox 1701 2300 1772 2356; x_wconf 82' lang='lat' dir='ltr'><strong>prae·</strong></span> 
     </span>
     <span class='ocr_line' id='line_1_23' title="bbox 66 2365 1769 2443; baseline 0.004 -21"><span class='ocrx_word' id='word_1_314' title='bbox 66 2365 428 2436; x_wconf 78' lang='lat' dir='ltr'><strong>nes,imitenturNiniven,</strong></span> <span class='ocrx_word' id='word_1_315' title='bbox 440 2371 470 2424; x_wconf 92' lang='lat' dir='ltr'><strong>et</strong></span> <span class='ocrx_word' id='word_1_316' title='bbox 484 2371 574 2439; x_wconf 85' lang='lat' dir='ltr'><strong>egunt</strong></span> <span class='ocrx_word' id='word_1_317' title='bbox 587 2367 788 2441; x_wconf 68' lang='lat' dir='ltr'><strong>poenitentium</strong></span> <span class='ocrx_word' id='word_1_318' title='bbox 804 2369 893 2440; x_wconf 65' lang='lat' dir='ltr'><strong>(tonte</strong></span> <span class='ocrx_word' id='word_1_319' title='bbox 946 2365 1122 2422; x_wconf 79' lang='lat' dir='ltr'><strong>dicationem</strong></span> <span class='ocrx_word' id='word_1_320' title='bbox 1137 2365 1228 2435; x_wconf 78' lang='lat' dir='ltr'><strong>tonte,</strong></span> <span class='ocrx_word' id='word_1_321' title='bbox 1245 2365 1272 2420; x_wconf 89' lang='lat' dir='ltr'><strong>id</strong></span> <span class='ocrx_word' id='word_1_322' title='bbox 1290 2370 1343 2437; x_wconf 88' lang='lat' dir='ltr'><strong>est,</strong></span> <span class='ocrx_word' id='word_1_323' title='bbox 1359 2366 1503 2440; x_wconf 82' lang='lat' dir='ltr'><strong>cotomlae,</strong></span> <span class='ocrx_word' id='word_1_324' title='bbox 1519 2368 1611 2441; x_wconf 88' lang='lat' dir='ltr'><strong>egerit</strong></span> <span class='ocrx_word' id='word_1_325' title='bbox 1629 2372 1769 2443; x_wconf 90' lang='lat' dir='ltr'><strong>poeniten·</strong></span> 
     </span>
     <span class='ocr_line' id='line_1_24' title="bbox 66 2454 1772 2532; baseline 0.004 -20"><span class='ocrx_word' id='word_1_326' title='bbox 66 2456 123 2527; x_wconf 85' lang='lat' dir='ltr'><strong>m),</strong></span> <span class='ocrx_word' id='word_1_327' title='bbox 139 2461 169 2512; x_wconf 86' lang='lat' dir='ltr'><strong>et</strong></span> <span class='ocrx_word' id='word_1_328' title='bbox 183 2470 241 2511; x_wconf 87' lang='lat' dir='ltr'><strong>non</strong></span> <span class='ocrx_word' id='word_1_329' title='bbox 268 2457 510 2530; x_wconf 77' lang='lat' dir='ltr'><strong>contineantque</strong></span> <span class='ocrx_word' id='word_1_330' title='bbox 525 2456 669 2514; x_wconf 78' lang='lat' dir='ltr'><strong>Dominus</strong></span> <span class='ocrx_word' id='word_1_331' title='bbox 683 2457 890 2514; x_wconf 89' lang='lat' dir='ltr'><strong>comminatur.</strong></span> <span class='ocrx_word' id='word_1_332' title='bbox 946 2455 1031 2521; x_wconf 81' lang='lat' dir='ltr'><strong>tiam,</strong></span> <span class='ocrx_word' id='word_1_333' title='bbox 1046 2454 1205 2511; x_wconf 80' lang='lat' dir='ltr'><strong>Ecclesiam</strong></span> <span class='ocrx_word' id='word_1_334' title='bbox 1216 2454 1397 2528; x_wconf 88' lang='lat' dir='ltr'><strong>interpretati</strong></span> <span class='ocrx_word' id='word_1_335' title='bbox 1410 2456 1450 2528; x_wconf 87' lang='lat' dir='ltr'><strong>(d)</strong></span> <span class='ocrx_word' id='word_1_336' title='bbox 1465 2472 1569 2514; x_wconf 88' lang='lat' dir='ltr'><strong>sumus</strong></span> <span class='ocrx_word' id='word_1_337' title='bbox 1583 2458 1618 2514; x_wconf 91' lang='lat' dir='ltr'><strong>de</strong></span> <span class='ocrx_word' id='word_1_338' title='bbox 1632 2460 1772 2532; x_wconf 88' lang='lat' dir='ltr'><strong>gentibus</strong></span> 
     </span>
     <span class='ocr_line' id='line_1_25' title="bbox 65 2543 1773 2620; baseline 0.002 -18"><span class='ocrx_word' id='word_1_339' title='bbox 65 2545 149 2612; x_wconf 71' lang='lat' dir='ltr'><strong>Quod</strong></span> <span class='ocrx_word' id='word_1_340' title='bbox 165 2546 285 2617; x_wconf 90' lang='lat' dir='ltr'><strong>quidem</strong></span> <span class='ocrx_word' id='word_1_341' title='bbox 301 2550 330 2602; x_wconf 92' lang='lat' dir='ltr'><strong>et</strong></span> <span class='ocrx_word' id='word_1_342' title='bbox 343 2546 475 2602; x_wconf 63' lang='lat' dir='ltr'><strong>ieremias</strong></span> <span class='ocrx_word' id='word_1_343' title='bbox 485 2545 640 2618; x_wconf 86' lang='lat' dir='ltr'><strong>prophetie</strong></span> <span class='ocrx_word' id='word_1_344' title='bbox 654 2551 757 2603; x_wconf 84' lang='lat' dir='ltr'><strong>sonet:</strong></span> <span class='ocrx_word' id='word_1_345' title='bbox 774 2548 891 2620; x_wconf 79' lang='lat' dir='ltr'><strong>Loquor,</strong></span> <span class='ocrx_word' id='word_1_346' title='bbox 947 2548 1164 2615; x_wconf 74' lang='lat' dir='ltr'><strong>congregatam.</strong></span> <span class='ocrx_word' id='word_1_347' title='bbox 1182 2543 1213 2597; x_wconf 91' lang='lat' dir='ltr'><strong>ln</strong></span> <span class='ocrx_word' id='word_1_348' title='bbox 1228 2543 1322 2598; x_wconf 79' lang='lat' dir='ltr'><strong>Naum</strong></span> <span class='ocrx_word' id='word_1_349' title='bbox 1338 2560 1406 2600; x_wconf 83' lang='lat' dir='ltr'><strong>vero</strong></span> <span class='ocrx_word' id='word_1_350' title='bbox 1431 2561 1521 2618; x_wconf 90' lang='lat' dir='ltr'><strong>super</strong></span> <span class='ocrx_word' id='word_1_351' title='bbox 1534 2548 1646 2603; x_wconf 90' lang='lat' dir='ltr'><strong>mundo</strong></span> <span class='ocrx_word' id='word_1_352' title='bbox 1660 2548 1773 2605; x_wconf 90' lang='lat' dir='ltr'><strong>intelli-</strong></span> 
     </span>
     <span class='ocr_line' id='line_1_26' title="bbox 64 2631 1773 2711; baseline 0.003 -21"><span class='ocrx_word' id='word_1_353' title='bbox 64 2633 174 2706; x_wconf 87' lang='lat' dir='ltr'><strong>inquit,</strong></span> <span class='ocrx_word' id='word_1_354' title='bbox 185 2650 266 2707; x_wconf 80' lang='lat' dir='ltr'><strong>super</strong></span> <span class='ocrx_word' id='word_1_355' title='bbox 280 2639 399 2704; x_wconf 81' lang='lat' dir='ltr'><strong>pentem,</strong></span> <span class='ocrx_word' id='word_1_356' title='bbox 415 2644 441 2692; x_wconf 89' lang='lat' dir='ltr'><strong>et</strong></span> <span class='ocrx_word' id='word_1_357' title='bbox 453 2650 537 2708; x_wconf 81' lang='lat' dir='ltr'><strong>super</strong></span> <span class='ocrx_word' id='word_1_358' title='bbox 550 2651 674 2708; x_wconf 79' lang='lat' dir='ltr'><strong>repnum,</strong></span> <span class='ocrx_word' id='word_1_359' title='bbox 689 2640 716 2692; x_wconf 86' lang='lat' dir='ltr'><strong>et</strong></span> <span class='ocrx_word' id='word_1_360' title='bbox 727 2636 856 2711; x_wconf 81' lang='lat' dir='ltr'><strong>auserem</strong></span> <span class='ocrx_word' id='word_1_361' title='bbox 867 2640 895 2693; x_wconf 85' lang='lat' dir='ltr'><strong>et</strong></span> <span class='ocrx_word' id='word_1_362' title='bbox 947 2632 1077 2704; x_wconf 83' lang='lat' dir='ltr'><strong>gentiam</strong></span> <span class='ocrx_word' id='word_1_363' title='bbox 1092 2631 1343 2704; x_wconf 81' lang='lat' dir='ltr'><strong>temperavimus:</strong></span> <span class='ocrx_word' id='word_1_364' title='bbox 1357 2634 1431 2690; x_wconf 93' lang='lat' dir='ltr'><strong>etde</strong></span> <span class='ocrx_word' id='word_1_365' title='bbox 1446 2635 1556 2691; x_wconf 92' lang='lat' dir='ltr'><strong>mundo</strong></span> <span class='ocrx_word' id='word_1_366' title='bbox 1578 2635 1696 2708; x_wconf 89' lang='lat' dir='ltr'><strong>quidem</strong></span> <span class='ocrx_word' id='word_1_367' title='bbox 1714 2654 1773 2695; x_wconf 90' lang='lat' dir='ltr'><strong>non</strong></span> 
     </span>
     <span class='ocr_line' id='line_1_27' title="bbox 65 2719 1772 2798; baseline 0.004 -20"><span class='ocrx_word' id='word_1_368' title='bbox 65 2722 225 2796; x_wconf 59' lang='lat' dir='ltr'><strong>miton</strong></span> <span class='ocrx_word' id='word_1_369' title='bbox 238 2737 302 2787; x_wconf 80' lang='lat' dir='ltr'><strong>tos:</strong></span> <span class='ocrx_word' id='word_1_370' title='bbox 318 2727 344 2779; x_wconf 84' lang='lat' dir='ltr'><strong>et</strong></span> <span class='ocrx_word' id='word_1_371' title='bbox 355 2727 382 2780; x_wconf 71' lang='grc' dir='ltr'><strong>αι’</strong></span> <span class='ocrx_word' id='word_1_372' title='bbox 393 2726 583 2796; x_wconf 80' lang='lat' dir='ltr'><strong>poenr&#39;terttiom</strong></span> <span class='ocrx_word' id='word_1_373' title='bbox 597 2727 711 2797; x_wconf 82' lang='lat' dir='ltr'><strong>eperint,</strong></span> <span class='ocrx_word' id='word_1_374' title='bbox 736 2729 761 2781; x_wconf 86' lang='lat' dir='ltr'><strong>et</strong></span> <span class='ocrx_word' id='word_1_375' title='bbox 776 2741 824 2795; x_wconf 77' lang='lat' dir='ltr'><strong>epo</strong></span> <span class='ocrx_word' id='word_1_376' title='bbox 838 2740 893 2798; x_wconf 83' lang='lat' dir='ltr'><strong>poe-</strong></span> <span class='ocrx_word' id='word_1_377' title='bbox 949 2719 1067 2777; x_wconf 77' lang='lat' dir='ltr'><strong>difficile</strong></span> <span class='ocrx_word' id='word_1_378' title='bbox 1082 2725 1127 2776; x_wconf 87' lang='lat' dir='ltr'><strong>est</strong></span> <span class='ocrx_word' id='word_1_379' title='bbox 1140 2720 1324 2793; x_wconf 77' lang='lat' dir='ltr'><strong>interpretari</strong></span> <span class='ocrx_word' id='word_1_380' title='bbox 1339 2727 1368 2778; x_wconf 90' lang='lat' dir='ltr'><strong>et</strong></span> <span class='ocrx_word' id='word_1_381' title='bbox 1377 2720 1483 2790; x_wconf 90' lang='lat' dir='ltr'><strong>dicere,</strong></span> <span class='ocrx_word' id='word_1_382' title='bbox 1499 2725 1576 2797; x_wconf 94' lang='lat' dir='ltr'><strong>quod</strong></span> <span class='ocrx_word' id='word_1_383' title='bbox 1592 2727 1710 2798; x_wconf 89' lang='lat' dir='ltr'><strong>quando</strong></span> <span class='ocrx_word' id='word_1_384' title='bbox 1725 2726 1772 2785; x_wconf 83' lang='lat' dir='ltr'><strong>AE·</strong></span> 
     </span>
     <span class='ocr_line' id='line_1_28' title="bbox 65 2808 1773 2886; baseline 0.005 -19"><span class='ocrx_word' id='word_1_385' title='bbox 65 2813 214 2868; x_wconf 67' lang='lat' dir='ltr'><strong>ruentium</strong></span> <span class='ocrx_word' id='word_1_386' title='bbox 224 2826 308 2884; x_wconf 81' lang='lat' dir='ltr'><strong>opum</strong></span> <span class='ocrx_word' id='word_1_387' title='bbox 318 2813 353 2868; x_wconf 86' lang='lat' dir='ltr'><strong>de</strong></span> <span class='ocrx_word' id='word_1_388' title='bbox 367 2814 494 2869; x_wconf 76' lang='lat' dir='ltr'><strong>omnibus</strong></span> <span class='ocrx_word' id='word_1_389' title='bbox 507 2815 591 2870; x_wconf 79' lang='lat' dir='ltr'><strong>molis</strong></span> <span class='ocrx_word' id='word_1_390' title='bbox 605 2828 668 2886; x_wconf 70' lang='lat' dir='ltr'><strong>que</strong></span> <span class='ocrx_word' id='word_1_391' title='bbox 677 2814 896 2883; x_wconf 60' lang='lat' dir='ltr'><strong>revererentur</strong></span> <span class='ocrx_word' id='word_1_392' title='bbox 937 2809 1064 2882; x_wconf 84' lang='lat' dir='ltr'><strong>&#39;thiopes</strong></span> <span class='ocrx_word' id='word_1_393' title='bbox 1074 2808 1217 2866; x_wconf 81' lang='lat' dir='ltr'><strong>vulnerati</strong></span> <span class='ocrx_word' id='word_1_394' title='bbox 1230 2810 1327 2882; x_wconf 79' lang='lat' dir='ltr'><strong>gladio</strong></span> <span class='ocrx_word' id='word_1_395' title='bbox 1337 2812 1450 2868; x_wconf 92' lang='lat' dir='ltr'><strong>Domini</strong></span> <span class='ocrx_word' id='word_1_396' title='bbox 1467 2813 1585 2884; x_wconf 86' lang='lat' dir='ltr'><strong>luerint,</strong></span> <span class='ocrx_word' id='word_1_397' title='bbox 1597 2820 1626 2873; x_wconf 89' lang='lat' dir='ltr'><strong>et</strong></span> <span class='ocrx_word' id='word_1_398' title='bbox 1636 2817 1773 2875; x_wconf 85' lang='lat' dir='ltr'><strong>extende-</strong></span> 
     </span>
     <span class='ocr_line' id='line_1_29' title="bbox 66 2900 1774 2976; baseline 0.002 -17"><span class='ocrx_word' id='word_1_399' title='bbox 66 2905 190 2975; x_wconf 62' lang='grc' dir='ltr'><strong><em>[πωπω</em></strong></span> <span class='ocrx_word' id='word_1_400' title='bbox 201 2901 895 2976; x_wconf 76' lang='lat' dir='ltr'><strong>sistier.nv111,7,8).l]tutsciatisproptercnnunc</strong></span> <span class='ocrx_word' id='word_1_401' title='bbox 949 2900 988 2956; x_wconf 89' lang='lat' dir='ltr'><strong>rit</strong></span> <span class='ocrx_word' id='word_1_402' title='bbox 997 2914 1118 2955; x_wconf 89' lang='lat' dir='ltr'><strong>manum</strong></span> <span class='ocrx_word' id='word_1_403' title='bbox 1129 2915 1214 2955; x_wconf 88' lang='lat' dir='ltr'><strong>suem</strong></span> <span class='ocrx_word' id='word_1_404' title='bbox 1225 2901 1546 2974; x_wconf 85' lang='lat' dir='ltr'><strong>superAqnilonem,et</strong></span> <span class='ocrx_word' id='word_1_405' title='bbox 1554 2904 1774 2976; x_wconf 78' lang='lat' dir='ltr'><strong>perdideritds-</strong></span> 
     </span>
     <span class='ocr_line' id='line_1_30' title="bbox 68 2986 1773 3064; baseline 0 -17"><span class='ocrx_word' id='word_1_406' title='bbox 68 2989 226 3047; x_wconf 89' lang='lat' dir='ltr'><strong>Dominum</strong></span> <span class='ocrx_word' id='word_1_407' title='bbox 239 2991 411 3046; x_wconf 86' lang='lat' dir='ltr'><strong>comminari</strong></span> <span class='ocrx_word' id='word_1_408' title='bbox 422 2990 794 3063; x_wconf 80' lang='lat' dir='ltr'><strong>AEthiopibusgladium,ut</strong></span> <span class='ocrx_word' id='word_1_409' title='bbox 804 2993 895 3049; x_wconf 84' lang='lat' dir='ltr'><strong>eosed</strong></span> <span class='ocrx_word' id='word_1_410' title='bbox 951 2986 1062 3061; x_wconf 79' lang='lat' dir='ltr'><strong>syrium</strong></span> <span class='ocrx_word' id='word_1_411' title='bbox 1078 2986 1240 3060; x_wconf 90' lang='lat' dir='ltr'><strong>principem</strong></span> <span class='ocrx_word' id='word_1_412' title='bbox 1256 2990 1369 3057; x_wconf 88' lang='lat' dir='ltr'><strong>mnndi,</strong></span> <span class='ocrx_word' id='word_1_413' title='bbox 1385 2991 1473 3047; x_wconf 83' lang='lat' dir='ltr'><strong>etiem</strong></span> <span class='ocrx_word' id='word_1_414' title='bbox 1488 2991 1551 3064; x_wconf 89' lang='lat' dir='ltr'><strong>ipse</strong></span> <span class='ocrx_word' id='word_1_415' title='bbox 1562 2994 1693 3052; x_wconf 83' lang='lat' dir='ltr'><strong>mundun</strong></span> <span class='ocrx_word' id='word_1_416' title='bbox 1707 3010 1773 3051; x_wconf 88' lang='lat' dir='ltr'><strong>cum</strong></span> 
     </span>
     <span class='ocr_line' id='line_1_31' title="bbox 69 3076 1777 3153; baseline 0.003 -18"><span class='ocrx_word' id='word_1_417' title='bbox 69 3077 897 3153; x_wconf 82' lang='lat' dir='ltr'><strong>molioraoonvertnt,postpaululuminhocipsolibrode</strong></span> <span class='ocrx_word' id='word_1_418' title='bbox 951 3076 1082 3149; x_wconf 89' lang='lat' dir='ltr'><strong>principe</strong></span> <span class='ocrx_word' id='word_1_419' title='bbox 1093 3093 1146 3132; x_wconf 91' lang='lat' dir='ltr'><strong>suo</strong></span> <span class='ocrx_word' id='word_1_420' title='bbox 1157 3081 1266 3150; x_wconf 88' lang='lat' dir='ltr'><strong>pereat,</strong></span> <span class='ocrx_word' id='word_1_421' title='bbox 1277 3082 1306 3134; x_wconf 90' lang='lat' dir='ltr'><strong>et</strong></span> <span class='ocrx_word' id='word_1_422' title='bbox 1317 3078 1352 3133; x_wconf 91' lang='lat' dir='ltr'><strong>ad</strong></span> <span class='ocrx_word' id='word_1_423' title='bbox 1365 3079 1523 3136; x_wconf 78' lang='lat' dir='ltr'><strong>maximnm</strong></span> <span class='ocrx_word' id='word_1_424' title='bbox 1534 3080 1777 3140; x_wconf 88' lang='lat' dir='ltr'><strong>solitudinsmre-</strong></span> 
     </span>
     <span class='ocr_line' id='line_1_32' title="bbox 71 3160 1775 3241; baseline 0.002 -15"><span class='ocrx_word' id='word_1_425' title='bbox 71 3167 255 3240; x_wconf 67' lang='lat' dir='ltr'><strong>Ethiopibus</strong></span> <span class='ocrx_word' id='word_1_426' title='bbox 275 3167 380 3224; x_wconf 82' lang='lat' dir='ltr'><strong>inient:</strong></span> <span class='ocrx_word' id='word_1_427' title='bbox 409 3168 485 3226; x_wconf 83' lang='lat' dir='ltr'><strong>tlttru</strong></span> <span class='ocrx_word' id='word_1_428' title='bbox 512 3169 630 3238; x_wconf 71' lang='lat' dir='ltr'><strong>{lumino</strong></span> <span class='ocrx_word' id='word_1_429' title='bbox 656 3168 819 3241; x_wconf 79' lang='lat' dir='ltr'><strong>AEiltiopiae,</strong></span> <span class='ocrx_word' id='word_1_430' title='bbox 835 3169 898 3225; x_wconf 84' lang='lat' dir='ltr'><strong>inde</strong></span> <span class='ocrx_word' id='word_1_431' title='bbox 952 3160 1775 3237; x_wconf 78' lang='lat' dir='ltr'><strong>digstur,etnullimiserabilissit,sedomnesadruinem</strong></span> 
     </span>
     <span class='ocr_line' id='line_1_33' title="bbox 70 3244 1777 3330; baseline 0.004 -19"><span class='ocrx_word' id='word_1_432' title='bbox 70 3255 316 3329; x_wconf 76' lang='lat' dir='ltr'><strong>suppiieecmeitlt)</strong></span> <span class='ocrx_word' id='word_1_433' title='bbox 326 3257 569 3328; x_wconf 76' lang='lat' dir='ltr'><strong>fitiidieperaorum</strong></span> <span class='ocrx_word' id='word_1_434' title='bbox 579 3271 702 3313; x_wconf 84' lang='lat' dir='ltr'><strong>meorum</strong></span> <span class='ocrx_word' id='word_1_435' title='bbox 711 3257 897 3330; x_wconf 67' lang='lat' dir='ltr'><strong>deferentem·</strong></span> <span class='ocrx_word' id='word_1_436' title='bbox 912 3244 933 3312; x_wconf 85' lang='lat' dir='ltr'>C</span> <span class='ocrx_word' id='word_1_437' title='bbox 951 3255 1016 3327; x_wconf 87' lang='lat' dir='ltr'><strong>ejus</strong></span> <span class='ocrx_word' id='word_1_438' title='bbox 1026 3253 1154 3321; x_wconf 89' lang='lat' dir='ltr'><strong>sibilent,</strong></span> <span class='ocrx_word' id='word_1_439' title='bbox 1162 3259 1532 3315; x_wconf 86' lang='lat' dir='ltr'><strong>etmovesntmenussues.</strong></span> <span class='ocrx_word' id='word_1_440' title='bbox 1546 3260 1718 3319; x_wconf 83' lang='lat' dir='ltr'><strong>DeEeclesia</strong></span> <span class='ocrx_word' id='word_1_441' title='bbox 1726 3280 1777 3318; x_wconf 88' lang='lat' dir='ltr'><strong>au·</strong></span> 
     </span>
     <span class='ocr_line' id='line_1_34' title="bbox 71 3342 1779 3422; baseline 0.005 -22"><span class='ocrx_word' id='word_1_442' title='bbox 71 3360 127 3401; x_wconf 75' lang='lat' dir='ltr'><strong>rtur</strong></span> <span class='ocrx_word' id='word_1_443' title='bbox 136 3344 208 3401; x_wconf 80' lang='lat' dir='ltr'><strong>milri</strong></span> <span class='ocrx_word' id='word_1_444' title='bbox 223 3345 313 3418; x_wconf 70' lang='lat' dir='ltr'><strong>(iutro</strong></span> <span class='ocrx_word' id='word_1_445' title='bbox 327 3360 370 3416; x_wconf 88' lang='grc' dir='ltr'>ιιι,</span> <span class='ocrx_word' id='word_1_446' title='bbox 388 3344 451 3416; x_wconf 75' lang='lat' dir='ltr'><strong>lot:</strong></span> <span class='ocrx_word' id='word_1_447' title='bbox 469 3346 540 3412; x_wconf 87' lang='lat' dir='ltr'><strong>sire,</strong></span> <span class='ocrx_word' id='word_1_448' title='bbox 556 3350 590 3401; x_wconf 93' lang='lat' dir='ltr'><strong>ut</strong></span> <span class='ocrx_word' id='word_1_449' title='bbox 612 3346 642 3400; x_wconf 90' lang='lat' dir='ltr'><strong>in</strong></span> <span class='ocrx_word' id='word_1_450' title='bbox 668 3346 739 3401; x_wconf 80' lang='lat' dir='ltr'><strong>LXX</strong></span> <span class='ocrx_word' id='word_1_451' title='bbox 754 3347 897 3403; x_wconf 82' lang='lat' dir='ltr'><strong>habetur:</strong></span> <span class='ocrx_word' id='word_1_452' title='bbox 952 3346 1012 3398; x_wconf 87' lang='lat' dir='ltr'><strong>t&#39;em</strong></span> <span class='ocrx_word' id='word_1_453' title='bbox 1023 3342 1138 3397; x_wconf 85' lang='lat' dir='ltr'><strong>videtur</strong></span> <span class='ocrx_word' id='word_1_454' title='bbox 1150 3343 1245 3414; x_wconf 83' lang='lat' dir='ltr'><strong>prime</strong></span> <span class='ocrx_word' id='word_1_455' title='bbox 1256 3345 1646 3419; x_wconf 86' lang='lat' dir='ltr'><strong>ironteesseblnsphemum,</strong></span> <span class='ocrx_word' id='word_1_456' title='bbox 1659 3351 1779 3422; x_wconf 88' lang='lat' dir='ltr'><strong>quodea</strong></span> 
     </span>
     <span class='ocr_line' id='line_1_35' title="bbox 72 3429 1780 3507; baseline 0.004 -17"><span class='ocrx_word' id='word_1_457' title='bbox 72 3435 113 3490; x_wconf 79' lang='lat' dir='ltr'><strong>De</strong></span> <span class='ocrx_word' id='word_1_458' title='bbox 124 3434 227 3505; x_wconf 74' lang='lat' dir='ltr'><strong>tlnitue</strong></span> <span class='ocrx_word' id='word_1_459' title='bbox 254 3436 403 3504; x_wconf 71' lang='lat' dir='ltr'><strong>duriorum</strong></span> <span class='ocrx_word' id='word_1_460' title='bbox 423 3435 579 3506; x_wconf 68' lang='lat' dir='ltr'><strong>AEtiriopt&#39;re</strong></span> <span class='ocrx_word' id='word_1_461' title='bbox 591 3437 742 3507; x_wconf 74' lang='lat' dir='ltr'><strong>tmcipiam</strong></span> <span class='ocrx_word' id='word_1_462' title='bbox 762 3438 899 3507; x_wconf 80' lang='lat' dir='ltr'><strong>dispersos</strong></span> <span class='ocrx_word' id='word_1_463' title='bbox 953 3431 1052 3486; x_wconf 81' lang='lat' dir='ltr'><strong>lutura</strong></span> <span class='ocrx_word' id='word_1_464' title='bbox 1063 3430 1101 3485; x_wconf 92' lang='lat' dir='ltr'><strong>sit</strong></span> <span class='ocrx_word' id='word_1_465' title='bbox 1110 3429 1189 3486; x_wconf 82' lang='lat' dir='ltr'><strong>invia</strong></span> <span class='ocrx_word' id='word_1_466' title='bbox 1198 3435 1226 3486; x_wconf 88' lang='lat' dir='ltr'><strong>et</strong></span> <span class='ocrx_word' id='word_1_467' title='bbox 1235 3432 1500 3504; x_wconf 85' lang='lat' dir='ltr'><strong>desertu,etbestiae</strong></span> <span class='ocrx_word' id='word_1_468' title='bbox 1510 3434 1682 3493; x_wconf 88' lang='lat' dir='ltr'><strong>habitentin</strong></span> <span class='ocrx_word' id='word_1_469' title='bbox 1695 3454 1739 3507; x_wconf 85' lang='lat' dir='ltr'><strong>ee,</strong></span> <span class='ocrx_word' id='word_1_470' title='bbox 1750 3443 1780 3496; x_wconf 87' lang='lat' dir='ltr'><strong>et</strong></span> 
     </span>
     <span class='ocr_line' id='line_1_36' title="bbox 73 3518 1779 3595; baseline 0.002 -16"><span class='ocrx_word' id='word_1_471' title='bbox 73 3536 157 3589; x_wconf 68' lang='lat' dir='ltr'><strong>neor,</strong></span> <span class='ocrx_word' id='word_1_472' title='bbox 169 3523 198 3579; x_wconf 82' lang='lat' dir='ltr'><strong>et&#39;</strong></span> <span class='ocrx_word' id='word_1_473' title='bbox 208 3524 323 3595; x_wconf 76' lang='lat' dir='ltr'><strong>offerent</strong></span> <span class='ocrx_word' id='word_1_474' title='bbox 338 3524 439 3579; x_wconf 74' lang='lat' dir='ltr'><strong>tortior</strong></span> <span class='ocrx_word' id='word_1_475' title='bbox 452 3523 606 3579; x_wconf 76' lang='lat' dir='ltr'><strong>mittpoet</strong></span> <span class='ocrx_word' id='word_1_476' title='bbox 619 3522 681 3579; x_wconf 78' lang='lat' dir='ltr'><strong>hnc</strong></span> <span class='ocrx_word' id='word_1_477' title='bbox 696 3523 900 3595; x_wconf 78' lang='lat' dir='ltr'><strong>conloquitur</strong></span> <span class='ocrx_word' id='word_1_478' title='bbox 954 3518 1169 3591; x_wconf 66' lang='lat' dir='ltr'><strong>ponteseram</strong></span> <span class='ocrx_word' id='word_1_479' title='bbox 1185 3519 1373 3576; x_wconf 85' lang='lat' dir='ltr'><strong>insultatione</strong></span> <span class='ocrx_word' id='word_1_480' title='bbox 1392 3522 1531 3579; x_wconf 84' lang='lat' dir='ltr'><strong>dicutur:</strong></span> <span class='ocrx_word' id='word_1_481' title='bbox 1548 3525 1611 3580; x_wconf 83' lang='lat' dir='ltr'><strong>llaec</strong></span> <span class='ocrx_word' id='word_1_482' title='bbox 1623 3529 1667 3582; x_wconf 89' lang='lat' dir='ltr'><strong>est</strong></span> <span class='ocrx_word' id='word_1_483' title='bbox 1678 3526 1779 3583; x_wconf 75' lang='lat' dir='ltr'><strong>civitas</strong></span> 
     </span>
     <span class='ocr_line' id='line_1_37' title="bbox 74 3606 1780 3685; baseline 0.002 -17"><span class='ocrx_word' id='word_1_484' title='bbox 74 3610 223 3668; x_wconf 82' lang='lat' dir='ltr'><strong>Dominus</strong></span> <span class='ocrx_word' id='word_1_485' title='bbox 234 3616 267 3667; x_wconf 89' lang='lat' dir='ltr'><strong>ut</strong></span> <span class='ocrx_word' id='word_1_486' title='bbox 281 3622 372 3685; x_wconf 78' lang='lat' dir='ltr'><strong>supro</strong></span> <span class='ocrx_word' id='word_1_487' title='bbox 386 3612 458 3677; x_wconf 70' lang='lat' dir='ltr'><strong>tserl</strong></span> <span class='ocrx_word' id='word_1_488' title='bbox 472 3610 665 3684; x_wconf 84' lang='lat' dir='ltr'><strong>propheticas</strong></span> <span class='ocrx_word' id='word_1_489' title='bbox 675 3611 798 3684; x_wconf 89' lang='lat' dir='ltr'><strong>spiritus</strong></span> <span class='ocrx_word' id='word_1_490' title='bbox 808 3613 843 3668; x_wconf 93' lang='lat' dir='ltr'><strong>de</strong></span> <span class='ocrx_word' id='word_1_491' title='bbox 853 3628 897 3668; x_wconf 89' lang='lat' dir='ltr'><strong>eo:</strong></span> <span class='ocrx_word' id='word_1_492' title='bbox 954 3606 1039 3663; x_wconf 85' lang='lat' dir='ltr'><strong>malle</strong></span> <span class='ocrx_word' id='word_1_493' title='bbox 1055 3606 1164 3675; x_wconf 88' lang='lat' dir='ltr'><strong>dedita,</strong></span> <span class='ocrx_word' id='word_1_494' title='bbox 1180 3622 1244 3680; x_wconf 82' lang='lat' dir='ltr'><strong>que</strong></span> <span class='ocrx_word' id='word_1_495' title='bbox 1259 3607 1411 3665; x_wconf 85' lang='lat' dir='ltr'><strong>habitabat</strong></span> <span class='ocrx_word' id='word_1_496' title='bbox 1421 3611 1452 3666; x_wconf 89' lang='lat' dir='ltr'><strong>in</strong></span> <span class='ocrx_word' id='word_1_497' title='bbox 1468 3627 1529 3684; x_wconf 85' lang='lat' dir='ltr'><strong>spe,</strong></span> <span class='ocrx_word' id='word_1_498' title='bbox 1546 3629 1610 3685; x_wconf 79' lang='lat' dir='ltr'><strong>que</strong></span> <span class='ocrx_word' id='word_1_499' title='bbox 1622 3614 1738 3670; x_wconf 87' lang='lat' dir='ltr'><strong>dicebat</strong></span> <span class='ocrx_word' id='word_1_500' title='bbox 1750 3614 1780 3671; x_wconf 90' lang='lat' dir='ltr'><strong>in</strong></span> 
     </span>
     <span class='ocr_line' id='line_1_38' title="bbox 74 3694 1780 3777; baseline 0.002 -19"><span class='ocrx_word' id='word_1_501' title='bbox 74 3700 453 3758; x_wconf 62' lang='lat' dir='ltr'><strong>amoenorumve</strong></span> <span class='ocrx_word' id='word_1_502' title='bbox 461 3701 898 3773; x_wconf 62' lang='lat' dir='ltr'><strong>mperlqoitonemetperdrttr·</strong></span> <span class='ocrx_word' id='word_1_503' title='bbox 953 3694 1780 3777; x_wconf 63' lang='lat' dir='ltr'><strong>eoroesuo:teosumernonesrpraetermeampttonquo-</strong></span> 
     </span>
     <span class='ocr_line' id='line_1_39' title="bbox 72 3785 1780 3866; baseline 0.002 -20"><span class='ocrx_word' id='word_1_504' title='bbox 72 3805 126 3846; x_wconf 77' lang='lat' dir='ltr'><strong>tur</strong></span> <span class='ocrx_word' id='word_1_505' title='bbox 136 3790 202 3862; x_wconf 77' lang='lat' dir='ltr'><strong>(ier.</strong></span> <span class='ocrx_word' id='word_1_506' title='bbox 214 3791 293 3862; x_wconf 68' lang='lat' dir='ltr'><strong>nil).</strong></span> <span class='ocrx_word' id='word_1_507' title='bbox 303 3788 477 3863; x_wconf 78' lang='lat' dir='ltr'><strong>Aquilonem</strong></span> <span class='ocrx_word' id='word_1_508' title='bbox 488 3789 524 3845; x_wconf 91' lang='lat' dir='ltr'><strong>de</strong></span> <span class='ocrx_word' id='word_1_509' title='bbox 533 3806 590 3861; x_wconf 90' lang='lat' dir='ltr'><strong>quo</strong></span> <span class='ocrx_word' id='word_1_510' title='bbox 603 3790 748 3846; x_wconf 80' lang='lat' dir='ltr'><strong>ieremias</strong></span> <span class='ocrx_word' id='word_1_511' title='bbox 758 3789 877 3862; x_wconf 86' lang='lat' dir='ltr'><strong>scripsit</strong></span> <span class='ocrx_word' id='word_1_512' title='bbox 890 3806 897 3845; x_wconf 91' lang='lat'>:</span> <span class='ocrx_word' id='word_1_513' title='bbox 951 3785 1031 3841; x_wconf 83' lang='lat' dir='ltr'><strong>modo</strong></span> <span class='ocrx_word' id='word_1_514' title='bbox 1040 3785 1487 3861; x_wconf 73' lang='lat' dir='ltr'><strong>tudaestinsotituciinemposeuo</strong></span> <span class='ocrx_word' id='word_1_515' title='bbox 1496 3788 1780 3866; x_wconf 70' lang='lat' dir='ltr'><strong>beatiorumtsodqui</strong></span> 
     </span>
     <span class='ocr_line' id='line_1_40' title="bbox 72 3874 1781 3954; baseline 0.002 -19"><span class='ocrx_word' id='word_1_516' title='bbox 72 3877 901 3952; x_wconf 66' lang='lat' dir='ltr'><strong>stuprumeoordercentmotomperomneslotitcttoree</strong></span> <span class='ocrx_word' id='word_1_517' title='bbox 955 3875 1031 3931; x_wconf 76' lang='lat' dir='ltr'><strong><em>m</em></strong></span> <span class='ocrx_word' id='word_1_518' title='bbox 1053 3874 1250 3931; x_wconf 81' lang='lat' dir='ltr'><strong>consideravit</strong></span> <span class='ocrx_word' id='word_1_519' title='bbox 1277 3874 1350 3932; x_wconf 91' lang='lat' dir='ltr'><strong>illud</strong></span> <span class='ocrx_word' id='word_1_520' title='bbox 1379 3877 1581 3950; x_wconf 80' lang='lat' dir='ltr'><strong>Apostolieum</strong></span> <span class='ocrx_word' id='word_1_521' title='bbox 1610 3879 1712 3954; x_wconf 90' lang='lat' dir='ltr'><strong>inquo</strong></span> <span class='ocrx_word' id='word_1_522' title='bbox 1736 3881 1781 3939; x_wconf 90' lang='lat' dir='ltr'><strong>di·</strong></span> 
     </span>
     <span class='ocr_line' id='line_1_41' title="bbox 74 3963 1783 4043; baseline 0.003 -19"><span class='ocrx_word' id='word_1_523' title='bbox 74 3975 166 4024; x_wconf 76' lang='lat' dir='ltr'><strong>term.</strong></span> <span class='ocrx_word' id='word_1_524' title='bbox 177 3966 256 4023; x_wconf 77' lang='lat' dir='ltr'><strong>Dide</strong></span> <span class='ocrx_word' id='word_1_525' title='bbox 269 3982 326 4040; x_wconf 86' lang='lat' dir='ltr'><strong>quo</strong></span> <span class='ocrx_word' id='word_1_526' title='bbox 342 3966 481 4024; x_wconf 78' lang='lat' dir='ltr'><strong>Salomon</strong></span> <span class='ocrx_word' id='word_1_527' title='bbox 497 3972 724 4024; x_wconf 84' lang='lat' dir='ltr'><strong>commemoret:</strong></span> <span class='ocrx_word' id='word_1_528' title='bbox 742 3968 838 4040; x_wconf 78' lang='lat' dir='ltr'><strong>Aquilo</strong></span> <span class='ocrx_word' id='word_1_529' title='bbox 852 3964 901 4025; x_wconf 78' lang='lat' dir='ltr'><strong>dit·</strong></span> <span class='ocrx_word' id='word_1_530' title='bbox 954 3963 1050 4020; x_wconf 83' lang='lat' dir='ltr'><strong>citur:</strong></span> <span class='ocrx_word' id='word_1_531' title='bbox 1068 3968 1102 4020; x_wconf 85' lang='lat' dir='ltr'><strong>ln</strong></span> <span class='ocrx_word' id='word_1_532' title='bbox 1115 3965 1280 4021; x_wconf 82' lang='lat' dir='ltr'><strong>novissimis</strong></span> <span class='ocrx_word' id='word_1_533' title='bbox 1303 3968 1477 4039; x_wconf 78' lang='lat' dir='ltr'><strong>ternporitrus</strong></span> <span class='ocrx_word' id='word_1_534' title='bbox 1491 3970 1639 4027; x_wconf 82' lang='lat' dir='ltr'><strong>insistunt</strong></span> <span class='ocrx_word' id='word_1_535' title='bbox 1655 3973 1783 4043; x_wconf 82' lang='lat' dir='ltr'><strong>tempora</strong></span> 
     </span>
     <span class='ocr_line' id='line_1_42' title="bbox 73 4053 1783 4132; baseline 0.004 -19"><span class='ocrx_word' id='word_1_536' title='bbox 73 4072 124 4112; x_wconf 82' lang='lat' dir='ltr'><strong>rus</strong></span> <span class='ocrx_word' id='word_1_537' title='bbox 136 4061 250 4113; x_wconf 69' lang='lat' dir='ltr'><strong>murs.-</strong></span> <span class='ocrx_word' id='word_1_538' title='bbox 262 4059 374 4113; x_wconf 80' lang='lat' dir='ltr'><strong>nornine</strong></span> <span class='ocrx_word' id='word_1_539' title='bbox 387 4067 480 4114; x_wconf 83' lang='lat' dir='ltr'><strong>eutem</strong></span> <span class='ocrx_word' id='word_1_540' title='bbox 495 4057 589 4113; x_wconf 77' lang='lat' dir='ltr'><strong>dexter</strong></span> <span class='ocrx_word' id='word_1_541' title='bbox 601 4064 714 4113; x_wconf 81' lang='lat' dir='ltr'><strong>uocetur</strong></span> <span class='ocrx_word' id='word_1_542' title='bbox 727 4057 818 4129; x_wconf 78' lang='lat' dir='ltr'><strong>(Pron.</strong></span> <span class='ocrx_word' id='word_1_543' title='bbox 833 4074 899 4129; x_wconf 83' lang='lat' dir='ltr'><strong>xxv,</strong></span> <span class='ocrx_word' id='word_1_544' title='bbox 955 4055 1121 4123; x_wconf 58' lang='lat' dir='ltr'><strong>pessimant</strong></span> <span class='ocrx_word' id='word_1_545' title='bbox 1135 4059 1221 4110; x_wconf 87' lang='lat' dir='ltr'><strong>erunt</strong></span> <span class='ocrx_word' id='word_1_546' title='bbox 1236 4053 1419 4112; x_wconf 78' lang='lat' dir='ltr'><strong>dominentur·</strong></span> <span class='ocrx_word' id='word_1_547' title='bbox 1432 4062 1783 4132; x_wconf 81' lang='lat' dir='ltr'><strong>amotores‚ooori,arro·</strong></span> 
     </span>
     <span class='ocr_line' id='line_1_43' title="bbox 71 4142 1782 4220; baseline 0.003 -18"><span class='ocrx_word' id='word_1_548' title='bbox 71 4145 131 4215; x_wconf 73' lang='lat'><strong>23).</strong></span> <span class='ocrx_word' id='word_1_549' title='bbox 146 4142 302 4218; x_wconf 74' lang='lat' dir='ltr'><strong>Propterea</strong></span> <span class='ocrx_word' id='word_1_550' title='bbox 312 4151 411 4202; x_wconf 85' lang='lat' dir='ltr'><strong>nutem</strong></span> <span class='ocrx_word' id='word_1_551' title='bbox 427 4146 557 4202; x_wconf 79' lang='lat' dir='ltr'><strong>extendit</strong></span> <span class='ocrx_word' id='word_1_552' title='bbox 572 4145 743 4203; x_wconf 81' lang='lat' dir='ltr'><strong>inferentem</strong></span> <span class='ocrx_word' id='word_1_553' title='bbox 756 4146 901 4220; x_wconf 87' lang='lat' dir='ltr'><strong>supplicia</strong></span> <span class='ocrx_word' id='word_1_554' title='bbox 954 4143 1782 4218; x_wconf 65' lang='lat' dir='ltr'><strong>pentensuperot,otaspttemtparenttoosnonooerttentes,</strong></span> 
     </span>
     <span class='ocr_line' id='line_1_44' title="bbox 72 4231 1782 4311; baseline 0.002 -21"><span class='ocrx_word' id='word_1_555' title='bbox 72 4233 152 4291; x_wconf 83' lang='lat' dir='ltr'><strong>Deus</strong></span> <span class='ocrx_word' id='word_1_556' title='bbox 166 4247 288 4290; x_wconf 86' lang='lat' dir='ltr'><strong>menum</strong></span> <span class='ocrx_word' id='word_1_557' title='bbox 304 4239 489 4302; x_wconf 75' lang='lat' dir='ltr'><strong>suammet</strong></span> <span class='ocrx_word' id='word_1_558' title='bbox 504 4233 611 4308; x_wconf 77' lang='lat' dir='ltr'><strong>Aquilo</strong></span> <span class='ocrx_word' id='word_1_559' title='bbox 625 4234 731 4290; x_wconf 84' lang='lat' dir='ltr'><strong>sentiet</strong></span> <span class='ocrx_word' id='word_1_560' title='bbox 745 4250 857 4308; x_wconf 82' lang='lat' dir='ltr'><strong>poenes,</strong></span> <span class='ocrx_word' id='word_1_561' title='bbox 873 4238 902 4292; x_wconf 88' lang='lat' dir='ltr'><strong>et</strong></span> <span class='ocrx_word' id='word_1_562' title='bbox 954 4231 1782 4311; x_wconf 62' lang='lat' dir='ltr'><strong>inpruti,soeiesti,nineaffectionqsirtepoce,oeousatorer,</strong></span> 
     </span>
     <span class='ocr_line' id='line_1_45' title="bbox 73 4322 1784 4397; baseline 0.002 -17"><span class='ocrx_word' id='word_1_563' title='bbox 73 4323 106 4380; x_wconf 80' lang='lat' dir='ltr'><strong>nt</strong></span> <span class='ocrx_word' id='word_1_564' title='bbox 120 4323 172 4395; x_wconf 87' lang='lat' dir='ltr'><strong>qui</strong></span> <span class='ocrx_word' id='word_1_565' title='bbox 186 4324 217 4380; x_wconf 91' lang='lat' dir='ltr'><strong>in</strong></span> <span class='ocrx_word' id='word_1_566' title='bbox 231 4327 309 4380; x_wconf 81' lang='lat' dir='ltr'><strong>terra</strong></span> <span class='ocrx_word' id='word_1_567' title='bbox 323 4325 387 4395; x_wconf 87' lang='lat' dir='ltr'><strong>ejus</strong></span> <span class='ocrx_word' id='word_1_568' title='bbox 399 4328 480 4396; x_wconf 88' lang='lat' dir='ltr'><strong>sunt,</strong></span> <span class='ocrx_word' id='word_1_569' title='bbox 492 4325 529 4380; x_wconf 86' lang='lat' dir='ltr'><strong>nd</strong></span> <span class='ocrx_word' id='word_1_570' title='bbox 540 4325 721 4396; x_wconf 75' lang='lat' dir='ltr'><strong>quamjuxte</strong></span> <span class='ocrx_word' id='word_1_571' title='bbox 731 4324 899 4380; x_wconf 75' lang='lat' dir='ltr'><strong>Zachariam</strong></span> <span class='ocrx_word' id='word_1_572' title='bbox 954 4322 1329 4395; x_wconf 65' lang='lat' dir='ltr'><strong>internpernnteqcrudeies,</strong></span> <span class='ocrx_word' id='word_1_573' title='bbox 1339 4324 1553 4382; x_wconf 83' lang='lat' dir='ltr'><strong>odiotatcntet</strong></span> <span class='ocrx_word' id='word_1_574' title='bbox 1569 4326 1784 4397; x_wconf 81' lang='lat' dir='ltr'><strong>donum,prodt&#39;·</strong></span> 
     </span>
     <span class='ocr_line' id='line_1_46' title="bbox 74 4411 1782 4490; baseline 0.004 -23"><span class='ocrx_word' id='word_1_575' title='bbox 74 4416 203 4483; x_wconf 70' lang='lat' dir='ltr'><strong>poegnnt</strong></span> <span class='ocrx_word' id='word_1_576' title='bbox 214 4411 283 4484; x_wconf 79' lang='lat' dir='ltr'><strong>equi</strong></span> <span class='ocrx_word' id='word_1_577' title='bbox 298 4411 385 4485; x_wconf 79' lang='lat' dir='ltr'><strong>uigil,</strong></span> <span class='ocrx_word' id='word_1_578' title='bbox 412 4412 572 4485; x_wconf 86' lang='lat' dir='ltr'><strong>dequibus</strong></span> <span class='ocrx_word' id='word_1_579' title='bbox 593 4411 719 4467; x_wconf 86' lang='lat' dir='ltr'><strong>dicitur:</strong></span> <span class='ocrx_word' id='word_1_580' title='bbox 735 4415 822 4468; x_wconf 66' lang='lat' dir='ltr'><strong>Erunt</strong></span> <span class='ocrx_word' id='word_1_581' title='bbox 844 4411 899 4484; x_wconf 77' lang='lat' dir='ltr'><strong>[nl.</strong></span> <span class='ocrx_word' id='word_1_582' title='bbox 955 4412 1206 4476; x_wconf 64' lang='lat' dir='ltr'><strong>temulentorum,</strong></span> <span class='ocrx_word' id='word_1_583' title='bbox 1222 4411 1332 4484; x_wconf 76' lang='lat' dir='ltr'><strong>infleti,</strong></span> <span class='ocrx_word' id='word_1_584' title='bbox 1348 4412 1529 4486; x_wconf 82' lang='lat' dir='ltr'><strong>voluptatum</strong></span> <span class='ocrx_word' id='word_1_585' title='bbox 1536 4415 1782 4490; x_wconf 79' lang='lat' dir='ltr'><strong>amotorctnroqit</strong></span> 
     </span>
     <span class='ocr_line' id='line_1_47' title="bbox 76 4500 1783 4573; baseline 0.002 -17"><span class='ocrx_word' id='word_1_586' title='bbox 76 4501 175 4571; x_wconf 68' lang='lat' dir='ltr'><strong>laquo</strong></span> <span class='ocrx_word' id='word_1_587' title='bbox 189 4503 281 4571; x_wconf 74' lang='lat' dir='ltr'><strong>armet]</strong></span> <span class='ocrx_word' id='word_1_588' title='bbox 304 4503 368 4572; x_wconf 79' lang='lat' dir='ltr'><strong>spati</strong></span> <span class='ocrx_word' id='word_1_589' title='bbox 393 4503 481 4571; x_wconf 76' lang='lat' dir='ltr'><strong>nigri,</strong></span> <span class='ocrx_word' id='word_1_590' title='bbox 496 4500 575 4556; x_wconf 82' lang='lat' dir='ltr'><strong>iloni</strong></span> <span class='ocrx_word' id='word_1_591' title='bbox 597 4502 628 4556; x_wconf 83' lang='lat' dir='ltr'><strong>in</strong></span> <span class='ocrx_word' id='word_1_592' title='bbox 642 4507 748 4556; x_wconf 84' lang='lat' dir='ltr'><strong>terrum</strong></span> <span class='ocrx_word' id='word_1_593' title='bbox 757 4500 902 4573; x_wconf 77' lang='lat' dir='ltr'><strong>Aquilonis</strong></span> <span class='ocrx_word' id='word_1_594' title='bbox 956 4500 1525 4573; x_wconf 74' lang='lat' dir='ltr'><strong>prtumDei:ltobentesformompietatis,</strong></span> <span class='ocrx_word' id='word_1_595' title='bbox 1541 4504 1783 4560; x_wconf 81' lang='lat' dir='ltr'><strong>cirtutetnoutcm</strong></span> 
     </span>
     <span class='ocr_line' id='line_1_48' title="bbox 75 4587 1780 4676; baseline 0.002 -31"><span class='ocrx_word' id='word_1_596' title='bbox 75 4587 170 4658; x_wconf 76' lang='lat' dir='ltr'><strong>(lacit.</strong></span> <span class='ocrx_word' id='word_1_597' title='bbox 184 4604 224 4657; x_wconf 84' lang='lat' dir='ltr'><strong>m,</strong></span> <span class='ocrx_word' id='word_1_598' title='bbox 234 4590 275 4662; x_wconf 86' lang='lat' dir='ltr'><strong>o).</strong></span> <span class='ocrx_word' id='word_1_599' title='bbox 286 4591 323 4646; x_wconf 81' lang='lat' dir='ltr'><strong>st</strong></span> <span class='ocrx_word' id='word_1_600' title='bbox 346 4589 468 4663; x_wconf 85' lang='lat' dir='ltr'><strong>pulchre·</strong></span> <span class='ocrx_word' id='word_1_601' title='bbox 482 4589 532 4663; x_wconf 91' lang='lat' dir='ltr'><strong>qui</strong></span> <span class='ocrx_word' id='word_1_602' title='bbox 544 4588 666 4645; x_wconf 83' lang='lat' dir='ltr'><strong>moverit</strong></span> <span class='ocrx_word' id='word_1_603' title='bbox 676 4589 765 4661; x_wconf 84' lang='lat' dir='ltr'><strong>pedes</strong></span> <span class='ocrx_word' id='word_1_604' title='bbox 776 4606 856 4659; x_wconf 87' lang='lat' dir='ltr'><strong>suos,</strong></span> <span class='ocrx_word' id='word_1_605' title='bbox 872 4595 902 4648; x_wconf 86' lang='lat' dir='ltr'><strong>st</strong></span> <span class='ocrx_word' id='word_1_606' title='bbox 916 4610 941 4676; x_wconf 71' lang='lat' dir='ltr'>D</span> <span class='ocrx_word' id='word_1_607' title='bbox 954 4589 1186 4662; x_wconf 76' lang='lat' dir='ltr'><strong>ejusdencpontes</strong></span> <span class='ocrx_word' id='word_1_608' title='bbox 1200 4589 1236 4662; x_wconf 81' lang='grc' dir='ltr'><strong>(ΙΙ</strong></span> <span class='ocrx_word' id='word_1_609' title='bbox 1250 4590 1322 4644; x_wconf 85' lang='lat' dir='ltr'><strong>Tim.</strong></span> <span class='ocrx_word' id='word_1_610' title='bbox 1334 4606 1377 4656; x_wconf 86' lang='grc' dir='ltr'>ιιι,</span> <span class='ocrx_word' id='word_1_611' title='bbox 1393 4590 1419 4657; x_wconf 86' lang='grc'><strong>1,</strong></span> <span class='ocrx_word' id='word_1_612' title='bbox 1434 4595 1532 4664; x_wconf 65' lang='lat' dir='ltr'><strong>seqq).</strong></span> <span class='ocrx_word' id='word_1_613' title='bbox 1549 4590 1666 4648; x_wconf 87' lang='lat' dir='ltr'><strong>Necnon</strong></span> <span class='ocrx_word' id='word_1_614' title='bbox 1682 4596 1712 4648; x_wconf 91' lang='lat' dir='ltr'><strong>et</strong></span> <span class='ocrx_word' id='word_1_615' title='bbox 1725 4591 1780 4649; x_wconf 89' lang='lat' dir='ltr'><strong>hoe</strong></span> 
     </span>
     <span class='ocr_line' id='line_1_49' title="bbox 74 4676 1782 4755; baseline 0.002 -19"><span class='ocrx_word' id='word_1_616' title='bbox 74 4679 229 4736; x_wconf 70' lang='lat' dir='ltr'><strong>redemerit</strong></span> <span class='ocrx_word' id='word_1_617' title='bbox 249 4679 285 4736; x_wconf 85' lang='lat' dir='ltr'><strong>ab</strong></span> <span class='ocrx_word' id='word_1_618' title='bbox 300 4676 429 4748; x_wconf 79' lang='lat' dir='ltr'><strong>oriente,</strong></span> <span class='ocrx_word' id='word_1_619' title='bbox 444 4679 553 4751; x_wconf 88' lang='lat' dir='ltr'><strong>dequo</strong></span> <span class='ocrx_word' id='word_1_620' title='bbox 568 4678 646 4735; x_wconf 90' lang='lat' dir='ltr'><strong>idem</strong></span> <span class='ocrx_word' id='word_1_621' title='bbox 672 4679 814 4752; x_wconf 85' lang='lat' dir='ltr'><strong>propheto</strong></span> <span class='ocrx_word' id='word_1_622' title='bbox 837 4680 898 4736; x_wconf 90' lang='lat' dir='ltr'><strong>ait:</strong></span> <span class='ocrx_word' id='word_1_623' title='bbox 954 4679 1033 4750; x_wconf 92' lang='lat' dir='ltr'><strong>quod</strong></span> <span class='ocrx_word' id='word_1_624' title='bbox 1048 4678 1078 4733; x_wconf 89' lang='lat' dir='ltr'><strong>in</strong></span> <span class='ocrx_word' id='word_1_625' title='bbox 1088 4677 1243 4751; x_wconf 75' lang='lat' dir='ltr'><strong>Evangelio</strong></span> <span class='ocrx_word' id='word_1_626' title='bbox 1257 4678 1400 4750; x_wconf 89' lang='lat' dir='ltr'><strong>scripturn</strong></span> <span class='ocrx_word' id='word_1_627' title='bbox 1414 4684 1468 4749; x_wconf 89' lang='lat' dir='ltr'><strong>est,</strong></span> <span class='ocrx_word' id='word_1_628' title='bbox 1485 4681 1563 4753; x_wconf 92' lang='lat' dir='ltr'><strong>quod</strong></span> <span class='ocrx_word' id='word_1_629' title='bbox 1583 4681 1782 4755; x_wconf 88' lang='lat' dir='ltr'><strong>multiplicata</strong></span> 
     </span>
     <span class='ocr_line' id='line_1_50' title="bbox 73 4766 1780 4841; baseline 0.002 -16"><span class='ocrx_word' id='word_1_630' title='bbox 73 4768 142 4825; x_wconf 68' lang='lat' dir='ltr'><strong>raso</strong></span> <span class='ocrx_word' id='word_1_631' title='bbox 155 4770 208 4836; x_wconf 79' lang='lat' dir='ltr'><strong>as&#39;r,</strong></span> <span class='ocrx_word' id='word_1_632' title='bbox 225 4768 321 4825; x_wconf 80' lang='lat' dir='ltr'><strong>Driem</strong></span> <span class='ocrx_word' id='word_1_633' title='bbox 334 4782 437 4825; x_wconf 79' lang='lat' dir='ltr'><strong>nomen</strong></span> <span class='ocrx_word' id='word_1_634' title='bbox 458 4770 519 4841; x_wconf 60' lang='grc' dir='ltr'><strong>σιἰια</strong></span> <span class='ocrx_word' id='word_1_635' title='bbox 533 4767 625 4840; x_wconf 68' lang='lat' dir='ltr'><strong>(itit,</strong></span> <span class='ocrx_word' id='word_1_636' title='bbox 653 4767 707 4839; x_wconf 83' lang='lat'><strong>12),</strong></span> <span class='ocrx_word' id='word_1_637' title='bbox 724 4771 753 4823; x_wconf 90' lang='lat' dir='ltr'><strong>et</strong></span> <span class='ocrx_word' id='word_1_638' title='bbox 767 4769 803 4824; x_wconf 87' lang='lat' dir='ltr'><strong>ud</strong></span> <span class='ocrx_word' id='word_1_639' title='bbox 819 4768 899 4825; x_wconf 87' lang='lat' dir='ltr'><strong>Docl-</strong></span> <span class='ocrx_word' id='word_1_640' title='bbox 954 4767 1121 4839; x_wconf 91' lang='lat' dir='ltr'><strong>iniquitate,</strong></span> <span class='ocrx_word' id='word_1_641' title='bbox 1132 4767 1301 4841; x_wconf 79' lang='lat' dir='ltr'><strong>refrigescat</strong></span> <span class='ocrx_word' id='word_1_642' title='bbox 1312 4766 1622 4839; x_wconf 83' lang='lat' dir='ltr'><strong>charitasmullorum,</strong></span> <span class='ocrx_word' id='word_1_643' title='bbox 1634 4770 1780 4828; x_wconf 89' lang='lat' dir='ltr'><strong>intantum</strong></span> 
     </span>
     <span class='ocr_line' id='line_1_51' title="bbox 73 4853 1783 4931; baseline 0.002 -18"><span class='ocrx_word' id='word_1_644' title='bbox 73 4857 193 4914; x_wconf 78' lang='lat' dir='ltr'><strong>dentem</strong></span> <span class='ocrx_word' id='word_1_645' title='bbox 205 4859 373 4930; x_wconf 77' lang='lat' dir='ltr'><strong>respexerit,</strong></span> <span class='ocrx_word' id='word_1_646' title='bbox 386 4858 486 4915; x_wconf 85' lang='lat' dir='ltr'><strong>statim</strong></span> <span class='ocrx_word' id='word_1_647' title='bbox 498 4857 638 4931; x_wconf 84' lang='lat' dir='ltr'><strong>pergited</strong></span> <span class='ocrx_word' id='word_1_648' title='bbox 648 4855 833 4929; x_wconf 85' lang='lat' dir='ltr'><strong>Aquilonem,</strong></span> <span class='ocrx_word' id='word_1_649' title='bbox 850 4857 901 4930; x_wconf 90' lang='lat' dir='ltr'><strong>qui</strong></span> <span class='ocrx_word' id='word_1_650' title='bbox 955 4858 988 4911; x_wconf 92' lang='lat' dir='ltr'><strong>ut</strong></span> <span class='ocrx_word' id='word_1_651' title='bbox 1002 4855 1032 4910; x_wconf 90' lang='lat' dir='ltr'><strong>in</strong></span> <span class='ocrx_word' id='word_1_652' title='bbox 1047 4853 1096 4911; x_wconf 91' lang='lat' dir='ltr'><strong>illo</strong></span> <span class='ocrx_word' id='word_1_653' title='bbox 1111 4860 1243 4928; x_wconf 89' lang='lat' dir='ltr'><strong>tempore</strong></span> <span class='ocrx_word' id='word_1_654' title='bbox 1258 4854 1456 4928; x_wconf 89' lang='lat' dir='ltr'><strong>compleatur:</strong></span> <span class='ocrx_word' id='word_1_655' title='bbox 1474 4859 1783 4917; x_wconf 80' lang='lat' dir='ltr'><strong>Ventmtomrnoeniens</strong></span> 
     </span>
     <span class='ocr_line' id='line_1_52' title="bbox 73 4944 1783 5021; baseline 0.002 -19"><span class='ocrx_word' id='word_1_656' title='bbox 73 4945 181 5018; x_wconf 76' lang='lat' dir='ltr'><strong>(ci-non</strong></span> <span class='ocrx_word' id='word_1_657' title='bbox 190 4947 801 5015; x_wconf 79' lang='lat' dir='ltr'><strong>estderter,sednorninedextsrvooatur.</strong></span> <span class='ocrx_word' id='word_1_658' title='bbox 818 4947 900 5013; x_wconf 83' lang='lat' dir='ltr'><strong>Quod</strong></span> <span class='ocrx_word' id='word_1_659' title='bbox 954 4944 1044 5000; x_wconf 78' lang='lat' dir='ltr'><strong>Filius</strong></span> <span class='ocrx_word' id='word_1_660' title='bbox 1057 4944 1177 5000; x_wconf 83' lang='lat' dir='ltr'><strong>torninis</strong></span> <span class='ocrx_word' id='word_1_661' title='bbox 1203 4952 1285 5017; x_wconf 78' lang='lat' dir='ltr'><strong>putus</strong></span> <span class='ocrx_word' id='word_1_662' title='bbox 1312 4947 1433 5002; x_wconf 82' lang='lat' dir='ltr'><strong>inueniet</strong></span> <span class='ocrx_word' id='word_1_663' title='bbox 1460 4947 1542 5017; x_wconf 73' lang='lat' dir='ltr'><strong>fidem</strong></span> <span class='ocrx_word' id='word_1_664' title='bbox 1569 4957 1783 5021; x_wconf 81' lang='lat' dir='ltr'><strong>superterram</strong></span> 
     </span>
     <span class='ocr_line' id='line_1_53' title="bbox 73 5032 1781 5109; baseline 0.003 -20"><span class='ocrx_word' id='word_1_665' title='bbox 73 5033 238 5106; x_wconf 82' lang='lat' dir='ltr'><strong>quidemst</strong></span> <span class='ocrx_word' id='word_1_666' title='bbox 248 5035 437 5109; x_wconf 86' lang='lat' dir='ltr'><strong>corporaliter</strong></span> <span class='ocrx_word' id='word_1_667' title='bbox 447 5033 711 5108; x_wconf 60' lang='lat' dir='ltr'><strong>intelligiterss</strong></span> <span class='ocrx_word' id='word_1_668' title='bbox 722 5038 756 5091; x_wconf 89' lang='lat' dir='ltr'><strong>ut</strong></span> <span class='ocrx_word' id='word_1_669' title='bbox 769 5035 901 5108; x_wconf 88' lang='lat' dir='ltr'><strong>quicum-</strong></span> <span class='ocrx_word' id='word_1_670' title='bbox 955 5032 1065 5106; x_wconf 77' lang='lat' dir='ltr'><strong>(nant.</strong></span> <span class='ocrx_word' id='word_1_671' title='bbox 1074 5050 1147 5101; x_wconf 79' lang='lat' dir='ltr'><strong>xxiv,</strong></span> <span class='ocrx_word' id='word_1_672' title='bbox 1156 5033 1284 5105; x_wconf 65' lang='lat' dir='ltr'><strong>lssl‘inon</strong></span> <span class='ocrx_word' id='word_1_673' title='bbox 1296 5035 1451 5091; x_wconf 84' lang='lat' dir='ltr'><strong>mirabitur</strong></span> <span class='ocrx_word' id='word_1_674' title='bbox 1464 5037 1500 5093; x_wconf 94' lang='lat' dir='ltr'><strong>de</strong></span> <span class='ocrx_word' id='word_1_675' title='bbox 1510 5037 1781 5095; x_wconf 76' lang='lat' dir='ltr'><strong>extremnlicolesiae</strong></span> 
     </span>
     <span class='ocr_line' id='line_1_54' title="bbox 72 5121 1783 5200; baseline 0.004 -22"><span class='ocrx_word' id='word_1_676' title='bbox 72 5122 175 5195; x_wconf 73' lang='lat' dir='ltr'><strong>quein</strong></span> <span class='ocrx_word' id='word_1_677' title='bbox 182 5123 301 5181; x_wconf 77' lang='lat' dir='ltr'><strong>Oriente</strong></span> <span class='ocrx_word' id='word_1_678' title='bbox 312 5123 437 5193; x_wconf 80' lang='lat' dir='ltr'><strong>steterit,</strong></span> <span class='ocrx_word' id='word_1_679' title='bbox 457 5121 900 5181; x_wconf 78' lang='lat' dir='ltr'><strong>ettsrteritsead&#39;tlceidentem</strong></span> <span class='ocrx_word' id='word_1_680' title='bbox 954 5121 1098 5189; x_wconf 86' lang='lat' dir='ltr'><strong>vastitate,</strong></span> <span class='ocrx_word' id='word_1_681' title='bbox 1113 5121 1202 5194; x_wconf 91' lang='lat' dir='ltr'><strong>quod,</strong></span> <span class='ocrx_word' id='word_1_682' title='bbox 1219 5127 1360 5195; x_wconf 78' lang='lat' dir='ltr'><strong>regnante</strong></span> <span class='ocrx_word' id='word_1_683' title='bbox 1370 5124 1561 5195; x_wconf 80' lang='lat' dir='ltr'><strong>Antichristo,</strong></span> <span class='ocrx_word' id='word_1_684' title='bbox 1573 5127 1733 5200; x_wconf 87' lang='lat' dir='ltr'><strong>redigenda</strong></span> <span class='ocrx_word' id='word_1_685' title='bbox 1742 5127 1783 5185; x_wconf 90' lang='lat' dir='ltr'><strong>sit</strong></span> 
     </span>
     <span class='ocr_line' id='line_1_55' title="bbox 71 5210 1781 5290; baseline 0.004 -22"><span class='ocrx_word' id='word_1_686' title='bbox 71 5210 245 5285; x_wconf 69' lang='lat' dir='ltr'><strong>raq&#39;mimt,</strong></span> <span class='ocrx_word' id='word_1_687' title='bbox 261 5213 297 5270; x_wconf 91' lang='lat' dir='ltr'><strong>ad</strong></span> <span class='ocrx_word' id='word_1_688' title='bbox 312 5214 466 5270; x_wconf 81' lang='lat' dir='ltr'><strong>dexterum</strong></span> <span class='ocrx_word' id='word_1_689' title='bbox 478 5212 586 5270; x_wconf 73' lang='lat' dir='ltr'><strong>habent</strong></span> <span class='ocrx_word' id='word_1_690' title='bbox 610 5210 798 5284; x_wconf 78' lang='lat' dir='ltr'><strong>Aquilonem,</strong></span> <span class='ocrx_word' id='word_1_691' title='bbox 813 5228 900 5284; x_wconf 88' lang='lat' dir='ltr'><strong>quem</strong></span> <span class='ocrx_word' id='word_1_692' title='bbox 954 5210 985 5267; x_wconf 90' lang='lat' dir='ltr'><strong>iu</strong></span> <span class='ocrx_word' id='word_1_693' title='bbox 996 5210 1195 5279; x_wconf 88' lang='lat' dir='ltr'><strong>solitudinem,</strong></span> <span class='ocrx_word' id='word_1_694' title='bbox 1207 5211 1510 5283; x_wconf 85' lang='lat' dir='ltr'><strong>ettrndendnbostiis,</strong></span> <span class='ocrx_word' id='word_1_695' title='bbox 1525 5219 1554 5271; x_wconf 92' lang='lat' dir='ltr'><strong>et</strong></span> <span class='ocrx_word' id='word_1_696' title='bbox 1564 5232 1689 5287; x_wconf 85' lang='lat' dir='ltr'><strong>passure</strong></span> <span class='ocrx_word' id='word_1_697' title='bbox 1701 5232 1781 5290; x_wconf 79' lang='lat' dir='ltr'><strong>que·</strong></span> 
     </span>
    </p>
   </div>
   <div class='ocr_carea' id='block_1_3' title="bbox 109 5406 1184 5481">
    <p class='ocr_par' dir='ltr' id='par_1_3' title="bbox 109 5406 1184 5481">
     <span class='ocr_line' id='line_1_56' title="bbox 109 5406 1184 5481; baseline -0.001 -19"><span class='ocrx_word' id='word_1_698' title='bbox 109 5408 151 5479; x_wconf 82' lang='lat' dir='ltr'><strong>(o)</strong></span> <span class='ocrx_word' id='word_1_699' title='bbox 166 5406 316 5466; x_wconf 86' lang='lat' dir='ltr'><strong>interserit</strong></span> <span class='ocrx_word' id='word_1_700' title='bbox 330 5408 488 5477; x_wconf 87' lang='lat' dir='ltr'><strong>Victorius,</strong></span> <span class='ocrx_word' id='word_1_701' title='bbox 504 5416 531 5465; x_wconf 83' lang='lat' dir='ltr'><strong>et</strong></span> <span class='ocrx_word' id='word_1_702' title='bbox 547 5412 656 5481; x_wconf 71' lang='lat' dir='ltr'><strong>sortem,</strong></span> <span class='ocrx_word' id='word_1_703' title='bbox 669 5409 756 5480; x_wconf 83' lang='lat' dir='ltr'><strong>juxte</strong></span> <span class='ocrx_word' id='word_1_704' title='bbox 769 5411 899 5466; x_wconf 77' lang='lat' dir='ltr'><strong>Grecum</strong></span> <span class='ocrx_word' id='word_1_705' title='bbox 954 5425 1012 5466; x_wconf 89' lang='lat' dir='ltr'><strong>non</strong></span> <span class='ocrx_word' id='word_1_706' title='bbox 1029 5407 1184 5464; x_wconf 90' lang='lat' dir='ltr'><strong>habentur.</strong></span> 
     </span>
    </p>
   </div>
   <div class='ocr_carea' id='block_1_4' title="bbox 71 5472 1782 5634">
    <p class='ocr_par' dir='ltr' id='par_1_4' title="bbox 71 5472 1782 5634">
     <span class='ocr_line' id='line_1_57' title="bbox 71 5472 1782 5608; baseline 0.005 -72"><span class='ocrx_word' id='word_1_707' title='bbox 71 5478 111 5536; x_wconf 81' lang='lat' dir='ltr'><strong>Se</strong></span> <span class='ocrx_word' id='word_1_708' title='bbox 165 5479 402 5608; x_wconf 49' lang='lat' dir='ltr'><strong>mahtedum.</strong></span> <span class='ocrx_word' id='word_1_709' title='bbox 612 5550 618 5563; x_wconf 31' lang='lat'><strong><em>⁵</em></strong></span> <span class='ocrx_word' id='word_1_710' title='bbox 880 5551 888 5564; x_wconf 28' lang='grc' dir='ltr'>ι</span> <span class='ocrx_word' id='word_1_711' title='bbox 972 5472 1030 5551; x_wconf 62' lang='lat' dir='ltr'><strong>td)</strong></span> <span class='ocrx_word' id='word_1_712' title='bbox 1042 5477 1130 5561; x_wconf 77' lang='lat' dir='ltr'><strong>Atqui</strong></span> <span class='ocrx_word' id='word_1_713' title='bbox 1147 5477 1277 5534; x_wconf 89' lang='lat' dir='ltr'><strong>nondum</strong></span> <span class='ocrx_word' id='word_1_714' title='bbox 1291 5477 1397 5560; x_wconf 68' lang='lat' dir='ltr'><strong>ionem</strong></span> <span class='ocrx_word' id='word_1_715' title='bbox 1409 5479 1557 5538; x_wconf 87' lang='lat' dir='ltr'><strong>illustrare</strong></span> <span class='ocrx_word' id='word_1_716' title='bbox 1568 5485 1782 5556; x_wconf 75' lang='lat' dir='ltr'><strong>ceper-atror-</strong></span> 
     </span>
     <span class='ocr_line' id='line_1_58' title="bbox 139 5548 1778 5634; baseline 0.005 -27"><span class='ocrx_word' id='word_1_717' title='bbox 139 5550 150 5623; x_wconf 89' lang='grc'><strong>)</strong></span> <span class='ocrx_word' id='word_1_718' title='bbox 253 5553 328 5608; x_wconf 89' lang='lat' dir='ltr'><strong>oorri</strong></span> <span class='ocrx_word' id='word_1_719' title='bbox 353 5553 359 5565; x_wconf 88' lang='grc'><strong>’</strong></span> <span class='ocrx_word' id='word_1_720' title='bbox 376 5552 502 5623; x_wconf 63' lang='lat' dir='ltr'><strong>,titissx</strong></span> <span class='ocrx_word' id='word_1_721' title='bbox 513 5551 654 5608; x_wconf 86' lang='lat' dir='ltr'><strong>Hehrsrco</strong></span> <span class='ocrx_word' id='word_1_722' title='bbox 664 5554 694 5606; x_wconf 91' lang='lat' dir='ltr'><strong>et</strong></span> <span class='ocrx_word' id='word_1_723' title='bbox 701 5548 827 5634; x_wconf 69' lang='lat' dir='ltr'><strong>yulgata</strong></span> <span class='ocrx_word' id='word_1_724' title='bbox 842 5552 901 5609; x_wconf 86' lang='lat' dir='ltr'><strong>edr-</strong></span> <span class='ocrx_word' id='word_1_725' title='bbox 953 5555 1033 5608; x_wconf 84' lang='lat' dir='ltr'><strong>iesse</strong></span> <span class='ocrx_word' id='word_1_726' title='bbox 1046 5548 1113 5607; x_wconf 79' lang='lat' dir='ltr'><strong>licta</strong></span> <span class='ocrx_word' id='word_1_727' title='bbox 1125 5555 1153 5606; x_wconf 91' lang='lat' dir='ltr'><strong>et</strong></span> <span class='ocrx_word' id='word_1_728' title='bbox 1165 5549 1353 5623; x_wconf 81' lang='lat' dir='ltr'><strong>subtegmine</strong></span> <span class='ocrx_word' id='word_1_729' title='bbox 1363 5552 1439 5625; x_wconf 90' lang='lat' dir='ltr'><strong>apud</strong></span> <span class='ocrx_word' id='word_1_730' title='bbox 1450 5569 1482 5608; x_wconf 86' lang='lat' dir='ltr'><strong>se</strong></span> <span class='ocrx_word' id='word_1_731' title='bbox 1492 5553 1617 5611; x_wconf 89' lang='lat' dir='ltr'><strong>texendo</strong></span> <span class='ocrx_word' id='word_1_732' title='bbox 1626 5556 1707 5630; x_wconf 89' lang='lat' dir='ltr'><strong>operi</strong></span> <span class='ocrx_word' id='word_1_733' title='bbox 1715 5557 1778 5630; x_wconf 86' lang='lat' dir='ltr'><strong>jam</strong></span> 
     </span>
    </p>
   </div>
   <div class='ocr_carea' id='block_1_5' title="bbox 71 5620 1624 5769">
    <p class='ocr_par' dir='ltr' id='par_1_5' title="bbox 71 5620 1624 5769">
     <span class='ocr_line' id='line_1_59' title="bbox 71 5620 1624 5769; baseline 0.004 -90"><span class='ocrx_word' id='word_1_734' title='bbox 71 5620 405 5769; x_wconf 34' lang='lat' dir='ltr'><strong>deff-affin&amp;</strong></span> <span class='ocrx_word' id='word_1_735' title='bbox 442 5622 899 5765; x_wconf 43' lang='lat' dir='ltr'><strong>&#39;isdmleg‘i‘ttugaewm,</strong></span> <span class='ocrx_word' id='word_1_736' title='bbox 954 5625 1115 5696; x_wconf 73' lang='lat' dir='ltr'><strong>paraverat,</strong></span> <span class='ocrx_word' id='word_1_737' title='bbox 1132 5625 1219 5693; x_wconf 86' lang='lat' dir='ltr'><strong>etque</strong></span> <span class='ocrx_word' id='word_1_738' title='bbox 1234 5637 1269 5678; x_wconf 85' lang='lat' dir='ltr'><strong>ee</strong></span> <span class='ocrx_word' id='word_1_739' title='bbox 1284 5625 1356 5679; x_wconf 86' lang='lat' dir='ltr'><strong>sunt</strong></span> <span class='ocrx_word' id='word_1_740' title='bbox 1369 5639 1432 5697; x_wconf 83' lang='lat' dir='ltr'><strong>que</strong></span> <span class='ocrx_word' id='word_1_741' title='bbox 1451 5622 1499 5682; x_wconf 89' lang='lat' dir='ltr'><strong>hie</strong></span> <span class='ocrx_word' id='word_1_742' title='bbox 1513 5623 1624 5685; x_wconf 83' lang='lat' dir='ltr'><strong>tondat.</strong></span> 
     </span>
    </p>
   </div>
   <div class='ocr_carea' id='block_1_6' title="bbox 0 0 1953 6098">
    <p class='ocr_par' dir='ltr' id='par_1_6' title="bbox 0 0 1953 6098">
     <span class='ocr_line' id='line_1_60' title="bbox 0 0 1953 6098; baseline 0 0"><span class='ocrx_word' id='word_1_743' title='bbox 0 0 1953 6098; x_wconf 95' lang='lat' dir='ltr'><strong> </strong></span> 
     </span>
    </p>
   </div>
  </div>
 </body>
</html>
