3818 6104
105 273 144 344 Ul
723 272 756 343 S.
777 274 933 347 sussen
954 274 1189 347 uterentur.
1763 274 1803 344 bh

104 414 238 490 singulos
252 412 396 473 elementa
410 409 775 487 volvuntur,ooelorumque
785 412 926 470 rationem
942 422 966 487 Α
982 430 1034 486 per
1048 430 1079 471 se
1094 416 1130 471 ad
1146 430 1209 472 eam
1227 413 1268 472 ire
1291 432 1348 472 non
1379 418 1499 491 poterat,
1521 413 1649 473 elevatus
1664 431 1681 473 a
1695 414 1803 490 spiritu

103 503 134 561 in
150 505 236 562 terris
251 503 545 578 deprehendimus,ut
559 502 686 576 antique
701 501 776 575 legis
791 502 923 558 ordinem
980 504 1237 573 est,etduetusad
1266 505 1398 562 eamdem
1427 510 1542 578 portam
1565 506 1671 562 domus
1686 504 1804 563 Domini

103 598 308 652 conservantes
321 592 474 650 volvantur
488 597 516 649 et
528 597 668 659 currant;
685 595 714 647 et
730 589 802 646 nihil
817 607 924 648 novum
978 590 1164 664 orientalem,
1194 610 1257 665 quae
1283 594 1401 666 respicit
1423 594 1514 650 solem
1537 593 1668 665 justitiae,
1693 595 1729 650 de
1744 609 1803 665 quo

103 700 258 740 cernamus
271 699 360 755 super
371 681 575 747 terram.0uod
588 689 685 737 autom
696 681 804 736 dicitur
815 699 824 735 :
834 682 925 751 Ipsam
979 681 1192 753 scriptumest:
1205 683 1269 737 hece
1280 684 1341 736 vir:
1352 681 1448 738 Oriens
1471 699 1568 738 nornen
1584 684 1642 754 nris
1654 683 1746 739 ibach.
1761 700 1803 754 vr,

103 779 142 829 est
156 772 273 839 aniiacl,
290 772 360 844 qued
382 771 504 828 citimam
514 773 598 841 juata
612 772 728 841 havium
744 769 850 825 Chobar
863 770 923 841 (lic-
979 769 1043 837 12):
1060 774 1092 824 ut
1107 786 1292 842 nequaquam
1309 776 1471 826 remaneret
1484 773 1513 826 in
1524 771 1725 843 templo,quod
1740 777 1804 829 erat

101 863 164 918 cles.
180 863 211 935 1).
235 861 386 933 Scriptura
409 861 588 917 demonsiret
612 860 714 915 eadem
742 875 794 915 nos
819 858 924 914 debere
978 855 1148 929 ignorantiae
1159 859 1421 928 nubecont'usum;
1438 860 1488 915 sed
1504 863 1587 916 stans
1602 859 1632 916 iu
1648 865 1733 932 porta
1746 861 1802 917 do·

100 950 265 1025 intelligere
275 951 304 1007 in
316 951 493 1023 expositione
508 948 722 1020 animalisque
737 965 827 1021 supra
841 948 924 1005 intel·
978 961 1045 1000 mus
1060 947 1174 1002 Domini
1190 947 1424 1021 Orientalis,quae
1440 952 1602 1020 sequuntur
1616 952 1803 1007 sacramenta

100 1039 235 1098 teximus.
977 1039 1173 1107 cognosceret.

135 1132 230 1203 (Vere.
258 1131 291 1185 18
313 1130 408 1202 seqq.)
432 1132 465 1185 Et
487 1145 595 1198 epressa
615 1136 654 1184 cst
676 1128 922 1199 picrialiominia
1012 1122 1105 1192 (Vens.
1126 1127 1144 1179 2
1158 1127 1252 1197 seqq.)
1267 1127 1299 1181 Et
1313 1142 1372 1182 eece
1386 1129 1416 1181 in
1426 1128 1542 1182 introitu
1555 1131 1644 1199 porte
1658 1127 1761 1196 uipinti
1774 1135 1803 1182 ei

102 1219 197 1276 limine
213 1222 322 1291 Templi,
335 1226 361 1274 et
376 1221 449 1276 stetit
463 1235 546 1290 saper
565 1217 724 1274 Cherubim.
741 1220 773 1272 Et
787 1218 922 1273 elevantes
975 1215 1095 1284 quinque
1108 1215 1175 1280 oiri,
1191 1217 1216 1270 et
1228 1215 1286 1270 vidi
1300 1217 1330 1270 in
1344 1216 1436 1272 nudie
1448 1217 1693 1272 eoramtemutam
1707 1215 1801 1285 filium

101 1307 154 1376 [tl.
171 1307 309 1365 elevantia
323 1313 351 1364 et
366 1308 498 1379 exaltata]
514 1306 663 1362 Cherubim
681 1307 741 1361 atas
754 1321 829 1372 snas,
843 1306 920 1360 eccl·
978 1303 1058 1366 deur,
1073 1311 1100 1358 et
1127 1304 1267 1359 Plraltiam
1290 1304 1381 1374 filiam
1410 1307 1525 1377 harrajae
1542 1307 1678 1377 principes
1690 1304 1799 1377 popuii.

100 1399 151 1452 tati
163 1400 226 1452 sarit
240 1414 257 1451 a
272 1401 346 1452 terra
359 1412 452 1452 eornm
465 1397 554 1451 maht
569 1395 626 1450 illis
640 1393 922 1465 eprebmatbarpote
976 1391 1103 1463 Dixitque
1118 1392 1153 1447 ari
1168 1409 1226 1448 me:
1242 1393 1296 1448 Pili
1308 1392 1470 1466 hominis,hi
1483 1396 1600 1467 diripui
1612 1394 1799 1465 copitantini·

100 1501 204 1558 qnoque
217 1485 364 1542 subsecuta
376 1489 450 1542 sant.
464 1486 497 1541 lit
510 1486 584 1540 debit
601 1485 630 1539 in
646 1485 763 1539 introitu
775 1486 859 1554 portae
873 1482 920 1537 do-
975 1481 1117 1549 quitatem,
1134 1486 1159 1537 ct
1171 1482 1447 1538 tractanteonsilium
1458 1485 1608 1554 pessimum
1618 1485 1649 1538 in
1660 1482 1799 1552 urbeista,

98 1591 159 1630 mus
175 1575 284 1630 Domini
299 1575 490 1644 Orientalis,et
503 1574 592 1645 pieria
606 1573 656 1629 Dei
669 1572 755 1627 lsrael
769 1580 922 1642 erctsuper
975 1568 1114 1624 dicentes:
1129 1569 1340 1626 Nonneilndum
1363 1571 1508 1642 edificate
1521 1577 1586 1629 sant
1600 1573 1716 1629 domm?
1731 1575 1800 1629 Haec

98 1678 142 1720 eos
153 1663 208 1736 [Al.
224 1664 278 1735 eei.
290 1665 380 1735 ipsum
396 1667 436 1720 est
450 1662 567 1728 onirncl,
581 1662 652 1732 qaod
663 1660 721 1716 cidi
733 1661 827 1716 subter
835 1662 921 1715 Deam
975 1664 1014 1712 est
1027 1658 1159 1725 lebes,nos
1172 1665 1267 1714 aretem
1281 1677 1388 1716 earnes.
1408 1661 1510 1718 ideireo
1525 1664 1675 1719 vaticinare
1689 1661 1722 1716 dc
1747 1660 1798 1727 eis,

98 1753 196 1824 lsrael,
207 1753 291 1825 jueta
304 1755 420 1825 flaviam
435 1752 557 1808 Chobar:
572 1756 599 1808 et
613 1749 755 1815 intellexi,
771 1750 839 1820 quia
854 1748 919 1805 Che·
975 1748 1137 1817 vantome,
1154 1748 1197 1817 fili
1211 1749 1339 1804 hominis.
1364 1749 1399 1805 lit
1412 1752 1497 1807 inuit
1510 1753 1539 1808 in
1557 1769 1599 1808 me
1612 1752 1726 1823 spiritus
1743 1753 1798 1805 Do·

98 1842 192 1897 nebim
204 1849 300 1899 mann.
325 1843 456 1911 Qualiter,
478 1857 530 1912 per
554 1843 670 1911 quatuor
693 1838 788 1894 vallas
808 1839 878 1892 urii:
895 1845 920 1892 et
973 1837 1055 1902 mini,
1070 1835 1179 1892 etdieit
1193 1837 1229 1893 ad
1256 1854 1309 1904 nie,
1326 1839 1452 1910 toquere:
1478 1845 1545 1899 Haec
1559 1840 1627 1897 dicit
1641 1840 1798 1897 Dominam:

99 1936 217 2004 quotuor
230 1931 285 1988 ate
298 1933 386 2000 uni‚et
396 1929 548 1986 similitudo
560 1945 659 1984 mones
670 1928 791 1984 hominis
804 1927 852 1981 aab
867 1926 920 1981 atis
974 1924 1019 1980 Sic
1032 1926 1116 1982 locuti
1128 1928 1191 1981 estis
1206 1926 1300 1982 domus
1314 1928 1437 1998 lsraet‚et
1449 1931 1627 2000 recitationes
1640 1929 1734 1987 cordis
1754 1941 1797 1982 ce·

98 2037 211 2078 eornm:
226 2027 253 2076 et
266 2019 420 2076 similitudo
430 2021 557 2075 trutinum
567 2034 672 2084 corum,
688 2019 743 2089 ipsi
752 2017 841 2072 auitas
855 2031 920 2087 quos
972 2015 1025 2069 stri
1038 2029 1085 2084 eqo
1099 2016 1172 2069 narii.
1189 2017 1329 2071 Plurimos
1352 2017 1489 2074 occidetis
1501 2020 1534 2074 in
1547 2019 1614 2074 arbe
1626 2019 1688 2085 hac,
1703 2020 1728 2073 et
1743 2016 1798 2071 im·

98 2109 221 2166 videram
230 2110 316 2182 jueta
338 2111 454 2180 haleium
478 2108 593 2174 Chobar,
615 2112 642 2163 et
655 2108 774 2162 intuitus
787 2120 881 2161 eorum
894 2110 920 2159 ei
971 2103 1067 2175 plectis
1082 2105 1141 2158 vias
1155 2105 1213 2176 ejus
1229 2106 1388 2176 intersectis.
1406 2111 1552 2178 Propterea
1563 2107 1699 2165 heedimt
1707 2107 1798 2162 Donni·

98 2200 214 2272 impetns
225 2199 399 2271 sinpuiornm
413 2198 585 2269 malefaciem
598 2213 675 2252 suam
691 2192 808 2265 inpredi.
823 2191 921 2248 Gloria
973 2208 1026 2247 nas
1041 2192 1131 2248 Deus:
1156 2193 1293 2264 interiecti
1315 2196 1408 2265 nestri,
1435 2205 1502 2266 qnos
1519 2197 1649 2268 potantis
1663 2199 1693 2252 in
1707 2197 1798 2255 medio

98 2288 289 2355 Domini,sive
300 2288 518 2358 majestasque
529 2289 649 2341 steterat
659 2281 798 2354 intempli
808 2280 919 2349 limine,
973 2280 1079 2352 ejas,hi
1087 2285 1150 2336 snat
1164 2298 1270 2352 carrus,
1285 2287 1312 2338 et
1327 2283 1383 2338 haee
1395 2287 1435 2339 est
1454 2284 1563 2352 lebenti
1577 2284 1691 2341 educam
1703 2302 1751 2342 uos
1764 2287 1799 2343 de

102 2379 183 2438 stetit
196 2393 285 2450 super
298 2376 466 2432 Cherubim.
482 2374 536 2442 Qui
550 2374 696 2430 elevantes
709 2373 762 2444 [ill.
779 2373 847 2436 Duce
862 2368 919 2424 ele·
974 2369 1062 2425 matio
1078 2371 1144 2443 ejas.
1160 2370 1287 2426 Gladium
1308 2374 1454 2441 metuistis,
1478 2379 1504 2429 et
1524 2372 1652 2444 gladium
1667 2376 1799 2434 indecora

98 2468 196 2523 nantia
209 2471 237 2523 et
260 2465 397 2536 exaltata]
422 2465 483 2521 alas
507 2481 587 2530 suas,
612 2462 752 2536 propheta
773 2462 921 2528 cernente,
973 2475 1055 2530 saper
1069 2475 1124 2528 vos,
1140 2461 1180 2515 ait
1194 2463 1328 2518 Dominus
1341 2463 1423 2532 Deus,
1437 2471 1465 2518 et
1477 2463 1588 2534 ejiciam
1602 2480 1646 2521 vos
1658 2464 1693 2522 cle
1704 2466 1798 2524 aredio

98 2554 214 2612 exaltati
229 2558 309 2622 snut,
325 2553 396 2611 rotis
412 2552 521 2627 pariter
535 2550 737 2624 sequentihus,
753 2552 783 2606 et
797 2546 876 2605 stetit
890 2546 920 2601 in
974 2549 1051 2619 ejas:
1064 2548 1185 2619 daboque
1199 2565 1242 2606 vos
1257 2551 1287 2604 in
1297 2568 1383 2606 mann
1394 2551 1550 2624 instiumet
1562 2555 1669 2625 (onom
1679 2556 1710 2610 in
1722 2556 1799 2613 uobis

97 2645 219 2701 introitu
235 2648 323 2717 porte
338 2643 445 2699 domus
461 2641 577 2699 Domini
587 2636 920 2710 orientalispaulatim-
969 2637 1188 2709 jndiciaGlarlio
1201 2638 1324 2694 cadetis:
1342 2641 1372 2695 in
1386 2641 1487 2712 finibus
1501 2642 1585 2698 lsrael
1593 2642 1726 2714 judicobo
1742 2660 1797 2715 uos,

98 2749 155 2804 que
170 2732 309 2805 protectio
331 2733 381 2789 Dei
402 2730 520 2802 reliquit
543 2727 642 2786 lsrael.
668 2728 799 2784 Primum
819 2726 874 2782 tuit
889 2725 920 2781 in
974 2734 999 2782 et
1013 2728 1103 2782 scietis
1112 2729 1178 2798 quia
1189 2728 1266 2782 1th
1276 2744 1324 2797 epo
1345 2730 1487 2785 Dominus.
1503 2735 1572 2789 Haec
1585 2746 1641 2788 non
1654 2734 1708 2788 erit
1721 2734 1799 2790 uobis

97 2819 217 2893 templo,
233 2821 339 2877 deinde
361 2820 443 2877 stetit
464 2818 495 2874 in
520 2818 593 2875 atrio
608 2816 709 2889 templi
725 2816 785 2871 sive
800 2814 919 2870 limine:
974 2817 1004 2871 in
1020 2815 1170 2882 lebetem,et
1184 2832 1230 2872 vos
1253 2832 1306 2872 non
1327 2819 1407 2874 eritis
1420 2820 1449 2874 in
1465 2819 1553 2876 medio
1565 2822 1625 2893 ejas
1639 2823 1672 2877 in
1684 2837 1796 2879 carnea

97 2925 157 2982 qua
171 2908 323 2965 recedente
338 2909 374 2963 de
387 2906 506 2980 templo,
529 2906 622 2962 nubes
637 2909 667 2962 et
681 2904 774 2975 caligo
790 2901 922 2974 implevit
974 2910 1007 2961 ln
1020 2905 1124 2975 finibus
1139 2905 1221 2961 lsrael
1232 2905 1361 2978 judicabo
1382 2924 1437 2975 uos,
1453 2916 1480 2964 et
1493 2910 1587 2965 scietis
1601 2912 1668 2981 quia
1681 2926 1729 2981 epo
1744 2912 1798 2968 llo·

97 2997 200 3071 templi
214 2996 385 3070 penetralia.
399 2997 587 3068 ltursumquo
597 2995 661 3068 ipsa
675 2993 767 3067 gloria
782 2991 858 3047 sedit
870 3007 919 3046 eu·
974 2996 1078 3049 minas.
1091 2994 1128 3065 (a)
1140 2995 1220 3060 Quod
1234 2996 1376 3067 sequitur,
1388 2997 1418 3052 in
1435 2995 1628 3070 Septuaginta
1638 3014 1695 3055 non
1711 2999 1799 3057 habe·

98 3086 327 3162 perCherubim,
343 3089 371 3142 et
381 3084 440 3142 illis
453 3084 553 3142 statim
566 3083 761 3151 avolantibus,
777 3086 807 3137 el
820 3081 855 3135 ad
871 3096 920 3136 ex·
973 3088 1031 3154 tur,
1048 3083 1099 3140 sed
1115 3084 1150 3139 de
1166 3084 1286 3140 Hebraeo
1296 3085 1429 3141 additum
1442 3090 1504 3142 est:
1523 3085 1595 3154 Quia
1608 3088 1639 3142 in
1651 3091 1799 3161 praeceptis

97 3175 203 3233 teriora
214 3175 400 3244 abeuntibus,
415 3179 520 3231 secuta
532 3177 601 3230 sunt
611 3177 689 3228 rote.
704 3172 737 3227 nt
751 3169 844 3243 gloria
859 3173 918 3225 ste·
934 3156 956 3224 C
973 3175 1042 3228 meis
1056 3189 1112 3228 aon
1125 3173 1297 3239 ambulastis,
1314 3181 1340 3229 et
1348 3174 1458 3245 inlicta
1472 3191 1533 3231 ntea
1546 3192 1603 3234 non
1617 3178 1739 3247 fecistis:
1752 3177 1799 3235 red

97 3265 133 3321 tit
146 3264 176 3320 in
191 3267 276 3337 porta
291 3265 397 3321 domus
414 3263 527 3320 Domini
543 3261 772 3329 Orientalis,non
786 3259 818 3314 in
827 3259 920 3329 janua
969 3263 1054 3335 jacta
1062 3262 1176 3333 judicic
1186 3265 1385 3334 pentinm,qnae
1398 3265 1428 3319 in
1440 3266 1563 3322 archita
1572 3270 1660 3323 rrenro
1674 3276 1748 3335 sunt,
1759 3283 1799 3325 os-

96 3352 209 3426 templi,
225 3353 277 3411 sod
293 3357 359 3425 post
372 3353 480 3408 atrium
501 3357 530 3408 et
543 3351 633 3407 limen
649 3350 679 3405 in
696 3347 816 3405 introitu
830 3350 920 3418 portae
973 3352 1009 3405 iis
1023 3351 1137 3422 operati.
1163 3349 1334 3406 desumitur
1354 3351 1497 3425 propheta
1514 3354 1601 3425 juxta
1629 3354 1704 3411 illud
1719 3357 1800 3428 quod

96 3443 205 3499 domus
214 3442 331 3498 Domini
342 3439 591 3505 Orientalis.Quod
602 3437 821 3510 aumpropbeta
831 3434 920 3490 vidie·
974 3439 1118 3510 seriptum
1143 3443 1205 3494 est:
1232 3440 1374 3496 hssrrmens
1397 3447 1554 3499 mansuetos
1578 3444 1710 3501 Dominus
1741 3446 1799 3517 (Pe.

96 3536 150 3602 set,
167 3531 335 3604 ipsumest,
365 3529 471 3602 inquit,
503 3527 625 3594 animal,
650 3526 727 3598 quod
744 3523 921 3580 vidisuhler
973 3543 1066 3595 cxcvi,
1083 3528 1131 3599 6);
1149 3528 1530 3597 siveelevatureterra,et
1548 3532 1798 3590 introduciturad

96 3620 188 3677 Deum
213 3619 313 3692 lsrael,
334 3620 420 3691 juxta
444 3617 565 3673 lluvium
589 3615 713 3686 (thobar,
736 3618 765 3670 et
779 3611 918 3679 intellexi,
973 3621 1087 3688 portam
1103 3617 1208 3673 domus
1221 3618 1335 3674 Domini
1350 3618 1538 3687 Orientalem,
1551 3621 1799 3693 ulposaitrigiuti

95 3708 166 3782 quia
175 3708 332 3766 Cherubim
343 3711 452 3765 essent.
463 3707 536 3774 Quid
545 3705 623 3762 enim
634 3703 700 3760 novi
711 3703 831 3770 viderat,
841 3701 918 3773 quod
974 3706 1104 3778 quinque
1117 3706 1247 3762 virorum
1263 3707 1313 3779 qui
1324 3712 1408 3764 erant
1421 3708 1451 3763 in
1466 3709 1588 3765 introitu
1599 3715 1700 3782 porte,
1712 3717 1742 3767 et
1752 3713 1798 3769 le·

94 3796 272 3870 intelligeret
287 3814 351 3854 esse
363 3796 598 3867 cherubimque
611 3793 692 3866 prius
704 3809 761 3848 non
772 3791 918 3847 intellexe·
972 3795 1061 3851 zoniae
1076 3794 1126 3850 filii
1144 3798 1229 3864 Azur,
1245 3800 1332 3867 atque
1348 3796 1466 3853 Phaltiae
1483 3796 1534 3852 lilii
1547 3799 1675 3870 Banajae,
1689 3801 1799 3871 prinei·

95 3884 721 3959 rat‘lClierabiminlinguanoslrascientiae
736 3883 811 3938 sos
827 3881 919 3936 narrtti·
972 3900 1043 3955 pum
1059 3883 1157 3957 populi
1182 3889 1365 3941 sacramenta
1388 3901 1572 3958 cognoscere.
1589 3887 1623 3942 lii
1640 3888 1732 3960 igitur
1745 3889 1797 3961 qui

96 3975 160 4032 tudo
174 3980 237 4034 eet:
263 3975 367 4031 notitia
392 3977 642 4031 sacramentorum
668 3971 729 4035 Dei,
752 3980 779 4026 et
794 3969 918 4026 thronus
972 3976 1055 4029 erant
1070 3974 1099 4029 in
1116 3974 1237 4029 introita
1253 3979 1342 4046 portae
1368 3974 1474 4030 domus
1495 3975 1611 4031 Domini
1627 3975 1795 4050 orientalis,

95 4065 161 4136 ejus
172 4080 205 4120 ao
216 4064 344 4135 requies.
358 4063 440 4118 Unde
451 4067 480 4118 ot
492 4062 523 4117 in
538 4061 653 4133 psalmo
669 4059 792 4116 dicitur:
809 4060 862 4128 Qui
875 4073 918 4114 se·
972 4062 1160 4134 desperantes
1175 4062 1341 4127 salutemet
1356 4062 1498 4119 scelerum
1510 4064 1689 4121 conscientia
1699 4066 1797 4138 parati

96 4151 142 4209 des
151 4168 234 4225 snper
247 4150 406 4218 Cherubim,
418 4151 597 4221 manifestere
609 4150 665 4221 (Pa.
683 4165 776 4214 naxrx,
789 4149 825 4219 1).
838 4148 918 4203 Sem·
971 4149 1007 4205 ad
1023 4148 1240 4218 interitum,nee
1252 4150 1382 4208 volentes
1393 4168 1445 4224 per
1453 4152 1666 4224 poenitudinem
1676 4158 1799 4225 peccata

97 4257 150 4314 per
163 4240 240 4296 enim
257 4238 481 4313 gloriabamini
496 4238 579 4295 sedet
593 4239 622 4294 in
638 4237 764 4294 scientiae
780 4235 917 4293 multitu·
971 4237 1246 4312 corrigere‚dieunt:
1264 4240 1343 4296 Licet
1358 4257 1450 4313 nuper
1464 4245 1531 4313 posi
1541 4241 1799 4315 primameaptivi·

96 4329 182 4384 dine:
212 4330 241 4385 θῖ
265 4333 335 4384 tunc
361 4329 575 4396 manifestatur,
600 4327 717 4399 quando
737 4330 843 4382 cuncta
857 4325 917 4398 regi
971 4331 1059 4384 talem
1075 4328 1222 4384 rediileatae
1238 4330 1298 4386 sint
1323 4330 1429 4387 domus
1452 4347 1516 4403 que
1532 4335 1798 4405 antecorruerant,

96 4415 524 4489 providentiademonstrantur
536 4434 543 4483 ;
555 4432 607 4472 nec
618 4416 739 4472 fortuitu
756 4416 826 4488 quid
843 4413 915 4486 lieri,
970 4420 1069 4473 lamen
1084 4416 1195 4473 scimus
1211 4418 1286 4474 hanc
1310 4418 1457 4475 civitatem
1477 4435 1543 4476 esse
1563 4420 1657 4476 instar
1679 4418 1797 4488 lebetis,

96 4520 149 4563 nec
164 4503 259 4561 dicere
274 4503 461 4578 quempiam:
490 4506 643 4575 Dereliqnit
655 4505 787 4561 Dominus
801 4512 914 4573 terram,
931 4527 955 4593 D
971 4522 1082 4577 uosque
1097 4522 1149 4577 pro
1164 4507 1313 4573 partribus,
1329 4512 1362 4562 ut
1377 4507 1406 4563 iu
1422 4524 1457 4564 ea
1468 4513 1718 4565 consumamuret
1730 4525 1797 4566 ooa-

95 4601 121 4651 et
136 4595 270 4650 Dominus
285 4610 343 4650 non
358 4595 431 4650 videt
459 4594 560 4665 (Sapra
580 4611 617 4660 rx,
632 4595 671 4663 9).
689 4594 769 4650 Unde
784 4599 813 4651 et
827 4593 916 4650 intui·
973 4611 1147 4665 crememur,
1155 4597 1243 4667 juxta
1258 4595 1331 4652 illud
1347 4596 1466 4668 quadiu
1482 4596 1558 4653 lsaia
1573 4596 1717 4670 seriptum
1731 4602 1792 4656 est:

96 4687 146 4740 tus
161 4683 319 4741 Cherubim
329 4687 359 4739 et
369 4682 517 4756 appetitus
528 4687 687 4747 eorum,est
697 4683 827 4739 oblivisci
843 4701 915 4755 prae-
974 4685 1124 4755 lempestas
1138 4685 1164 4739 si
1176 4686 1335 4752 transierit,
1350 4701 1407 4741 non
1421 4692 1539 4740 assumet
1552 4688 1793 4756 reclinaturus,

96 4772 261 4840 teritorum,
277 4776 306 4829 et
319 4771 349 4827 in
363 4771 461 4826 lutura
475 4787 506 4827 se
534 4770 688 4827 extendere
713 4772 844 4845 (Philipp.
861 4773 915 4842 ru).
973 4772 1094 4844 15).lllis
1109 4772 1166 4829 ista
1178 4773 1354 4844 dicentibus,
1369 4775 1456 4831 irruit
1470 4775 1501 4830 iu
1518 4775 1693 4848 prophetem
1709 4776 1794 4848 spiri·

132 4860 213 4934 (Cap.
229 4861 276 4917 Xl.
295 4893 325 4903 -
341 4864 424 4917 Vere.
442 4860 480 4932 1.)
496 4861 528 4914 lit
541 4859 659 4914 ebreuil
672 4875 716 4915 me
729 4863 856 4931 spiritns,
871 4864 917 4916 in·
972 4865 1021 4916 lus
1036 4860 1152 4916 Domini
1165 4886 1173 4930 ;
1188 4865 1217 4917 et
1232 4863 1360 4919 secundo
1377 4863 1508 4936 precipit
1521 4867 1554 4918 ut
1567 4862 1753 4932 vaticinetur,
1768 4867 1797 4920 et

97 4948 432 5023 troducitmeadportam
446 4947 541 5005 domus
553 4949 664 5003 Domini
678 4947 918 5022 Orientalemqnae
971 4949 1069 5005 dicat:
1086 4950 1229 5014 Quoniam
1244 4951 1301 5007 ista
1317 4951 1474 5021 dixistis,et
1482 4951 1614 5008 cordium
1631 4957 1797 5010 vmbrorum

97 5038 209 5107 respicit
223 5038 289 5094 sotis
303 5036 479 5104 ortumouia
487 5051 607 5110 egressa
619 5041 664 5093 est
671 5037 763 5110 gloria
776 5039 918 5095 Dominis
972 5054 1019 5094 me
1034 5043 1145 5096 secrete
1157 5056 1215 5096 non
1227 5039 1400 5114 fallunt,ego
1409 5040 1492 5098 vobis
1502 5041 1798 5116 interpretaborqao·

97 5123 198 5181 limine
212 5125 357 5199 templi,et
371 5128 451 5184 stetit
465 5142 554 5200 super
563 5125 720 5182 Cherubim
736 5145 743 5195 ;
759 5133 917 5200 posteaque
972 5127 1058 5182 modo
1083 5126 1185 5184 civitas
1208 5127 1238 5183 in
1254 5127 1388 5196 lebetem,
1403 5133 1434 5186 et
1445 5138 1498 5186 vos
1512 5129 1542 5185 in
1558 5144 1661 5187 carnes
1676 5135 1796 5204 repute-

97 5211 282 5270 avolantibus
296 5215 550 5281 cherubim,stetit
564 5214 629 5287 ipsa
643 5213 736 5287 gloria
750 5216 780 5271 in
795 5217 916 5273 introitu
972 5215 1044 5271 mini
1058 5233 1064 5272 :
1083 5232 1140 5272 non
1153 5216 1238 5286 juxta
1252 5217 1335 5272 illum
1360 5234 1481 5274 sensum
1495 5234 1583 5292 quem
1598 5217 1688 5275 locuti
1705 5218 1796 5288 estis;

96 5309 186 5377 porte
201 5304 307 5360 domus
321 5304 434 5360 Domini
464 5302 630 5372 Orientalis,
650 5308 679 5360 et
693 5305 834 5377 propheta
848 5306 918 5378 quia
971 5305 1022 5360 sed
1035 5305 1119 5376 Juxta
1133 5305 1258 5362 alterum
1269 5322 1356 5378 quem
1368 5324 1426 5364 non
1436 5308 1611 5366 timetisllst
1622 5306 1744 5380 quidem
1755 5307 1799 5366 ci·

132 5463 171 5536 (a)
182 5462 383 5537 Expunximus
394 5479 465 5519 mss.
477 5479 530 5536 ope
546 5464 774 5535 subsequentem
789 5464 916 5522 versicu-
971 5470 1068 5547 textus
1083 5465 1158 5523 serie
1173 5466 1359 5537 recitabatur,
1369 5485 1436 5526 oum
1451 5486 1520 5526 mox
1534 5485 1587 5525 suo
1604 5467 1666 5526 loco
1681 5470 1800 5542 positus

97 5532 258 5605 lamonia
287 5536 319 5593 in
332 5536 473 5607 precepta
502 5536 570 5591 meis
584 5534 827 5616 nouarabnlastis,
843 5541 916 5607 eto.,
971 5545 1020 5594 sit.

98 5603 167 5681 qula
180 5605 228 5662 hie
243 5606 352 5664 nedum
367 5607 525 5680 superfluo,
540 5606 591 5663 sed
605 5609 635 5663 et
649 5608 835 5667 incommoda
847 5624 916 5666 eon·
