3840 6098
97 332 160 404 en
341 402 346 411 ,
385 334 759 405 ιοιιιιιιιιιιιοιιιιιι
781 336 821 402 ιιι
842 332 1090 401 eracemum
1112 330 1189 401 ιιι.
1212 335 1263 400 ur.
1287 332 1372 400 cir.
1396 324 1533 401 xxviii.
1747 293 1807 390 ιιι

98 477 161 541 tus,
176 477 208 529 et
215 470 369 546 dereliquit
380 479 471 531 Deum
486 475 536 548 qui
547 477 653 532 iecerat
663 492 730 532 eum
742 475 828 546 (deut.
839 489 928 536 xxxii,
944 478 970 541 Α
986 470 1041 526 scri
1046 474 1128 543 ptum
1144 477 1206 527 est:
1224 470 1320 528 Omnes
1334 469 1520 527 adulterantes
1529 467 1609 543 quoti
1618 458 1742 526 clibanus
1751 478 1809 520 cor·

101 561 158 633 t5).
182 562 220 618 at
235 561 272 619 de
295 563 382 619 corde
396 565 557 636 procedunt
580 564 772 638 cogitationes
796 560 929 634 pessima
984 559 1020 615 du
1043 574 1138 615 corum
1158 559 1244 632 (Osce)
1266 562 1304 617 De
1319 578 1376 633 quo
1400 559 1466 634 igne
1490 559 1621 632 loquitur
1644 561 1673 614 et
1695 553 1805 612 Isaiae:

100 652 212 723 (flatile.
229 669 278 722 xv,
292 653 356 723 tet:
373 656 493 725 propter
508 670 582 725 quaa
593 653 663 710 dicit
677 653 772 708 Deus:
790 649 929 715 peccasti,
984 648 1128 707 Ambulole
1144 651 1172 704 in
1188 649 1294 704 turnino
1317 651 1391 719 ipnic
1406 651 1497 719 ricini,
1513 650 1538 704 et
1554 650 1585 704 in
1599 649 1712 718 tiammo
1725 658 1809 717 quam

101 748 128 800 ct
141 741 217 814 ejeci
233 746 262 797 tc
276 742 423 797 demente
438 741 818 813 Dei,sivevulnerctusesa
834 742 931 796 monte
984 737 1162 794 succendistis
1185 740 1262 811 (lsai.
1280 740 1316 811 a),
1343 745 1374 793 ut
1399 738 1477 794 toras
1502 737 1665 810 egrediens,
1690 734 1809 790 devoret

101 831 161 902 Dei,
178 832 260 903 quod
277 835 419 903 tegentes,
444 833 547 888 timere
566 832 780 906 compellimur.
806 832 835 887 Si
851 829 929 886 enim
985 827 1195 898 possidentem,
1206 828 1292 899 juxta
1308 826 1378 883 illud
1396 828 1472 898 quod
1488 826 1518 881 in
1534 827 1635 882 eodem
1646 823 1722 880 lsaia
1736 821 1809 879 scri-

101 919 216 978 Cherub
240 923 378 975 extentus
398 923 426 974 et
446 924 610 993 protegens,
637 922 751 993 positus
775 921 805 975 in
831 924 929 974 monte
985 920 1070 987 ptum
1086 910 1808 989 est:(t›)Dciiorouitcicutsennmmoterinm(dcciv).

102 1014 200 1065 sancto
217 1008 279 1079 Dei,
297 1013 326 1063 et
351 1008 380 1062 in
398 1009 495 1063 medio
510 1010 587 1065 88⁰
612 1010 770 1081 ignitorum
796 1008 928 1080 tapidum
986 1005 1075 1060 indie
1090 1003 1374 1079 illacxstinguentur
1388 1000 1808 1075 nrontcs,etcolleaetsaltus,

101 1096 647 1170 perlectus‚ctimmaculatus,pr0pter
656 1097 874 1154 multitudinem
884 1112 932 1151 ne
985 1096 1013 1148 et
1021 1093 1174 1150 devorabit
1184 1095 1220 1150 ab
1234 1096 1334 1150 aniira
1344 1111 1438 1167 usque
1449 1097 1485 1150 ad
1495 1111 1606 1151 carnes.
1619 1094 1701 1148 llunc
1711 1090 1809 1162 ignem

99 1182 273 1258 gotiationis
289 1182 411 1254 replevit
424 1183 573 1241 interioria
586 1203 640 1241 sna
650 1186 814 1258 iniquitate,
825 1190 854 1241 et
864 1200 930 1256 pec·
985 1181 1034 1254 qui
1051 1182 1164 1238 alienus
1180 1183 1354 1256 appellatur,
1362 1185 1463 1241 Nadab
1474 1190 1502 1240 et
1517 1184 1592 1240 thiu
1604 1183 1640 1239 ad
1655 1179 1747 1237 altare
1757 1179 1810 1235 Do·

100 1272 183 1338 arti,
195 1276 227 1328 et
241 1272 357 1342 ejectus
372 1276 417 1327 est
432 1273 467 1327 dc
483 1279 579 1330 monte
594 1274 656 1345 Dei,
671 1275 723 1330 hoc
735 1280 790 1340 est,
801 1275 837 1329 de
848 1272 930 1328 habi·
985 1269 1058 1326 mini
1074 1270 1249 1341 obtulerant,
1274 1274 1423 1330 etidcirco
1439 1274 1535 1329 divino
1559 1272 1627 1345 igne
1642 1269 1810 1341 consumpti

99 1361 208 1418 tah‘one
224 1359 370 1432 paradisi,
390 1360 450 1416 sive
471 1361 640 1419 vulneratus
656 1380 673 1418 a
689 1369 788 1419 monte
802 1361 864 1431 Dei,
880 1360 930 1432 qui
985 1363 1055 1415 sunt
1068 1361 1165 1429 (ceint.
1182 1365 1222 1429 x).
1248 1362 1328 1417 Unde
1343 1367 1371 1418 et
1393 1366 1506 1436 Moyses
1521 1363 1580 1417 ait:
1607 1363 1659 1416 Hoc
1681 1362 1722 1416 cat
1749 1375 1805 1414 uer·

98 1450 255 1523 perspicue
270 1447 409 1504 Christus
428 1449 612 1522 intelligitur,
629 1457 681 1508 aut
695 1459 771 1508 certe
787 1453 815 1506 in
834 1454 931 1505 monte
986 1446 1050 1502 burn
1065 1448 1136 1518 quod
1150 1448 1225 1505 dicit
1239 1451 1385 1505 Dominus:
1401 1453 1432 1507 ln
1448 1451 1501 1521 liic,
1517 1452 1566 1522 qui
1587 1449 1810 1522 appropinquant

99 1539 147 1597 bei
160 1537 348 1595 constitutus
364 1542 392 1592 et
403 1536 552 1606 habitans,
567 1542 751 1614 asemetipso
763 1539 932 1596 vulneratus
985 1537 1056 1592 miii
1072 1538 1273 1608 sanctificabor.
1290 1539 1490 1597 Sanctificatio
1511 1542 1609 1595 autem
1625 1538 1675 1594 Ilei
1691 1541 1736 1592 est
1750 1553 1809 1608 poe·

105 1632 193 1696 cebet
206 1626 403 1683 conscientia
418 1633 609 1700 compunctus
621 1632 708 1697 malo,
720 1631 790 1686 dum
808 1647 838 1685 se
850 1627 933 1684 intel·
987 1640 1024 1680 na
1039 1628 1233 1697 peccantium.
1250 1628 1319 1684 Post
1334 1629 1391 1684 hac
1407 1628 1528 1684 dicitur:
1554 1631 1586 1684 ut
1600 1627 1669 1683 dato
1685 1632 1713 1682 tc
1727 1627 1758 1680 in
1768 1625 1809 1679 ei-

104 1715 162 1790 tigit
175 1715 369 1771 habitatione
386 1715 494 1772 montis
510 1717 684 1791 indignum:
712 1720 782 1791 quid
798 1720 833 1776 de
847 1717 932 1774 nobis
985 1729 1091 1783 nerem,
1117 1720 1150 1770 ut
1164 1717 1263 1772 omnia
1278 1735 1342 1790 qua
1368 1717 1619 1791 superaedificasti,
1644 1714 1726 1772 mala
1741 1730 1811 1770 coa-

100 1804 315 1862 eatimandum
330 1804 396 1859 est?
409 1803 530 1876 Propter
544 1807 623 1878 quod
639 1807 747 1864 dicitur
761 1808 801 1864 ei:
818 1808 853 1862 Et
867 1821 932 1879 per·
987 1802 1114 1859 scicntia
1131 1809 1187 1860 tua
1202 1805 1280 1878 ignis
1296 1807 1442 1863 absumat.
1454 1807 1508 1871 Oui
1525 1824 1592 1863 cum
1608 1806 1751 1862 debueras
1766 1818 1811 1858 re-

98 1892 158 1951 didi
171 1897 215 1959 te,
232 1891 364 1959 Cherub,
382 1899 537 1965 protegens
553 1895 588 1951 de
605 1897 701 1952 medio
716 1897 848 1970 lapidum
859 1894 933 1967 igni·
988 1892 1140 1964 quiescere
1155 1894 1184 1948 in
1212 1894 1344 1965 sabbato,
1360 1901 1390 1952 et
1414 1912 1601 1968 nequaquam
1620 1910 1695 1968 opus
1719 1892 1813 1948 lacere

98 1986 272 2040 torum:ut
287 1998 478 2054 nequaquam
495 1983 572 2040 inter
587 1985 695 2058 ignitos
709 1985 821 2058 lapides
836 1984 932 2040 consi·
987 1980 1102 2046 servile,
1126 1981 1207 2055 ligna
1238 1983 1267 2038 in
1292 1986 1414 2041 sabbato
1440 1983 1602 2057 collegisti:
1637 1987 1670 2038 ut
1693 1982 1813 2038 haberet

98 2075 205 2138 stares,
223 2069 278 2126 sed
294 2070 415 2143 perires.
442 2070 464 2125 0
480 2071 542 2143 ipse
558 2072 683 2138 Cherub,
700 2074 760 2128 sive
775 2071 932 2128 Cherubim
987 2070 1066 2140 quod
1081 2070 1111 2125 in
1127 2077 1241 2142 pectore
1257 2077 1307 2130 tuo
1323 2073 1477 2129 devoraret
1499 2072 1678 2128 incendium.
1694 2071 1729 2143 (c)
1745 2068 1812 2124 Par·

98 2159 239 2234 [c)quite
250 2158 433 2230 protegebat,
442 2159 526 2215 eduxi
535 2164 563 2216 te
571 2162 605 2216 dc
614 2159 932 2234 mediolapidumigni·
987 2158 1036 2214 det
1051 2175 1167 2231 quoque
1182 2161 1281 2217 omnia
1296 2162 1375 2219 mala
1393 2179 1490 2235 opera,
1506 2167 1676 2219 convertens
1690 2160 1721 2214 in
1736 2158 1813 2214 cine·

98 2255 199 2305 tarum
212 2264 220 2302 ι
235 2247 325 2318 juxta
339 2246 412 2302 illud
429 2249 507 2318 quod
523 2251 702 2307 etdeAdam
717 2251 931 2323 scriptumest:
988 2262 1060 2315 rem,
1077 2253 1109 2302 ut
1129 2248 1206 2320 ignis
1220 2251 1325 2306 noxius
1352 2252 1471 2324 penitus
1490 2252 1688 2324 extinguatur,
1705 2263 1736 2304 ιιι
1750 2262 1811 2303 om·

98 2336 194 2411 fierit
212 2336 320 2407 Adam,
337 2336 674 2411 etconstituiteumttl.
690 2340 933 2411 Cherubimlcon-
988 2351 1039 2391 nes
1055 2337 1237 2409 conspiciant
1251 2343 1279 2394 ct
1294 2340 1503 2412 obstupescant
1519 2341 1630 2412 perisse
1645 2355 1742 2412 regem
1758 2339 1811 2411 Ty-

99 2430 147 2482 tra
160 2425 341 2499 paradisum
353 2423 524 2481 deliciarum
534 2426 690 2496 (Generum
701 2428 933 2501 attenuansque
987 2423 1075 2492 rium,
1092 2430 1120 2480 et
1135 2426 1217 2481 nihili
1234 2428 1344 2483 tactum
1359 2445 1433 2499 esso,
1450 2445 1508 2484 non
1523 2428 1552 2483 in
1567 2427 1670 2484 multis
1684 2428 1809 2497 seculis,

100 2514 210 2585 reddit,
227 2529 282 2568 cur
297 2516 420 2568 eductus
436 2514 485 2580 sit,
502 2514 562 2571 sive
577 2518 724 2588 projectus
738 2518 773 2573 de
789 2516 933 2572 mediola-
987 2513 1038 2569 sed
1055 2514 1084 2569 in
1101 2531 1169 2580 uno,
1193 2515 1236 2571 vel
1253 2520 1329 2572 certe
1356 2517 1586 2588 inperpetuum,
1603 2523 1636 2572 ut
1652 2516 1811 2588 impleatur

100 2602 208 2676 pidum
219 2601 393 2675 ignitorum.
408 2601 690 2662 Eleratumestenim
701 2605 934 2662 cortunminde·
987 2601 1058 2658 illud
1089 2604 1166 2674 quod
1186 2606 1487 2677 scriptumest:Non
1508 2605 1809 2677 parcentibi,ctnon

100 2708 168 2750 aare
181 2694 257 2748 tuo:
274 2691 345 2746 dum
361 2695 543 2765 tuumputas
556 2696 709 2767 essequod
724 2696 774 2752 llei
785 2701 838 2751 ast.
852 2695 933 2751 Unde
986 2693 1144 2748 miserebor.
1161 2692 1260 2749 Solent
1274 2694 1385 2750 Hebrai
1400 2694 1605 2751 intercateras
1617 2692 1731 2749 inbutas
1741 2709 1811 2749 suas

100 2786 129 2838 et
142 2778 312 2853 apostolus,
335 2780 489 2855 stimulum
515 2784 611 2839 carnis
626 2789 654 2840 et
669 2784 804 2856 angelum
820 2784 932 2839 Satanae
988 2780 1541 2855 etgenealogiasatqueinterminabilcs
1552 2783 1740 2855 quaestiones,
1750 2782 1811 2838 haeo

100 2869 256 2943 accepisse
271 2868 394 2937 sedicit,
412 2871 461 2940 qui
478 2887 545 2926 eum
555 2872 760 2946 colaphizaret,
777 2890 813 2928 ne
829 2872 934 2928 revela·
987 2875 1090 2926 contra
1103 2870 1203 2926 Hiram
1221 2888 1317 2945 regem
1337 2872 1403 2944 Tyri
1419 2872 1496 2928 dicta
1521 2871 1691 2945 intelligere,
1713 2887 1813 2927 cuma

99 2960 220 3017 bonum
232 2957 623 3031 magnitudinesuperbiret,
632 2966 661 3017 et
672 2962 699 3017 in
705 2961 851 3034 judicium
861 2961 932 3017 inci·
988 2958 1143 3015 Salomone
1166 2961 1310 3032 usquead
1334 2959 1496 3017 Ezechielm
1512 2960 1582 3016 anni
1607 2962 1666 3016 sint
1681 2958 1812 3030 plurimi,

101 3050 187 3106 deret
199 3046 313 3103 diaboli
330 3046 366 3119 (ll
382 3046 443 3104 Cor.
452 3050 514 3119 ιιι).
525 3050 558 3104 Et
568 3049 677 3107 idcirco
687 3055 823 3123 corrupta
833 3055 879 3106 est
888 3049 932 3105 in·
988 3062 1062 3119 quos
1076 3064 1110 3104 eo
1126 3054 1256 3121 tempore
1272 3049 1407 3105 homines
1422 3067 1480 3105 non
1500 3049 1607 3105 vixisse
1623 3049 1811 3122 perspicuum

102 3137 180 3212 quit,
195 3135 334 3192 doctrina
349 3141 483 3192 tuarum
499 3138 603 3193 decore
617 3147 678 3206 tuo,
696 3140 765 3208 sive,
780 3138 933 3212 perdidisti
989 3142 1050 3193 cst:
1067 3142 1096 3191 ct
1110 3136 1152 3193 sic
1163 3139 1364 3209 pronuntiare,
1380 3141 1463 3210 quasi
1472 3155 1522 3211 per
1537 3139 1662 3195 ironiam
1671 3138 1814 3211 propbeta

103 3225 286 3301 sapientiam
300 3229 383 3280 tuam
410 3225 439 3280 in
455 3227 557 3283 decore
572 3234 639 3284 tuo:
670 3235 702 3283 ut
716 3229 786 3283 dum
802 3226 867 3301 plus
891 3229 934 3282 vis
950 3211 971 3279 C
989 3227 1025 3281 ad
1041 3226 1274 3298 eumloquatur:
1290 3227 1438 3298 Numquid
1451 3234 1483 3283 tu
1493 3245 1524 3284 es
1534 3227 1720 3301 signaculum
1728 3226 1811 3283 simi-

104 3329 274 3387 essequam
291 3313 479 3381 condituses,
494 3321 523 3371 et
534 3317 738 3389 magissapere
749 3333 837 3390 quam
850 3333 866 3372 a
877 3316 934 3371 Deo
988 3313 1122 3371 litudinis
1138 3316 1198 3381 ttei,
1215 3315 1480 3388 plenussapientia,
1495 3321 1524 3373 et
1533 3318 1677 3388 perlectus
1688 3317 1809 3372 decore:

105 3419 276 3476 acceperas,
291 3401 381 3458 ctiam
397 3401 425 3458 id
443 3405 579 3477 perderes
594 3407 671 3478 quod
685 3406 823 3474 habebare,
840 3410 868 3462 ct
882 3422 935 3478 pro
989 3406 1021 3458 tu
1037 3403 1150 3459 cunctis
1165 3409 1287 3460 ornatus
1303 3404 1462 3477 lapidibus,
1480 3411 1510 3461 tu
1527 3405 1653 3472 Cherub,
1669 3404 1713 3460 vel
1729 3419 1811 3460 crea·

105 3492 329 3569 pulchritudine
338 3492 574 3563 atquedoctrina‚
586 3494 757 3551 deformitas
768 3501 795 3551 te
805 3493 937 3551 etstulti·
990 3496 1038 3547 tus
1054 3508 1121 3547 oum
1137 3492 1272 3548 Cherub:
1290 3510 1356 3549 cum
1373 3494 1536 3550 econtrario
1552 3494 1726 3565 peccaveris,
1738 3498 1766 3550 et
1780 3493 1810 3548 in

105 3584 148 3641 ur
160 3580 348 3654 possideret:
365 3581 936 3656 undeinterramprojectuses,quiante
990 3581 1117 3637 cinerem
1132 3581 1337 3638 dissolvendus
1351 3583 1413 3639 sis‘l
1434 3583 1612 3654 adduntque
1634 3581 1737 3639 fabula
1753 3599 1813 3638 suas

105 3669 264 3727 habitabas
280 3668 311 3723 in
327 3673 426 3725 monte
441 3670 502 3726 Dei.
528 3670 567 3727 Ile
583 3689 641 3744 quo
655 3677 684 3728 et
706 3674 794 3729 lsaias
814 3672 935 3728 scribit:
992 3669 1178 3738 miraculum,
1195 3670 1314 3728 uim
1330 3675 1430 3727 contra
1444 3671 1635 3743 scripturam,
1652 3671 1824 3752 immosine·

108 3758 261 3826 Quomodo
276 3757 381 3813 cecidit
396 3757 521 3828 Lucifer,
537 3760 588 3832 qui
610 3778 696 3818 mane
711 3763 860 3818 oriebatur
870 3764 936 3833 (tea.
991 3759 1147 3830 Scriptura
1162 3759 1343 3827 auctoritate,
1360 3760 1468 3824 dicant,
1496 3759 1593 3816 iliram
1611 3757 1691 3817 mille
1709 3759 1817 3817 vixisse

107 3864 164 3915 nv,
175 3848 221 3919 12)
231 3845 292 3902 thlt
302 3845 435 3903 Salvator
446 3847 476 3903 in
488 3849 643 3922 Evangelio
654 3851 822 3918 :Videbam
831 3851 936 3923 inquit,
993 3846 1088 3904 annis.
1105 3845 1213 3903 Verum
1228 3848 1288 3903 haec
1304 3865 1392 3920 quarn
1411 3847 1537 3904 violenta
1551 3847 1591 3904 sit
1604 3848 1816 3921 interpretatio,

109 3938 250 3994 Mmam
274 3934 361 4006 quasi
378 3936 476 4010 fulgur
497 3939 533 3994 de
549 3938 619 3995 coelo
643 3941 795 3996 cadentem
811 3941 885 4012 (Luc.
898 3939 937 4011 ι).
994 3936 1105 4007 absque
1120 3939 1219 3991 nostro
1231 3936 1343 4008 judicio
1356 3937 1484 4009 prudens
1500 3936 1589 3994 lector
1604 3937 1751 4011 intelligit.

111 4026 190 4095 Quod
205 4031 237 4081 et
252 4024 396 4082 ieremias
410 4024 588 4098 loquiturad
604 4028 939 4095 Jerusalemouomodo
1031 4024 1124 4096 (Vera.
1137 4026 1171 4078 20
1186 4025 1260 4096 seq.)
1277 4027 1314 4080 Et
1327 4030 1416 4096 [nctus
1428 4031 1567 4082 estrermo
1581 4028 1695 4083 Dentri
1712 4025 1748 4082 cd
1766 4042 1819 4097 me,

111 4113 283 4172 obscuravit
299 4114 442 4170 Dominus
453 4114 482 4170 in
496 4115 539 4172 ira
550 4116 704 4172 suafiliam
716 4116 784 4174 Sion
798 4135 804 4172 :
818 4118 941 4190 projecit
995 4113 1107 4169 dncns:
1123 4115 1177 4168 Fili
1188 4112 1318 4181 beluinis,
1332 4131 1402 4186 pone
1417 4115 1487 4186 (sive
1502 4116 1626 4189 obfirma)
1635 4117 1734 4188 sociem
1745 4125 1822 4172 tuom

113 4204 148 4261 de
160 4203 238 4260 coelo
252 4202 530 4277 interramgloriam
542 4205 631 4261 lsrael
642 4208 750 4277 (ihren.
761 4224 792 4278 u,
810 4208 834 4279 t)
847 4211 858 4262 l
872 4208 939 4264 Pro·
996 4206 1091 4260 centro
1106 4203 1244 4269 Sidonem,
1261 4212 1286 4259 et
1308 4205 1485 4277 proplrctolris
1499 4204 1533 4260 de
1551 4220 1593 4276 ea,
1608 4213 1634 4261 ct
1647 4205 1735 4261 dices:
1760 4206 1823 4261 Hac

108 4294 356 4367 jcctnseaautem
374 4293 403 4348 in
415 4296 712 4366 conspectuomnium
728 4312 840 4368 regum,
854 4302 941 4352 uttuo
997 4292 1065 4347 dicit
1081 4294 1212 4348 Donrinus
1228 4293 1315 4348 Deua:
1333 4294 1398 4348 Ecce
1411 4309 1460 4362 eqo
1476 4293 1511 4348 ad
1525 4297 1560 4361 tc,
1576 4292 1675 4361 Sidon,
1686 4292 1756 4365 (d)ct
1766 4293 1823 4364 pto·

112 4380 944 4456 manturexemptonetbonornmregum,quorumcor
987 4382 1130 4458 ,alienior
1146 4383 1175 4435 in
1192 4389 1217 4436 tc
1231 4381 1303 4451 (sive
1319 4383 1349 4436 in
1364 4381 1534 4454 medietati:
1560 4390 1585 4438 et
1598 4385 1684 4438 scinu
1698 4383 1763 4453 quie
1776 4396 1823 4453 epo

113 4468 248 4528 iamamr
256 4468 309 4524 Dei
319 4475 363 4524 cat
374 4470 465 4542 (Pron.
477 4472 544 4543 xxi),
554 4470 596 4526 vel
608 4470 944 4545 malorumquorunrre·
998 4471 1140 4541 Dorninus,
1157 4486 1220 4525 curn
1231 4470 1318 4539 secero
1333 4473 1363 4525 in
1377 4487 1409 4526 co
1425 4471 1496 4541 (siva
1511 4473 1540 4525 in
1557 4475 1581 4526 te
1595 4471 1709 4541 inuidia,
1719 4474 1824 4526 etsen-

115 4557 788 4634 ‘praetenditdiabolusSalvatorilliattlr.1v):
801 4562 943 4633 quioccu-
961 4576 985 4641 D
1000 4561 1134 4629 edificatus
1148 4562 1226 4628 lucro
1242 4561 1307 4614 inte
1321 4559 1431 4628 (sivein
1447 4560 1501 4631 co).
1517 4564 1548 4615 at
1564 4561 1710 4615 immittant
1726 4560 1827 4614 ineam

115 4654 217 4706 rerunt
227 4646 293 4720 regi
303 4647 621 4722 Babylonio,dicentes:
631 4650 666 4705 lu
677 4655 709 4705 tu
718 4655 822 4723 captus
832 4638 950 4710 eesicut
1003 4649 1116 4721 (sivein
1132 4649 1167 4719 tc)
1180 4647 1377 4719 pestilentium,
1388 4651 1414 4703 ct
1428 4652 1591 4720 sanquinem
1605 4651 1635 4704 in
1651 4648 1752 4720 plateis
1766 4647 1827 4718 ejus

117 4754 182 4809 aaa,
190 4742 285 4810 atque
295 4736 430 4795 internos
439 4741 593 4811 reputatus
602 4740 883 4803 esQuamobremet
890 4741 951 4814 pol·
1005 4737 1076 4810 (sive
1092 4737 1177 4809 tuicl:
1198 4745 1223 4792 ct
1236 4746 1366 4795 corruent
1387 4739 1527 4810 interfecti
1543 4738 1614 4811 (sive
1630 4736 1782 4807 uulnerati)
1797 4736 1829 4791 in

118 4823 609 4883 laruncrifirationcmcctsuam
618 4827 952 4903 quambabuoratquan-
1004 4825 1092 4881 medio
1104 4827 1161 4896 cies
1177 4826 1205 4879 in
1221 4824 1313 4896 plodio
1327 4825 1398 4897 (sive
1412 4828 1443 4882 in
1456 4826 1569 4896 alodiist
1580 4825 1832 4895 ponderatione

119 4913 767 4972 dohabitabatinmonteetconversahaturin
776 4918 871 4975 medio
881 4919 954 4992 igni·
1005 4916 1091 4970 scient
1105 4915 1172 4985 quin
1187 4930 1236 4983 epo
1251 4915 1394 4970 Dominus.
1410 4915 1442 4971 Et
1455 4916 1577 4971 uenerit
1592 4914 1668 4970 ultre
1681 4913 1775 4970 domui
1787 4915 1830 4970 is·

120 5008 220 5060 torum
234 5002 541 5076 lapidum.Sequitur:
556 5004 808 5077 Producumiqncm
822 5008 852 5061 in
862 5009 952 5065 medio
1006 5003 1066 5060 recl
1080 5002 1276 5074 etlendicutum
1284 5003 1492 5070 amaritudinis,
1503 5006 1529 5060 ct
1538 5005 1620 5076 spine
1627 5003 1749 5060 clebrem
1759 5004 1830 5074 inse·

122 5094 164 5147 tui
176 5093 230 5167 qai
243 5091 353 5149 &voret
368 5098 404 5148 tc.
420 5091 513 5147 istum
533 5091 631 5164 ignem
646 5091 676 5146 in
692 5092 760 5164 Tyri
780 5094 857 5165 regis
867 5095 954 5152 corde
1007 5107 1071 5147 rens
1086 5091 1208 5163 undiquc
1220 5107 1270 5163 pcr
1283 5093 1432 5147 circuitum
1440 5107 1535 5147 corum
1548 5093 1598 5163 pei
1604 5091 1784 5148 Moneantur
1792 5093 1833 5148 cis

124 5178 320 5240 accenderat
335 5179 384 5237 ille
398 5181 484 5251 cnjus
500 5180 593 5253 ignita
603 5183 673 5237 sunt
683 5181 796 5253 jacula,
807 5188 836 5238 et
849 5183 885 5240 de
895 5200 954 5257 quo
1009 5179 1083 5254 (sive
1107 5181 1156 5252 qui
1178 5181 1295 5251 iecerint
1316 5182 1546 5250 contumetiam:
1564 5184 1591 5238 ct
1604 5183 1691 5238 scient
1704 5181 1770 5253 quia
1783 5194 1832 5250 cpe

158 5378 199 5449 tc)
211 5375 359 5434 ilescrihit
373 5376 519 5432 Victorius
528 5377 577 5448 qui
586 5378 755 5449 prouectus,
767 5393 865 5434 arcam
876 5378 954 5434 enim
1009 5394 1092 5451 opero
1108 5378 1233 5433 conuerti
1247 5377 1277 5431 in
1291 5378 1421 5444 cinerem,
1437 5385 1486 5433 etc.

128 5452 153 5504 ct
188 5446 407 5519 repitiatorium
423 5446 579 5503 Cherubim
595 5448 797 5521 protegebant.
1047 5450 1086 5521 (d)
1105 5447 1253 5503 Victorius
1267 5448 1441 5518 purificator
1455 5449 1579 5505 inmedio
1589 5448 1708 5515 tuitsivc
1722 5448 1752 5504 in
1767 5447 1836 5519 telct

158 5467 200 5590 (g)
216 5519 298 5576 Idem
313 5518 424 5574 mavult
439 5518 593 5574 maerebit:
612 5525 794 5575 cunctamen
810 5517 841 5573 in
857 5518 955 5576 Cresco
1010 5522 1106 5584 scient,
1123 5524 1176 5574 etc.
1194 5520 1227 5574 Et
1241 5535 1319 5581 mox,
1333 5519 1520 5589 contendentes
1535 5525 1614 5592 tuero
1632 5522 1661 5575 in
1674 5536 1706 5576 ea
1720 5520 1792 5644 {sive
1805 5521 1838 5576 in

130 5591 166 5649 rit
178 5593 211 5647 in
227 5590 349 5645 instanti
363 5588 488 5663 φάγεται,
499 5590 617 5646 deuoret.
1010 5592 1056 5663 tc).
1073 5590 1146 5646 Nam
1168 5591 1199 5645 in
1212 5593 1238 5645 tc
1255 5589 1321 5646 txx
1345 5590 1545 5663 interpretatio
1560 5598 1615 5663 est,
1639 5592 1665 5645 ἐν
1691 5611 1722 5645 co
1736 5636 1744 5663 ,
1757 5607 1836 5649 oam-

161 5663 198 5736 (ο)
214 5661 307 5719 Penas
320 5648 493 5721 manum:
508 5660 622 5719 Prodest
631 5677 734 5735 quoquc
748 5662 930 5721 omniomnis
1011 5679 1068 5735 que
1083 5661 1155 5720 adeo
1170 5660 1400 5736 hieronymiana
1419 5661 1551 5735 subjicit.
