3818 6104
97 266 141 331 'tS
349 314 353 319 ›
416 270 796 336 cohebbrtulffltbtt
816 273 856 334 tra
879 270 1133 337 mucelanum
1154 272 1230 337 LIB.
1253 275 1292 336 ll.
1314 275 1402 339 GAP.
1424 222 1491 342 vn,
1599 299 1603 306 ·
1765 266 1807 339 'ld

97 401 967 474 quandoiecimnsornamentanostrasimulaoradamo-A
983 422 1087 463 somus
1111 407 1173 473 Dei,
1194 411 1223 464 et
1245 407 1370 480 Spiritus
1393 412 1513 467 sanatus
1535 407 1694 466 habitatin
1720 405 1806 465 noble

101 507 186 560 num,
202 494 232 546 et
245 491 343 548 omnis
358 491 452 564 gloria
466 498 567 550 nostru
580 495 749 566 possidetur
763 495 800 550 ab
817 493 928 567 impiis,
983 495 1061 566 (Iter
1072 495 1808 569 vr)possidebuntpessimidemones,silusrittema

99 579 162 638 sira
176 579 381 653 pestilentibus
396 585 491 651 terrm,
508 587 542 639 ut
556 600 609 639 nos
624 601 685 639 sue
700 582 860 655 subjiciant
874 600 928 656 po·
982 588 1082 641 nostra
1102 584 1189 657 plena
1212 586 1416 661 sanguinibus,
1432 592 1461 644 st
1474 587 1617 645 habitatio
1645 585 1732 660 plena
1747 584 1806 643 inl·

98 668 215 726 testati.
982 672 1115 743 quitatis.
1606 711 1610 720 -

135 758 223 831 (Vera
235 758 292 830 22.)
302 758 336 814 ar
348 762 472 816 auntam
486 761 586 831 (aciem
598 777 689 816 meam
703 761 738 816 ab
755 762 796 816 eir
808 779 817 815 .·
829 769 856 817 et
869 762 927 818 uio·
1015 762 1050 817 lit
1064 763 1203 834 quiescere
1210 765 1314 835 jaciam
1322 764 1640 836 superbiampoteotium
1654 781 1664 820 .·
1678 772 1706 822 et
1716 764 1807 837 possi·

98 848 337 904 labuntarronam
346 858 486 905 meum:et
498 850 774 906 introibuntiniliud
789 851 928 906 mnuaarii
980 849 1082 905 debunt
1103 854 1265 908 sanctuaria
1288 867 1392 909 mrum.
1410 853 1484 908 Lxx
1501 870 1508 908 ε
1523 854 1556 909 et
1569 856 1691 910 avertam
1708 853 1806 926 jrernt·

98 937 175 1005 (aive
188 941 220 992 ut
244 936 438 1009 Septuaginta
461 937 679 994 transtulerunt
701 945 798 994 umere
809 955 820 1001 ‚·
835 939 879 993 vel
894 941 928 994 ut
981 945 1040 994 tum
1052 939 1223 1011 fortitudinis
1237 957 1332 997 eorum
1347 960 1356 996 :
1370 945 1397 998 ei
1409 942 1570 1014 polluentur
1583 944 1683 999 sanate
1697 956 1804 1000 aarum.

99 1024 293 1099 Symmachus
307 1030 338 1082 et
352 1026 525 1094 Theodotio,
540 1028 731 1099 irrumpentes,
746 1032 774 1083 et
786 1026 925 1100 pertitam)
981 1026 1083 1084 Omnis
1098 1027 1236 1101 superbia
1259 1029 1381 1086 offendit
1394 1034 1497 1087 Deum.
1513 1030 1668 1102 Propterea
1682 1028 1804 1103 pessimi

96 1117 124 1171 et
135 1115 362 1171 cartaminobunt
382 1115 468 1172 illud.
483 1116 568 1183 Cum,
585 1115 691 1188 inquit,
707 1120 825 1189 propter
839 1132 926 1187 supe·
980 1117 1110 1190 gentium
1125 1117 1320 1190 possidebunt
1333 1120 1437 1177 domos
1448 1118 1610 1191 potentium
1621 1122 1651 1176 et
1664 1118 1804 1193 superbo·

95 1203 188 1260 dome
214 1220 321 1261 causas
341 1203 592 1261 abominationem
612 1204 713 1277 populi
738 1209 867 1262 avertero
884 1205 925 1261 ia·
979 1222 1056 1275 rum,
1072 1211 1101 1262 et
1114 1206 1288 1264 obtinebunt
1302 1207 1469 1266 sanctuaria
1491 1223 1604 1281 eorum,
1621 1207 1691 1280 quia
1704 1206 1804 1264 locum

94 1293 170 1348 ciem
185 1308 284 1349 meam
299 1293 337 1348 ab
352 1294 405 1360 eis,
422 1297 451 1350 et
465 1310 653 1366 nequaquam
668 1310 719 1350 eos
731 1295 836 1367 dignos
853 1294 925 1350 meis
979 1294 1180 1351 sanctimonia
1190 1312 1315 1369 spurcus
1330 1296 1505 1370 ingreditur,
1517 1301 1546 1354 et
1560 1313 1615 1354 sua
1628 1312 1696 1354 cum
1708 1298 1805 1353 mnte-

95 1381 190 1439 oculis
202 1381 374 1451 judicavero
391 1398 398 1436 ι
416 1386 485 1437 tunc
495 1381 647 1438 violabunt
662 1399 802 1438 amanum
815 1398 923 1452 meum,
980 1383 1280 1440 minatimmunditia.
1293 1383 1805 1459 Significanterautemquiapolluta

95 1471 174 1542 quod
199 1471 349 1542 signiticat
373 1472 481 1526 Sancta
504 1475 686 1538 sanctorum,
711 1488 764 1543 pro
788 1488 846 1544 quo
874 1472 924 1529 Sc·
979 1472 1096 1528 fuerant
1119 1473 1287 1530 sanctuaria
1302 1472 1363 1541 Dei,
1378 1471 1558 1529 etviolatum
1572 1489 1713 1530 moenum
1728 1472 1803 1547 ejus,

96 1558 260 1631 ptuagiuta,
275 1560 460 1614 visitationem
473 1558 688 1616 transtulerunt
706 1563 752 1631 (ut
766 1560 796 1614 in
814 1560 925 1618 sanctis
980 1577 1037 1616 non
1063 1560 1146 1627 dixit,
1162 1562 1356 1633 possidebunt
1378 1561 1548 1618 sanctuaria
1575 1576 1650 1629 mea,
1666 1560 1716 1618 sed
1739 1577 1805 1618 aaa·

96 1647 147 1703 Dei
162 1647 255 1703 iuisae
266 1646 450 1719 pausantium
463 1647 709 1719 demonstrarent)
720 1653 750 1704 st
761 1650 926 1721 irrumpent
978 1651 1085 1706 atueria
1099 1666 1208 1707 eorum:
1218 1650 1288 1723 qnia
1303 1654 1369 1723 post
1378 1649 1655 1707 contaminationem
1664 1664 1731 1706 mea
1740 1662 1806 1708 esve

94 1737 126 1792 in
141 1753 176 1792 ea
185 1736 271 1809 impii
285 1741 315 1792 et
323 1735 492 1808 pestilentes
503 1746 586 1793 terre
598 1755 605 1793 τ
618 1753 684 1810 qum
693 1736 821 1810 exceptis
832 1753 925 1794 sacer
979 1743 1143 1796 cesserunt.

93 1825 216 1882 dotibus
231 1824 353 1897 soloque
367 1825 506 1897 pontifice
528 1826 627 1882 nullus
642 1825 719 1883 alius
735 1826 862 1882 audebat
876 1825 922 1881 in·
1013 1829 1150 1901 bnprrrtia
1164 1827 1247 1883 odeat.
1265 1828 1354 1883 LXX:
1371 1828 1534 1899 Propitiatio
1548 1826 1744 1884 amietluxta
1754 1841 1804 1883 su·

92 1917 183 1970 trare
199 1915 282 1980 Quod
304 1913 416 1970 scimus
430 1917 459 1968 et
473 1931 490 1969 a
503 1914 682 1988 Babyloniis,
698 1919 727 1971 ot
751 1930 850 1988 aroge
865 1918 923 1969 tn·
978 1915 1119 1990 perierem
1136 1916 1279 1985 ordinem,
1295 1919 1372 1973 recte
1385 1915 1493 1990 Aquila
1501 1918 1530 1972 et
1543 1914 1702 1972 'theodotio
1717 1915 1805 1972 inter·

93 2002 192 2060 tioebo
207 2004 344 2074 cneoque
365 2002 514 2075 Pompeio,
530 2006 559 2059 et
573 2004 611 2059 ad
635 2007 797 2060 extremum
814 2003 922 2059 iactum
977 2006 1082 2078 pretati
1106 2009 1187 2074 sunt,
1202 2005 1305 2062 adesse
1327 2005 1508 2076 anpmtiam:
1531 2002 1799 2077 symmachusque,
1822 2002 1827 2013 “

92 2108 159 2148 esee
174 2091 231 2147 sub
247 2089 426 2162 Vespasiano
440 2094 470 2146 et
490 2091 565 2159 Tito,
583 2093 699 2164 quando
715 2090 859 2164 templum
876 2108 923 2171 pa·
976 2109 1132 2151 maerorem.
1145 2093 1439 2167 Septuagintaautem
1455 2091 1803 2150 inmadiouniversorom

92 2184 179 2253 ptum
187 2179 461 2252 atquesnbveraum
470 2183 525 2248 est,
533 2183 562 2236 et
571 2180 672 2236 omnin
685 2184 923 2253 perpetrataque
976 2181 1118 2253 tristium,
1128 2182 1250 2239 verbum
1266 2198 1390 2254 posuere
1400 2180 1505 2238 letitie
1522 2197 1529 2237 ι
1546 2184 1577 2238 ιι1
1593 2179 1722 2253 lugentis
1737 2179 1805 2237 ani·

94 2267 379 2342 sequenspmpheta
389 2268 758 2342 sermonemplectitur.(u)
770 2270 812 2324 hd
823 2273 925 2326 uestm
978 2287 1045 2327 mus
1061 2274 1254 2337 sustentetur,
1270 2274 1299 2326 st
1312 2273 1410 2344 speret
1428 2269 1505 2326 inter
1519 2270 1651 2340 adversa,
1669 2268 1801 2338 meliora,

95 2373 215 2429 quoque
227 2357 305 2414 mala
327 2373 416 2429 opara
429 2358 532 2414 avertit
546 2357 624 2414 Deus
648 2357 750 2415 inciam
768 2375 854 2415 suam
871 2375 878 2413 t
894 2362 924 2415 et
977 2359 1194 2431 bominumque
1203 2359 1363 2432 propitium
1377 2377 1384 2428 ;
1397 2359 1434 2416 de
1448 2375 1506 2432 quo
1522 2357 1665 2431 scriptum
1675 2361 1720 2415 est
1732 2375 1740 2415 :
1750 2358 1804 2416 lla·

96 2444 171 2517 qnia
186 2461 285 2503 averse
301 2449 346 2503 est
360 2444 459 2514 iacies,
475 2445 540 2502 ideo
564 2445 615 2502 Dei
629 2446 756 2503 violatur
769 2461 922 2515 arcanum,
975 2451 1070 2504 minua
1084 2449 1168 2517 eripit
1190 2448 1286 2504 ailiam
1300 2449 1356 2517 (Pr.
1371 2464 1451 2519 cxcv,
1467 2447 1507 2516 8).
1523 2447 1583 2505 Nos
1607 2449 1705 2503 autem
1716 2447 1805 2518 juxta

94 2539 130 2590 nt
145 2550 197 2607 pro
208 2534 407 2592 sacerdotibus
421 2539 451 2592 et
464 2534 574 2591 sanctis
585 2534 634 2591 Dei
649 2535 924 2608 pestilentesingre·
977 2535 1186 2608 Symmachum
1208 2536 1336 2607 priorem
1359 2534 1535 2592 sententiam
1552 2550 1620 2590 oum
1643 2534 1805 2606 posteriora

94 2624 224 2692 diantur,
236 2630 265 2679 at
275 2625 412 2680 universa
421 2624 640 2681 contaminent:
655 2629 689 2681 ut
700 2624 750 2697 qui
761 2624 844 2681 loeus
858 2639 923 2682 esee
977 2623 1197 2696 conjunximus,
1213 2629 1247 2680 ut
1259 2623 1422 2681 diceremus
1437 2640 1444 2679 :

93 2712 197 2768 debuit
209 2713 440 2779 sanctitatis,liat
449 2712 533 2770 locus
544 2713 839 2786 immunditia,jnxta
848 2711 921 2769 illud
1011 2713 1106 2785 (Vera.
1120 2713 1178 2786 25.)
1203 2715 1337 2783 Anpuatia
1359 2713 1574 2785 superueniente,
1590 2713 1733 2784 requirent
1755 2712 1804 2784 po'·

91 2801 317 2873 Evangelicum:
330 2807 433 2858 Domus
448 2803 715 2859 Patrismeidomus
729 2803 921 2859 orationisuo·
975 2818 1043 2874 cem,
1056 2812 1081 2859 et
1103 2819 1159 2860 non
1181 2805 1243 2858 erit.
1259 2801 1341 2869 Quod
1361 2801 1448 2874 juxta
1467 2800 1659 2874 Septuaginta
1683 2799 1804 2858 omnine

90 2891 201 2946 rabitur
216 2908 224 2945 :
240 2900 389 2948 vosautem
403 2893 507 2963 semitis
523 2893 602 2948 illam
614 2893 771 2965 speluncam
782 2892 922 2947 latronum
975 2895 1054 2947 stare
1069 2908 1126 2947 non
1152 2894 1257 2964 potest.
1273 2890 1303 2947 Si
1318 2889 1398 2947 enim
1422 2889 1590 2963 pmpitlntio
1606 2887 1712 2957 veniet,
1727 2903 1804 2962 quo·

93 2979 203 3048 (umen.
220 2997 280 3045 xxi,
298 2980 354 3049 13).
976 2980 1062 3037 modo
1073 2987 1204 3052 quaerent
1214 2984 1376 3052 parcem‚et
1387 2995 1445 3035 non
1454 2977 1804 3044 invenientlQueretau·

126 3067 222 3139 (Vera.
235 3069 295 3138 23.)
311 3069 363 3124 Fae
376 3070 588 3138 monterionem,
606 3070 737 3141 quoniam
753 3076 826 3124 terra
837 3070 922 3142 piena
975 3073 1035 3126 tem
1050 3068 1099 3125 ille
1111 3085 1226 3141 pacem,
1238 3074 1266 3125 et
1280 3086 1338 3125 non
1353 3067 1550 3140 invenict,qni
1563 3066 1722 3123 audivitab
1732 3082 1802 3139 epo·

91 3163 131 3214 ert
149 3157 257 3229 judicio
285 3159 462 3229 sanquinem,
490 3161 517 3213 et
539 3159 636 3213 ciuitas
658 3157 741 3228 plena
764 3159 919 3229 iniquitate.
936 3142 958 3211 C
976 3156 1061 3213 stolis
1078 3175 1084 3213 :
1101 3159 1163 3213 Pae
1177 3157 1242 3213 baie
1255 3157 1349 3213 domm
1363 3157 1466 3229 (butt.
1478 3173 1508 3226 x,
1519 3156 1576 3226 12),
1590 3157 1619 3211 et
1633 3171 1692 3213 non
1704 3170 1803 3212 serra·

94 3246 165 3300 Lxx
184 3264 191 3302 :
207 3247 241 3301 at
256 3245 390 3302 oddaram
414 3246 641 3318 pertubationum,
657 3247 721 3318 quia
736 3248 811 3301 terro
835 3247 919 3319 pleno
972 3245 1104 3312 viteam,
1120 3261 1173 3302 nec
1189 3246 1257 3302 iecit
1281 3245 1311 3301 in
1335 3261 1390 3302 sua
1414 3248 1510 3301 menta
1535 3243 1727 3317 requiescere,
1749 3242 1803 3301 sed

89 3335 197 3406 judicio
211 3336 390 3406 eorpuinum,
405 3342 431 3391 et
443 3336 539 3390 ciuitas
546 3335 634 3407 plena
648 3336 837 3407 iniquitatum.
848 3335 918 3391 Ver·
974 3333 1060 3390 malis
1076 3334 1207 3408 fugatam
1231 3334 1369 3406 operibus
1385 3351 1443 3390 non
1469 3338 1565 3406 potest
1585 3333 1725 3390 invenire.
1740 3335 1803 3405 lpse

92 3423 161 3479 burn
179 3424 220 3495 (b)
243 3422 419 3479 Hebraioum
440 3440 560 3480 anurnio
585 3424 710 3511 (pinno),
727 3424 833 3498 Aquila
854 3440 920 3481 con-
972 3427 1011 3480 est
1029 3423 1179 3480 {Sortem
1188 3433 1474 3496 poaquaeeasaperat
1486 3421 1800 3492 omnemaenrum)Plri·

93 3514 253 3583 elaeonem,
269 3512 464 3584 Symmachus
487 3517 516 3569 et
538 3512 699 3568 Theodotio
717 3509 873 3582 καθήλωσιν
889 3513 919 3569 id
974 3512 1041 3584 lipp.
1062 3530 1101 3582 ιιι,
1115 3512 1156 3584 7),
1174 3516 1202 3568 et
1226 3529 1315 3585 quam
1331 3513 1366 3568 nd
1392 3515 1508 3569 Patrem
1523 3511 1616 3567 victor
1639 3511 1801 3568 ascendens

94 3606 145 3667 est,
160 3601 350 3671 amisionem
364 3601 544 3674 interpretati
563 3605 642 3656 sunt.
657 3600 712 3656 Pro
727 3617 785 3672 quo
801 3601 921 3672 Septua·
966 3600 1117 3666 -Salvator,
1134 3600 1276 3674 apostolis
1291 3600 1447 3673 dereliquit
1462 3604 1554 3669 (loon.
1570 3600 1641 3671 xiv).

93 3691 175 3762 ginta
189 3704 317 3762 posuere
341 3688 459 3765 puppii,
475 3688 553 3760 quod
579 3705 632 3744 nos
648 3689 677 3743 in
701 3688 922 3760 pertubationum
1009 3690 1104 3762 (Vere.
1120 3691 1178 3761 26.)
1193 3689 1370 3746 conturbatio
1391 3705 1474 3760 super
1496 3689 1736 3744 conturbationem
1756 3701 1800 3744 ue·

93 3779 245 3834 vertimus.
263 3776 391 3850 Igitur,o
406 3776 640 3849 propheta,irem
657 3793 752 3832 meam
769 3781 921 3848 superter-
974 3781 1041 3847 niet,
1057 3782 1083 3834 et
1106 3778 1219 3834 audiar
1230 3795 1313 3850 super
1335 3777 1472 3833 auditum.
1488 3775 1579 3832 LXX:
1599 3781 1644 3832 Vae
1662 3790 1746 3847 anper
1759 3787 1804 3833 oae

95 3884 157 3923 ram
173 3867 319 3931 Judaeam,
332 3869 361 3921 et
376 3881 466 3938 super
476 3865 578 3920 urbem
590 3864 754 3921 Jerusalem
767 3865 844 3921 brevi
862 3880 922 3921 ser·
974 3869 1037 3932 erit,
1052 3875 1078 3922 et
1091 3868 1207 3922 nuntius
1217 3882 1300 3937 super
1313 3868 1454 3922 nuntium.
1465 3863 1617 3930 Quomodo
1632 3861 1742 3920 sanctis
1757 3861 1804 3918 di·

94 3971 182 4013 mone
197 3954 349 4023 conclude,
361 3958 393 4010 ut
408 3954 555 4026 quemodo
570 3958 648 4010 terra
658 3951 744 4025 plena
757 3953 922 4024 cstjudieio
976 3956 1053 4012 citur
1070 3971 1076 4011 :
1093 3954 1219 4027 Gaudete,
1235 3957 1336 4011 iterun
1349 3955 1408 4011 dieo
1422 3953 1538 4026 pauide
1552 3952 1686 4026 (Philipp.
1702 3968 1742 4020 ιιι,
1753 3951 1782 4025 2)
1795 3967 1802 4021 ;

95 4043 284 4118 sanguinum,
301 4057 404 4099 omnes
431 4042 511 4098 enim
526 4040 556 4096 in
583 4040 726 4115 sanguine
737 4040 921 4113 judicantur,
976 4048 1005 4101 et
1015 4045 1051 4101 de
1065 4043 1138 4117 ipsis
1148 4044 1294 4116 seriptum
1306 4046 1369 4102 est:
1382 4044 1463 4100 ibunt
1473 4043 1619 4100 &obtule
1634 4042 1809 4101 iscariotem

96 4130 592 4203 fundentcsinnoxiumsanguinem
603 4147 609 4186 :
622 4130 699 4203 quod
711 4128 778 4186 etin
788 4130 924 4187 Nabutha
976 4135 1033 4207 (Pa.
1051 4149 1167 4200 nxxmu,
1180 4131 1218 4204 8),
1230 4135 1263 4187 ut
1278 4131 1434 4205 presentia
1448 4131 1526 4187 bona
1536 4129 1644 4187 tuturis
1658 4129 1744 4187 bonis
1756 4144 1807 4187 οιιι.

94 4237 219 4294 persona
233 4221 280 4276 Π
297 4219 400 4276 iecisse
412 4219 530 4276 ludaeos
539 4219 692 4292 Scriptura
700 4223 921 4276 commemorat:
977 4222 1092 4279 mulent
1103 4238 1109 4276 ι
1121 4221 1163 4277 sic
1178 4226 1207 4277 et
1221 4221 1268 4276 his
1279 4237 1367 4294 super
1377 4237 1451 4293 quos
1462 4219 1542 4276 venit
1553 4218 1701 4293 angustia,
1712 4220 1741 4274 et
1751 4216 1808 4291 qui
1855 4220 1857 4225 ’

93 4312 133 4367 sie
147 4312 284 4384 ipsorum
303 4325 419 4382 quoque
441 4308 581 4365 tundatur
605 4325 701 4380 cruor,
716 4312 745 4364 et
764 4307 851 4382 plena
865 4308 924 4364 ini·
977 4310 1156 4384 quesierunt
1170 4325 1272 4383 pacem
1298 4313 1326 4365 et
1341 4325 1399 4365 non
1423 4308 1599 4365 invenerunt
1620 4323 1696 4376 eam,
1711 4305 1810 4375 veniet

93 4401 216 4474 quitatis
226 4398 328 4455 civitas
343 4399 571 4454 demonstretur.
590 4397 660 4453 Nam
676 4401 705 4454 et
720 4398 775 4454 sub
791 4401 924 4454 Manasse
978 4398 1161 4456 conturbatio
1177 4414 1266 4470 super
1288 4397 1554 4468 conturbationem,
1570 4397 1630 4454 siva
1652 4413 1693 4452 ve
1715 4410 1805 4469 super

93 4489 204 4563 repieta
214 4493 260 4545 cst
276 4485 520 4544 urbslcrusalem
533 4504 550 4542 a
562 4491 646 4561 porta
657 4486 796 4558 usquead
808 4491 922 4559 portam
940 4510 963 4575 D
978 4504 1030 4555 ve,
1041 4489 1127 4559 juxta
1143 4487 1221 4559 quod
1236 4491 1265 4543 et
1279 4485 1310 4542 in
1323 4485 1497 4560 Apocalypsi
1511 4486 1655 4559 scriptum
1679 4488 1745 4540 est:
1761 4495 1806 4545 vx

94 4576 240 4652 sanguine
278 4576 488 4649 prophetarum
516 4577 539 4647 (i
570 4576 632 4645 Rea.
663 4576 731 4648 uxr).
760 4576 922 4648 venietque
979 4577 1159 4645 unamabiit,
1175 4583 1254 4633 ctare
1271 4575 1495 4633 alterumueniet
1516 4576 1675 4647 antipae.
1693 4590 1732 4642 ιι,
1748 4571 1806 4644 12).

94 4669 133 4723 eis
143 4665 309 4731 conclusio,
327 4669 356 4721 et
370 4665 551 4738 perturbatio
563 4667 651 4735 atque
663 4662 796 4732 confixio,
807 4668 839 4720 nt
860 4664 923 4721 nui·
976 4667 1011 4722 et
1026 4666 1145 4722 auditus
1156 4663 1252 4722 veniet
1265 4681 1354 4737 super
1368 4665 1514 4733 auditum,
1524 4663 1706 4734 nuntiusque
1716 4674 1807 4733 super

94 4756 140 4813 lus
155 4756 192 4812 de
207 4752 434 4811 imminentibus
450 4752 579 4809 miseriis
594 4752 689 4824 possit
702 4752 832 4809 evadere.
977 4754 1115 4810 nuntium
1129 4771 1136 4822 ;
1148 4754 1233 4825 juxta
1254 4751 1327 4809 illud
1351 4753 1429 4809 beati
1442 4753 1497 4809 tob
1515 4770 1521 4808 :
1539 4750 1608 4806 dum
1630 4749 1719 4806 adime
1732 4764 1806 4809 anat

128 4845 227 4915 (Vera.
244 4843 303 4914 21.)
324 4844 356 4898 tt
379 4842 512 4898 adducam
534 4843 665 4914 pessimos
688 4841 721 4898 ‹le
745 4842 881 4912 pentibus,
898 4849 924 4899 et
978 4845 1145 4915 toqueretur,
1161 4843 1324 4899 venitalius
1339 4844 1454 4898 nuntius
1469 4841 1537 4912 (lob.
1554 4857 1574 4908 1,
1591 4839 1647 4912 16),
1663 4837 1742 4896 maia
1755 4855 1807 4901 aue

91 4934 270 5007 possidebunt
279 4931 486 4988 domoseorum.
499 4932 534 4987 Et
549 4931 610 4986 baeo
621 4929 650 4985 in
663 4930 855 5004 Septuaginta
864 4947 924 4987 non
978 4949 1050 5007 gens
1066 4931 1163 5000 malis,
1176 4935 1205 4988 ct
1219 4929 1484 5005 appropinquantis
1494 4928 1645 5002 Babylonii
1656 4928 1806 4989 tremitum

95 5024 253 5080 habentur.
271 5021 325 5077 Pro
341 5019 541 5077 sacerdotibus
557 5025 585 5076 et
603 5019 763 5093 prophetis,
780 5020 925 5092 pessimos
978 5021 1154 5093 turbamque
1169 5020 1349 5078 describens.

95 5117 269 5170 cunctarum
282 5111 415 5183 gentium
431 5109 575 5166 adducam
585 5107 769 5181 Babylonios,
780 5113 812 5164 ut
821 5109 925 5167 domos
1013 5111 1046 5166 Et
1059 5118 1184 5184 puaerent
1197 5110 1332 5166 unionem
1345 5108 1379 5164 de
1391 5106 1528 5179 Propheta
1543 5125 1552 5164 :
1568 5111 1597 5165 et
1612 5108 1659 5166 lea
1669 5109 1775 5182 peribit
1789 5123 1809 5165 a

94 5207 209 5259 vestras
225 5198 407 5273 possideant,
419 5214 530 5271 vosque
544 5197 704 5269 subjiciant
717 5197 859 5255 servituti.
870 5197 926 5254 Sed
981 5199 1135 5267 Sacerdote,
1151 5207 1176 5256 et
1189 5197 1365 5256 eonsiliuma
1379 5197 1543 5255 senioribus.
1557 5197 1675 5271 Proprie
1690 5193 1809 5270 singula

94 5297 123 5348 et
138 5292 259 5347 nostras
285 5286 399 5355 domos,
415 5287 445 5343 id
461 5291 516 5357 est,
533 5287 647 5343 animas
669 5285 824 5359 (templum
846 5286 925 5344 enim
982 5292 1154 5362 quaeruntur
1167 5305 1185 5343 a
1198 5283 1334 5360 singulis.
1350 5285 1530 5344 vaticinium
1546 5282 1712 5344 futurorum
1728 5300 1808 5359 quo-

130 5452 170 5525 (a)
183 5447 281 5506 Pacilo
291 5447 568 5504 Victorioassentiat
578 5445 925 5522 axingeniorescribanti,
981 5458 1024 5507 toc
1038 5465 1106 5534 cum
1117 5446 1238 5514 Heliam,
1252 5455 1346 5537 ptum
1355 5447 1440 5522 juxta
1450 5451 1618 5508 caumatum
1630 5445 1808 5511 hodiernum

94 5524 310 5594 commane
325 5519 366 5575 Ad
379 5525 485 5577 nostra.
495 5519 551 5576 Sed
563 5536 635 5576 mss.
646 5535 704 5577 non
716 5518 925 5596 suffragantur.
983 5521 1168 5584 Hebreroum.
1561 5519 1704 5583 Mansa

130 5595 172 5673 <ej
187 5593 259 5653 llas.
268 5591 374 5667 legunt
385 5592 496 5649 Aretbie
505 5607 574 5650 cnm
588 5590 634 5651 iod
644 5589 752 5663 intua,
761 5607 820 5652 non
830 5591 926 5657 barat·

261 5720 398 5792 Panae.
420 5718 517 5789 xxv.
1627 5719 1648 5787 t
