3840 6098
103 335 185 411 libi
727 341 761 407 8.
782 335 939 408 bussoti
960 334 1184 406 sttsouttss
1733 333 1813 403 tuot

103 478 232 552 sumpsit
247 476 351 550 virgas,
371 476 428 535 sivo
444 474 519 535 duas
533 471 678 544 mutilas,
695 475 789 544 idest,
804 477 923 548 buculos,
939 481 967 548 Α
983 475 1140 548 nullusque
1154 480 1261 530 terrum
1277 471 1514 546 repromissionis
1528 470 1669 533 introiet
1682 472 1807 540 ostem

104 567 154 642 qui
169 563 309 623 Hebraico
333 563 472 622 dicuntur
486 581 634 623 ulamma
650 548 783 655 (tttbpn),
803 564 879 621 888
896 569 928 622 ut
981 565 1055 622 duas
1078 563 1243 621 vocationes
1265 563 1435 620 iudeorum
1450 567 1479 620 ot
1491 563 1639 636 gestium,
1665 561 1699 619 iu
1717 563 1808 636 primo

103 654 927 729 pastorishabitumdesmonstraret.Uuamvirgarnvoca·
981 651 1807 726 lsrael,etnovissimointellexereuominechristisnos.

102 743 144 800 vit
157 744 303 811 decorem,
320 742 375 799 lma
392 747 445 811 est,
463 745 517 800 sub
534 744 593 800 Noe
608 759 694 800 omne
708 742 861 799 bominum
877 759 926 816 ge·
980 744 1034 799 Sed
1050 743 1197 815 quomodo
1211 741 1323 798 vocatio
1338 740 1503 798 Christiana
1523 747 1592 798 anta
1611 742 1750 814 proiecta
1762 745 1808 811 sit,

106 849 163 889 nus
183 850 238 889 sna
259 831 459 889 benedictione
474 832 617 906 protexit:
633 833 750 905 quando
765 832 927 889 instaurato
981 834 1010 888 et
1022 830 1115 888 iudai
1131 829 1326 886 remanserint
1340 834 1370 886 st
1381 828 1456 902 pasti
1468 829 1528 887 sint
1541 848 1559 887 a
1574 834 1644 898 Deo,
1662 847 1723 889 noc
1740 834 1810 889 satis

103 921 224 984 mundo.
242 920 367 978 necdum
389 921 699 995 peccatasorduerant.
716 919 926 977 Etidcircovo-
981 920 1180 977 attenderunt.
1780 919 1788 926 ‘

102 1010 179 1069 catio
194 1013 367 1067 cunctarum
382 1010 513 1082 gentium
529 1009 692 1083 appellatur
705 1010 809 1065 decora
818 1012 847 1064 et
862 1006 924 1082 pul·
1017 1009 1109 1080 (Vere.
1126 1009 1169 1075 10,
1191 1009 1248 1077 11.)
1272 1013 1307 1065 lit
1318 1008 1372 1064 tali
1386 1011 1492 1080 virpom
1504 1025 1596 1067 mecm
1608 1026 1677 1082 Μ
1689 1013 1807 1070 masa.

103 1097 183 1164 chra,
200 1097 271 1172 quia
284 1097 356 1153 nibil
369 1098 482 1169 Justius
497 1102 551 1169 est,
564 1115 652 1171 quam
667 1097 865 1154 universitatis
877 1113 926 1169 pu·
980 1105 1026 1155 tm·
1048 1098 1137 1166 decos,
1163 1101 1189 1153 et
1210 1098 1317 1154 abscidi
1329 1113 1395 1154 eam
1409 1101 1440 1154 at
1454 1100 1568 1155 irritum
1581 1101 1709 1170 fouemus
1721 1103 1809 1172 tardes

103 1190 215 1243 rentem
228 1201 330 1242 vocare
341 1202 443 1242 omnes
455 1186 615 1259 equaliter,
628 1203 702 1260 quos
713 1185 817 1259 aquali
827 1185 926 1241 eondi-
980 1202 1070 1242 meum
1085 1186 1156 1257 paud
1169 1188 1292 1257 percussi
1304 1203 1367 1242 mm
1380 1186 1507 1244 omuibus
1519 1189 1643 1260 popub's.
1660 1190 1735 1246 etta
1745 1193 1809 1248 irri-

102 1273 384 1349 tionogeneravit.l]t
393 1274 513 1331 alteram
523 1274 800 1344 vocavitluniculos3
810 1274 927 1347 quando
981 1279 1040 1331 tum
1054 1274 1197 1330 deductam
1210 1278 1248 1331 est
1263 1279 1293 1330 m
1306 1275 1351 1330 die
1365 1276 1426 1341 itta,
1442 1278 1467 1331 et
1484 1281 1673 1348 mprobos-unt
1685 1280 1728 1335 sic
1740 1296 1807 1350 pas-

103 1363 182 1420 enim
198 1363 346 1420 dividebat
359 1363 530 1421 ditissimus
545 1369 657 1438 gentes.
673 1369 702 1421 et
716 1364 929 1420 disseminabat
978 1379 1060 1436 peres
1069 1364 1169 1435 precis,
1181 1364 1230 1435 qui
1241 1363 1484 1435 mmodiuatmibi,
1494 1367 1562 1436 quic
1573 1367 1809 1425 ambumDmrs'st

104 1449 181 1509 lilios
190 1451 294 1519 Adam,
306 1451 407 1508 statuit
418 1452 560 1509 terminos
573 1452 716 1526 gentium,
729 1453 814 1525 juxta
825 1468 926 1507 nume·
980 1461 1028 1509 est.
1045 1452 1117 1508 txx
1130 1468 1136 1507 :
1153 1454 1185 1508 Ει
1195 1468 1336 1508 macutum
1346 1454 1501 1526 uirpcm(b)
1511 1470 1603 1511 mom
1610 1456 1773 1528 pulchram,
1783 1463 1809 1514 ιι

103 1555 169 1597 rum
184 1538 355 1613 angelorum
371 1540 420 1596 Dei
438 1541 527 1614 (Deat.
543 1541 642 1613 xxxii).
658 1542 693 1597 st
706 1541 783 1597 iacta
796 1543 841 1596 est
859 1556 927 1612 pars
978 1542 1125 1614 projiciam
1138 1557 1210 1611 eam,
1232 1549 1264 1597 ut
1276 1540 1406 1612 dissipem
1420 1545 1614 1600 testemonium
1627 1561 1725 1601 meam
1738 1547 1809 1617 qaod

102 1624 220 1686 Domini
236 1626 362 1701 populus
382 1630 446 1698 ejus
465 1629 570 1698 lacob;
587 1629 734 1687 tuniculas
749 1626 926 1685 hereditatis
980 1630 1105 1701 disposui
1119 1630 1154 1686 cd
1169 1645 1260 1686 omnes
1273 1631 1396 1701 pupulos,
1408 1638 1433 1686 et
1442 1630 1624 1704 dissipabitur
1639 1635 1672 1691 ist
1685 1634 1733 1691 dic
1747 1635 1808 1702 ills,

102 1715 168 1790 ojus
192 1717 291 1775 lsrael.
317 1721 351 1773 st
375 1718 449 1790 pavi,
465 1718 572 1791 inquit,
586 1735 704 1793 gregem
722 1736 729 1775 ι
754 1718 810 1776 sive
827 1717 925 1790 ipsum
977 1723 1003 1775 et
1016 1726 1174 1790 capnoscem
1188 1718 1341 1776 thnunaei
1354 1734 1424 1786 oues,
1439 1735 1502 1791 quse
1514 1721 1715 1780 coemuntur
1727 1725 1807 1791 ruiti,

102 1803 250 1874 lsraelem,
263 1806 322 1864 sive
334 1823 400 1863 cum
412 1806 517 1864 israele
528 1824 645 1864 omnem
656 1808 809 1864 hominum
820 1823 923 1881 genus.
964 1809 1044 1880 „poio
1054 1810 1166 1866 uerbum
1176 1809 1286 1864 Domini
1294 1812 1344 1865 est.
1357 1808 1426 1865 Post
1438 1808 1616 1867 vocatiouem
1635 1811 1767 1881 Israelis,
1782 1817 1810 1869 et

103 1892 138 1970 ut
153 1895 276 1963 succidi,
292 1894 398 1969 inquit,
410 1900 469 1953 tres
479 1901 610 1968 pastores
621 1898 650 1955 in
664 1914 722 1953 uno
738 1912 849 1953 mense.
861 1895 925 1969 tagi
940 1854 1212 1970 'assumptionem
1227 1897 1314 1970 virga
1325 1898 1472 1966 secundae,
1483 1913 1547 1970 qus
1558 1899 1720 1958 vocabatur
1730 1901 1807 1958 iuui-

103 1981 133 2039 in
148 1982 302 2055 cujusdam
319 1983 561 2042 Commentariis:
579 1985 713 2043 Pastores
728 1984 841 2042 Domini
853 1983 926 2039 indi·
980 1985 1076 2052 culus,
1091 1985 1160 2042 tulit
1181 1986 1324 2042 Dominm
1339 1985 1450 2058 virgam
1466 1986 1604 2058 primam,
1621 1988 1714 2046 tutius
1730 1991 1809 2047 urbis

103 2069 241 2143 guntione
255 2069 395 2143 succisos,
411 2072 439 2127 in
454 2073 654 2131 sacerdotibus
664 2077 693 2130 et
706 2073 787 2129 falsis
798 2073 925 2146 propha-
981 2074 1123 2142 nationes,
1149 2092 1214 2148 qua
1235 2075 1393 2132 vocabatur
1407 2075 1520 2147 decors,
1535 2081 1564 2133 et
1579 2076 1711 2135 abscidit
1728 2096 1811 2137 csse

102 2157 142 2215 tis
152 2163 180 2214 et
190 2158 308 2232 regibus
319 2160 439 2231 intelligi
450 2162 631 2232 Judaeurum3
648 2163 727 2234 quod
738 2167 804 2235 post
812 2161 925 2235 passio·
980 2162 1062 2221 uultu
1077 2180 1141 2232 suo,
1157 2164 1228 2236 quia
1241 2167 1384 2220 veneratae
1399 2168 1470 2221 sunt
1483 2164 1572 2232 idola,
1592 2170 1623 2222 et
1637 2183 1746 2224 omnes
1760 2169 1810 2225 de·

104 2263 171 2305 nem
195 2247 312 2320 Christi,
339 2254 371 2306 ut
397 2251 496 2308 omnia
519 2252 634 2309 succisa
656 2252 716 2308 sint
735 2250 926 2323 temporeis
980 2252 1170 2320 eliuavecunt,
1187 2251 1275 2308 simul
1291 2251 1410 2309 inutiles
1425 2252 1809 2328 iactlsuuttl’s.xu1).lis·

103 2335 211 2411 quibus
226 2336 356 2409 loquitur
366 2339 510 2396 ieremias
523 2357 530 2397 ι
546 2340 707 2398 Sacerdotes
716 2340 924 2396 condixerunt:
980 2341 1173 2414 niiestiusqus
1183 2357 1330 2413 exponens
1343 2357 1406 2413 qua
1415 2346 1494 2398 emet
1503 2341 1564 2398 hac
1573 2343 1670 2416 virga,
1684 2343 1807 2403 intulit:

104 2422 155 2482 libi
176 2428 216 2481 est
239 2427 381 2483 Dominus.
409 2428 536 2486 lecenter
555 2430 640 2502 iopam
654 2445 754 2495 mum,
770 2430 926 2486 nescierunt
982 2433 1014 2490 ιιι
1035 2432 1149 2486 irritum
1171 2432 1293 2501 [acerem
1311 2429 1399 2501 tetus
1413 2447 1506 2486 uuum
1520 2432 1593 2502 quod
1605 2437 1738 2503 passus·
1749 2452 1813 2492 cun

101 2530 154 2572 mc.
171 2513 204 2571 Et
214 2524 340 2588 pastores
357 2520 616 2588 praevaricaticem
630 2520 728 2585 inme,
743 2522 769 2574 et
782 2516 927 2590 propbetas
980 2519 1106 2577 omuibus
1118 2519 1248 2591 populis:
1264 2518 1367 2576 Statim
1383 2518 1464 2575 enim
1479 2525 1512 2575 at
1527 2519 1616 2576 lsrael
1633 2529 1814 2597 assumptus

98 2606 298 2678 prophetabant
314 2608 345 2663 ia
360 2608 442 2676 Daoi,
457 2612 483 2665 et
497 2607 569 2664 idota
584 2609 672 2665 secati
684 2611 750 2665 suist
765 2608 830 2676 (ier.
844 2624 874 2678 ιι,
885 2606 925 2676 8).
980 2613 1034 2675 est,
1050 2608 1182 2681 gentium
1196 2606 1284 2664 turba
1299 2607 1428 2680 projecta
1443 2611 1488 2664 est
1501 2623 1508 2662 :
1522 2612 1553 2664 et
1567 2613 1600 2664 ut
1612 2615 1686 2667 nats
1695 2616 1744 2669 est
1753 2611 1814 2669 iilis

99 2690 158 2753 Neo
172 2693 227 2751 hnc
242 2691 446 2767 explanatione
466 2700 631 2764 contentus,
659 2701 720 2753 tres
743 2700 875 2768 pastores
895 2696 925 2750 in
980 2695 1217 2771 lreblspnsgogi,
1234 2712 1296 2768 qua
1312 2699 1412 2768 postea
1426 2694 1456 2750 in
1474 2695 1640 2770 Evangelio,
1657 2713 1728 2757 cum
1739 2701 1812 2759 duo.

101 2799 162 2841 una
177 2799 279 2840 mense
294 2785 433 2856 succisos,
450 2801 500 2841 eus
514 2785 575 2841 vult
589 2785 693 2858 accipi,
709 2784 758 2857 qui
770 2784 799 2840 in
811 2784 925 2839 Patrem
979 2785 1814 2857 decimessetnnnorum.sgmtsreetmannassesnaus

101 2876 130 2928 ut
145 2870 251 2929 Filium
263 2877 292 2929 et
301 2871 443 2946 Spiritum
454 2878 589 2931 sunctum
600 2877 807 2947 peccaremut;
824 2888 927 2929 omnes
980 2881 1040 2947 tur,
1050 2873 1221 2950 αιμορροὔσα
1236 2872 1323 2946 ctspit
1333 2873 1505 2946 sauguinem
1518 2872 1618 2942 llusre,
1630 2879 1661 2933 et
1671 2881 1814 2949 perpetus

103 2959 183 3018 onim
207 2960 371 3034 haereticos,
394 2966 446 3020 aut
460 2962 490 3019 in
505 2980 607 3032 unam,
621 2969 672 3019 aut
685 2961 715 3019 iu
731 2963 816 3031 duas,
832 2960 926 3017 autin
981 2964 1152 3022 infirmitate
1167 2961 1290 3018 cruciari
1306 2961 1399 3035 (uara.
1411 2977 1448 3030 v;
1464 2961 1559 3019 suet.
1576 2963 1628 3036 ιι).
1645 2964 1681 3021 st
1695 2964 1728 3023 in
1744 2966 1813 3024 itri-

102 3053 163 3108 tres
179 3051 268 3108 simul
284 3068 404 3124 peccare
419 3067 569 3125 personas.
592 3052 700 3109 Dixerit
717 3050 768 3108 illu
782 3051 860 3124 quod
874 3067 926 3107 vo·
981 3057 1056 3121 tum,
1072 3052 1124 3119 ait,
1141 3051 1299 3107 deductum
1309 3054 1354 3107 esi
1366 3050 1567 3107 ioedusmeum
1579 3053 1661 3124 quod
1672 3070 1743 3111 curu
1754 3065 1814 3113 otu·

101 3138 168 3207 luit,
185 3140 374 3213 nequeenim
391 3140 513 3198 alterius
528 3141 628 3198 sensui
643 3139 855 3196 detrahendum
870 3143 925 3196 est.
982 3143 1070 3199 nibus
1085 3139 1163 3198 8⁰⁰
1182 3140 1304 3196 inieram
1331 3139 1511 3198 nationibus.
1537 3140 1573 3197 ct
1601 3141 1815 3202 intellexerunt

107 3225 198 3285 Nobis
212 3231 271 3285 tres
287 3234 419 3301 pastores
433 3229 483 3302 qui
498 3231 527 3285 in
544 3246 602 3286 uno
615 3245 715 3286 mense
730 3229 927 3296 succisisunt,
943 3221 966 3291 C
985 3246 1128 3305 pauperes
1151 3230 1258 3302 gregis,
1282 3228 1313 3285 id
1337 3234 1391 3297 est,
1416 3228 1544 3302 populus
1568 3229 1660 3288 lsrael
1680 3232 1733 3304 qul
1747 3247 1812 3291 mus

109 3315 223 3390 Moyses
247 3317 372 3385 videtur,
397 3323 425 3374 ot
446 3321 552 3385 Aaron,
578 3321 607 3376 et
631 3318 722 3375 Maria
745 3317 836 3390 (Num.
860 3318 907 3390 20)
920 3334 926 3385 ;
983 3320 1123 3377 mandata
1137 3317 1277 3386 custodit,
1293 3317 1363 3391 quia
1376 3318 1496 3376 verbum
1512 3319 1630 3377 Domini
1643 3325 1701 3389 cst,
1713 3321 1744 3380 id
1757 3325 1812 3388 set,

110 3421 235 3479 quorum
251 3406 342 3464 Maria
356 3405 386 3463 in
403 3423 502 3464 meuse
517 3406 620 3481 primo,
646 3405 697 3479 qui
711 3411 830 3463 vocatur
845 3422 928 3463 ursam
982 3408 1141 3490 voluntatis
1155 3412 1200 3465 est
1213 3406 1327 3463 Domini
1343 3407 1469 3479 abjicere
1483 3412 1585 3481 gentes
1607 3415 1768 3483 nugantes,
1784 3414 1816 3469 sl

109 3492 203 3585 (tntu),
220 3499 335 3551 mortua
349 3499 393 3551 est
407 3494 437 3550 iu
451 3494 566 3551 deserto
582 3493 643 3560 Sin,
659 3498 688 3549 et
699 3493 727 3549 in
739 3493 839 3549 eodem
855 3491 929 3561 loco,
983 3498 1014 3554 in
1029 3496 1177 3553 Abraham
1196 3494 1286 3552 lsrael
1301 3511 1451 3552 assumere
1470 3496 1672 3555 confitentem.
1700 3498 1760 3556 Pro
1781 3512 1817 3557 es

109 3589 228 3658 propter
242 3601 349 3657 aquam
366 3582 613 3647 contradictionis,
637 3583 798 3654 eodemque
818 3597 928 3649 menso,
984 3588 1062 3661 quod
1074 3603 1127 3643 nos
1137 3584 1318 3656 interpretati
1329 3599 1445 3656 sumus,
1457 3593 1483 3642 et
1498 3591 1684 3657 moraremini
1693 3590 1738 3645 sic
1743 3604 1816 3662 post·

105 3675 219 3746 Moyses
229 3677 258 3730 et
267 3679 363 3730 Aaron
375 3672 561 3730 condemnati
573 3676 652 3739 sunt,
664 3687 700 3727 ne
711 3676 817 3727 terram
828 3687 930 3743 repro·
983 3692 1062 3749 peras
1083 3676 1182 3747 precis,
1207 3672 1397 3746 septuaginta
1411 3672 1638 3743 transtulerunt,
1660 3685 1688 3734 et
1711 3691 1818 3750 capac-

108 3760 258 3820 missionis
268 3762 419 3819 intrarent.
431 3765 525 3835 Atque
534 3760 576 3818 ita
585 3761 693 3818 iactum
705 3765 759 3828 est,
769 3763 801 3815 ut
811 3776 826 3815 e
836 3757 930 3815 tribus
983 3770 1055 3822 coeat
1071 3764 1298 3834 ctananoeioues,
1315 3778 1375 3834 quse
1384 3762 1670 3834 custodiunturmibi,
1683 3767 1765 3838 qnod
1776 3765 1818 3825 its

106 3851 285 3925 pastoribus,
311 3851 368 3909 ulia
387 3853 521 3926 prasenti
539 3855 632 3907 morte
647 3848 855 3916 succideretur,
881 3847 930 3904 alii
985 3850 1817 3925 nonnulliedisserunt:Cognoscetpopuluslndaeomm,

107 3943 253 3999 sententia
279 3941 380 3998 mortis
402 3942 516 3997 laturre.
541 3942 576 3996 tot
590 3943 738 3997 contracta
752 3944 807 4006 est,
824 3936 929 4011 inquit,
984 3944 1020 3999 ad
1036 3957 1123 4015 quem
1139 3939 1332 3997 dictumest:
1351 3940 1449 3997 Semm
1462 3939 1607 4008 dbauoua,
1623 3949 1653 3999 st
1666 3959 1725 4001 aon
1738 3944 1818 4002 sss·

108 4029 207 4089 anima
218 4046 283 4086 mea
295 4047 384 4102 super
396 4046 465 4087 eos:
482 4029 617 4086 videlieet
631 4033 787 4102 supertres
800 4032 931 4101 pastores
985 4032 1065 4104 (Dan.
1080 4047 1142 4100 xm,
1158 4029 1221 4100 56);
1238 4027 1287 4100 qui
1304 4044 1382 4085 nunc
1396 4028 1470 4086 meis
1484 4029 1670 4089 ceremoniis
1684 4032 1817 4091 custodi·

109 4135 183 4192 quos
192 4134 406 4191 proposueram
418 4118 498 4192 gregi
509 4118 699 4185 maeoniaei
708 4116 824 4172 illorum
833 4116 932 4173 anima
985 4126 1054 4177 tur:
1079 4118 1139 4175 site
1158 4117 1229 4188 quia
1243 4116 1400 4173 Chananai
1414 4117 1656 4190 interpretantur,
1670 4123 1769 4192 persii
1780 4120 1818 4178 oi

107 4205 230 4263 variavit
241 4205 269 4262 in
282 4222 338 4271 me,
347 4223 402 4262 non
415 4207 493 4263 enim
503 4205 737 4280 glorificaverunt
750 4206 825 4262 888
838 4222 885 4261 me
895 4206 931 4262 ad
985 4208 1178 4272 bumilitatem,
1193 4210 1370 4278 cognoscent
1380 4205 1431 4279 qui
1443 4205 1513 4263 olim
1527 4205 1623 4279 parati
1631 4212 1706 4267 suut
1716 4214 1750 4267 ut
1758 4208 1817 4267 ltu·

108 4310 216 4368 aquam
228 4295 516 4353 contradictionis.Si
525 4299 623 4352 autem
634 4296 669 4351 ad
682 4293 822 4369 populum
835 4294 932 4352 reteri·
986 4297 1163 4354 milienturs
1177 4294 1347 4363 Domino,et
1356 4293 1567 4367 relinquantur.
1583 4295 1755 4357 durantem
1765 4313 1817 4370 prs

107 4399 190 4451 mus,
216 4384 293 4457 quod
321 4384 419 4440 anima
440 4383 538 4457 populi
554 4383 707 4441 variaverit
720 4383 749 4440 in
767 4388 872 4452 Deum,
888 4383 931 4440 sio
985 4402 1019 4443 eo
1034 4385 1112 4458 quod
1129 4400 1183 4439 nos
1197 4382 1379 4454 interpretati
1396 4400 1513 4452 sumus,
1536 4386 1577 4441 sic
1596 4401 1750 4458 pauperes,
1772 4385 1815 4443 illi

107 4475 312 4546 exponendum
327 4479 388 4530 ost:
407 4474 515 4531 ideirco
532 4474 573 4529 eis
588 4473 758 4547 indignatus
769 4488 847 4538 sum,
862 4472 932 4543 quia
985 4475 1133 4541 dixerunt,
1157 4472 1336 4539 Cbauauaecs,
1359 4487 1448 4528 causa
1464 4472 1621 4530 manifesta
1643 4479 1711 4530 est:
1734 4472 1814 4546 spusl

107 4563 208 4637 stipsi
223 4563 299 4620 inter
314 4581 360 4620 me
375 4569 405 4620 et
420 4563 498 4621 idola
519 4562 704 4631 fluctuantes,
726 4561 816 4618 variis
830 4566 932 4617 contra
949 4563 1122 4649 DHebreos
1146 4560 1236 4625 euim,
1260 4562 1310 4628 sic,
1335 4576 1409 4616 casu
1428 4560 1481 4643 (Ρ)
1496 4560 1624 4617 dicitur:
1642 4579 1712 4621 sitm
1722 4561 1816 4633 (mn),

107 4668 155 4708 mo
163 4657 368 4726 pugnaverunt
379 4651 685 4718 modistluamobrem
695 4650 865 4723 indignatus
873 4649 932 4705 dixi
984 4667 1136 4725 pauperem
1152 4648 1194 4704 illi
1206 4649 1264 4706 duo
1276 4647 1404 4703 verbain
1419 4664 1511 4705 unum
1521 4647 1707 4722 copulantes,
1721 4667 1819 4724 proco

108 4740 144 4796 ad
159 4742 296 4812 Moysen:
313 4742 352 4815 (a)
367 4744 427 4799 Noa
443 4757 554 4814 pascum
567 4757 631 4797 vos:
646 4741 754 4797 diruitte
767 4755 820 4806 nae,
836 4748 862 4795 ct
875 4739 932 4795 (ιιι-
986 4740 1064 4814 quod
1081 4742 1135 4805 est,
1152 4739 1191 4793 sic
1204 4752 1350 4808 puerperas,
1364 4734 1421 4792 hon
1437 4739 1493 4804 est,
1508 4752 1581 4793 mxu
1594 4754 1665 4794 aare
1678 4738 1750 4811 (iius
1761 4738 1818 4826 p),

106 4830 223 4902 perdum
246 4847 290 4886 ecs
313 4831 408 4902 (Ecod.
424 4848 513 4898 xxxu,
530 4831 585 4897 10).
602 4829 722 4895 Quando
738 4832 835 4884 autern
851 4828 932 4897 dicit,
988 4844 1094 4886 numen
1111 4826 1277 4884 Cbuncnaae
1289 4823 1386 4897 gentis
1402 4823 1585 4897 interpretati
1599 4831 1683 4883 suut.

107 4935 175 4977 cum
189 4919 335 4986 irascitur,
344 4920 457 4975 dimitte
465 4935 518 4986 me,
530 4922 666 4991 provocat
676 4917 711 4972 ad
723 4917 896 4990 rogandum,
906 4920 935 4973 et
1022 4916 1115 4990 (Vera.
1142 4916 1186 4984 12,
1212 4914 1268 4987 13.)
1293 4915 1326 4970 Ει
1346 4913 1409 4969 cmi
1422 4913 1459 4969 od
1472 4929 1517 4970 cos
1531 4929 1541 4967 :
1559 4915 1592 4971 Si
1616 4914 1723 4972 massis
1734 4920 1777 4975 ssi
1789 4915 1821 4972 is

107 5006 237 5064 ostendit
253 5022 284 5063 se
300 5007 336 5063 ab
353 5023 386 5065 eo
401 5023 487 5080 posse
502 5005 630 5063 retineri.
647 5004 727 5071 Quod
740 5004 877 5070 moritur,
889 5007 934 5061 in·
987 5007 1074 5063 ocutis
1085 5007 1192 5072 vetris,
1208 5005 1305 5076 aperte
1315 5001 1468 5060 nmrcedem
1476 5005 1651 5075 usecmstss'
1663 5020 1732 5076 soa,
1742 5006 1819 5078 psis-

108 5094 184 5168 quit,
199 5095 352 5162 moriatur,
364 5101 393 5152 et
405 5098 480 5169 quod
497 5095 658 5151 succiditur
669 5093 855 5163 succidatur;
872 5110 934 5150 om·
988 5097 1070 5158 scite:
1085 5097 1111 5150 et
1119 5092 1314 5165 appenderunt
1322 5091 1473 5148 saercedem
1481 5108 1583 5159 meum,
1594 5093 1822 5166 trepimootflss·

107 5184 190 5241 nium
203 5201 324 5259 corpora
336 5191 422 5240 ruant
432 5185 459 5240 in
474 5184 642 5249 solitudine,
651 5189 679 5239 et
690 5181 765 5238 versi
777 5182 806 5238 in
819 5182 941 5254 seditio-⁴
988 5190 1052 5242 teos.
1064 5186 1096 5239 ut
1106 5181 1181 5239 dicit
1191 5183 1322 5238 Dominus
1331 5179 1430 5253 αιιηι,
1440 5182 1548 5254 Projice
1557 5181 1621 5238 illos
1630 5179 1822 5256 [Vulgatissil

109 5290 188 5345 nem,
199 5273 294 5331 instar
305 5273 465 5330 bestiarum
477 5271 590 5330 mutuis
601 5271 766 5328 lacerentur
776 5271 935 5339 morsibus,
989 5273 1025 5330 cd
1034 5272 1210 5339 ambasium,
1222 5268 1353 5327 decorum
1360 5269 1567 5343 pretismpuod
1574 5271 1823 5342 appretiatum

145 5451 184 5520 (a)
200 5451 266 5506 Hae
280 5452 378 5523 verba,
395 5451 491 5525 inquit
505 5449 664 5515 Victorius,
686 5463 739 5503 noa
752 5463 865 5521 pascam
880 5465 935 5519 vos,
991 5449 1027 5507 ad
1043 5448 1132 5506 lsrael
1147 5446 1178 5503 ia
1193 5461 1290 5503 eremo
1306 5442 1384 5501 dicta
1406 5459 1483 5512 esse,
1497 5443 1553 5504 hcc
1567 5443 1674 5503 sudem
1689 5443 1758 5503 loco
1772 5461 1821 5505 cx·

110 5525 180 5576 sant
195 5520 225 5576 in
240 5521 380 5578 Zacharia
393 5522 459 5579 bie:
484 5527 624 5596 tunquam
650 5521 748 5575 autem
764 5518 800 5576 ad
817 5517 936 5593 Moysen
992 5520 1085 5595 ponit.

108 5584 161 5644 illa
183 5591 262 5648 dicta
286 5593 355 5661 sint,
381 5594 496 5650 Hieron.
514 5593 745 5665 iuterpretatur:
763 5589 840 5647 sicut
855 5592 937 5650 loaisa
1027 5591 1067 5665 (b)
1083 5594 1178 5648 Antea
1192 5587 1292 5645 deerat
1304 5602 1359 5644 uox
1372 5600 1474 5644 mom.

109 5659 224 5722 Verba:
241 5666 266 5719 si
280 5665 437 5733 audieritis,
452 5680 513 5739 aaa
525 5666 595 5723 baua
608 5665 683 5732 sant,
694 5664 778 5721 terra
787 5663 936 5735 comeditis,
