3818 6104
95 249 157 327 tur
722 266 753 327 s.
776 238 931 328 ansehn
953 237 1176 327 ninaonrm
1740 235 1797 326 eit

100 415 158 454 non
173 402 218 455 est
231 398 348 469 veritas,
365 403 393 455 et
408 416 466 455 non
482 400 526 455 est
540 397 751 466 misericordia,
767 401 796 454 et
809 416 866 454 non
877 401 922 454 est
935 399 963 465 Α
977 397 1055 453 enim
1071 414 1128 453 non
1144 396 1214 454 sunt
1228 401 1318 470 capta
1336 398 1437 455 decem
1459 396 1566 467 tribus,
1590 394 1760 453 habuerunt
1772 402 1798 454 et

99 487 219 542 scientia
231 487 281 543 Dei
295 491 515 559 superterram,
532 487 582 542 sed
611 503 627 542 e
650 487 766 559 regione
781 486 921 542 maledic·
974 487 1066 541 Elium
1080 486 1252 558 prophetam
1263 490 1291 542 et
1300 486 1447 558 illisorum,
1471 490 1500 543 et
1514 491 1634 542 eeteros
1646 484 1724 541 tilios
1738 501 1799 559 pro·

98 578 172 643 tum,
188 579 216 630 et
231 576 427 646 mendacium,
444 580 472 631 ct
486 574 689 642 homicidium,
706 579 735 631 et
755 576 876 641 lurtum,
893 578 922 630 et
976 575 1142 647 phetarum,
1159 575 1209 648 qui
1224 575 1472 648 prophetaverunt
1486 573 1671 630 inserueris.
1684 573 1796 653 Undect

97 660 273 718 adulterium
283 664 509 732 inundaverunt,
520 669 550 720 et
560 664 680 736 sanguis
692 664 865 736 sanguinem
879 668 922 719 te·
975 669 1065 719 Amos
1078 663 1220 735 propheta
1234 664 1283 735 qui
1302 665 1337 719 de
1355 664 1434 719 tribu
1446 662 1522 719 Juda
1531 666 1602 735 erat,
1615 666 1646 718 et
1657 661 1693 717 de
1708 661 1795 717 viculo

97 750 308 822 tigittidcirco
323 750 435 825 lugebit
451 762 603 809 lcrracum
615 752 831 808 habitatoribus
847 752 920 819 suis,
976 752 1101 820 Thecue,
1117 753 1233 825 cogitur
1262 751 1355 807 redire
1383 751 1420 806 ad
1451 752 1575 822 patriam
1605 750 1795 820 suam,neiu

97 841 126 894 et
136 838 346 909 infirmabitur,
360 845 460 898 utnon
471 841 577 898 habeut
588 840 696 897 bestias
711 841 783 914 agri,
795 846 824 897 et
837 840 921 897 volu·
975 839 1070 896 alieno
1087 857 1175 913 regno
1190 846 1219 896 et
1233 840 1366 896 Samaria
1382 841 1577 913 prophetaret.

98 943 163 984 eres
177 929 252 998 coeli,
268 935 298 986 et
312 931 407 1003 pisces
424 932 512 987 maris
528 930 672 987 deficient.
685 933 756 985 Cum
769 929 846 985 anim
858 946 922 1002 cap·
1011 929 1103 1000 (Vens.
1118 931 1158 999 b.)
1173 930 1351 985 Noctetaccre
1362 932 1417 1001 teci
1428 937 1546 984 matrem
1564 937 1653 992 tuam,
1670 929 1795 984 emunit

98 1016 197 1074 tivitas
212 1019 312 1076 decem
327 1019 460 1076 tribuum
474 1019 595 1090 venerit,
616 1020 777 1075 habitatore
793 1018 920 1086 sublato,
972 1019 1092 1089 populus
1107 1034 1191 1087 uuus,
1208 1018 1387 1090 ecquodnam
1411 1018 1540 1073 habuerit
1553 1018 1722 1073 seientiam:
1737 1018 1795 1092 quic

100 1107 201 1164 bestiae
217 1123 333 1181 quoque
354 1112 384 1165 et
412 1108 544 1165 uolucres
573 1108 635 1164 cosli
664 1112 692 1164 et
722 1108 816 1180 pisces
832 1108 922 1164 meris
975 1110 1006 1160 tu
1021 1107 1166 1161 scientiam
1180 1108 1315 1178 repulisti,
1331 1107 1463 1178 repellam
1476 1114 1502 1162 te
1514 1113 1541 1162 et
1555 1121 1604 1175 epo
1623 1104 1715 1180 [Vulg
1728 1109 1794 1163 tacet

101 1193 608 1269 deliciunt,iramqueDominietiam
619 1195 923 1252 mutaelemantaseu·
976 1195 1085 1266 ctepol,
1115 1212 1149 1251 nc
1177 1195 1327 1252 sacerdotio
1347 1197 1474 1267 turperis
1503 1194 1592 1250 mihi:
1621 1203 1649 1250 et
1676 1194 1794 1251 oblitae

101 1282 184 1342 tient.
196 1285 255 1342 Hoc
270 1285 320 1357 qui
336 1303 393 1342 non
418 1286 510 1341 credit
533 1285 674 1341 accidisse
698 1284 806 1358 populo
822 1282 920 1352 lsrael,
977 1284 1165 1353 lepislleitui,
1178 1283 1458 1354 obliuiscarfiliorum
1480 1283 1792 1354 tuorumetepc.ldl1:

101 1376 201 1429 cernat
211 1364 922 1447 Illyricum,ccrnatThracius,lllaoedoniamatque
975 1372 1053 1427 Nocti
1065 1374 1218 1428 assimilavi
1231 1381 1348 1428 matrem
1363 1380 1449 1436 tuum,
1465 1375 1493 1427 et
1507 1372 1679 1426 assimilatus
1702 1378 1741 1428 cst
1754 1380 1794 1444 pt·

100 1461 274 1528 Pannonias,
286 1478 462 1533 omnemque
473 1466 592 1528 terram,
603 1479 667 1534 ques
679 1478 696 1517 a
710 1462 884 1534 Propontide
893 1466 923 1518 et
972 1461 1060 1532 putus
1069 1478 1146 1517 meus
1155 1464 1235 1532 quasi
1244 1477 1299 1517 nou
1310 1461 1410 1516 herbam
1420 1462 1566 1517 scientiam
1577 1477 1584 1515 :
1596 1460 1665 1532 quia
1675 1461 1707 1514 tu
1716 1462 1794 1516 scien·

99 1548 248 1621 bosphoro
259 1566 352 1621 usque
363 1567 399 1622 ap
413 1549 501 1622 Alpes
511 1549 604 1607 Julius
622 1551 760 1617 tenditur,
778 1556 806 1607 et
816 1551 920 1623 proba·
976 1557 1045 1606 tiam
1060 1551 1194 1620 repulisti,
1211 1560 1237 1606 et
1250 1567 1298 1622 cqc
1313 1551 1445 1622 repellam
1466 1557 1501 1617 te,
1525 1565 1560 1605 ne
1574 1548 1730 1605 sacerdotio
1739 1549 1796 1622 sua

99 1635 141 1691 bit
156 1653 222 1692 cum
236 1637 407 1694 hominibus
432 1644 460 1696 et
484 1640 644 1695 animantia
668 1645 773 1696 cuncta
787 1640 920 1706 deficere,
973 1640 1050 1711 puris
1065 1639 1137 1694 miti
1146 1657 1155 1691 :
1170 1640 1255 1695 oblita
1268 1656 1296 1695 es
1313 1640 1379 1710 lepis
1392 1640 1442 1694 liei
1463 1639 1514 1709 tui,
1543 1643 1569 1693 et
1594 1654 1643 1709 epo
1658 1638 1797 1699 obtiviscar

98 1740 162 1796 quae
178 1727 208 1781 in
224 1743 294 1782 usus
308 1727 462 1783 hominum
479 1745 496 1783 a
510 1728 643 1784 Crantore
658 1727 740 1801 prius
756 1728 920 1784 alebantur.
936 1763 959 1826 B
974 1728 1226 1796 filiorumtuorum.
1240 1732 1302 1783 Non
1315 1728 1392 1799 quod
1403 1726 1460 1782 alia
1471 1731 1565 1782 mater
1575 1727 1622 1793 sit,
1640 1725 1729 1782 etalii
1739 1725 1796 1793 lilii,

96 1813 148 1871 Sin
163 1818 260 1871 autem
275 1815 465 1885 volucrimus,
482 1821 515 1872 ut
526 1817 646 1889 quidam
658 1822 772 1888 putant,
785 1818 860 1873 seros
871 1817 921 1874 ho·
975 1825 1096 1871 matrem
1104 1815 1370 1885 roeatctsslios3sed
1379 1814 1797 1889 quomodollominusloquens

97 1904 193 1960 mines
202 1904 314 1960 bestias
326 1904 521 1977 interpretari,
534 1910 562 1961 et
575 1904 708 1961 volucres
719 1904 780 1961 ooeli
793 1921 853 1972 cos,
869 1906 920 1977 qui
975 1905 1011 1961 ad
1022 1904 1162 1978 populum
1171 1905 1185 1960 J
1191 1903 1798 1973 udaeorumdicebaticrusutermterusutem,

97 1991 291 2049 elevanturin
322 1993 501 2065 superbiam,
532 1998 560 2049 at
588 1994 688 2049 omnia
707 1992 921 2051 humanaccn·
976 1994 1323 2066 quaeoceitiisl’ropbetm,
1340 1992 1547 2065 etlapidcseas
1571 1993 1798 2066 quiodtcmiui

96 2085 243 2148 temnunt,
256 2086 284 2137 et
295 2082 388 2154 pisces
400 2081 500 2149 maris,
512 2080 563 2154 qui
575 2081 790 2137 irrationabiles
801 2085 881 2151 sunt,
894 2086 922 2138 et
975 2091 1051 2149 sant,
1065 2084 1168 2154 quotics
1181 2084 1257 2139 uolui
1272 2099 1435 2154 conprecare
1450 2082 1522 2152 filies
1537 2089 1606 2149 tuot,
1628 2083 1704 2138 sicut
1716 2080 1798 2153 patli-

96 2169 140 2226 ita
149 2169 239 2240 bruti,
251 2174 282 2226 ut
296 2169 369 2226 nihil
383 2170 502 2227 omniuo
513 2171 637 2242 sapiant,
650 2176 678 2227 et
688 2187 785 2226 acrem
797 2172 921 2227 liberum
979 2189 1016 2226 nu
1030 2172 1215 2243 concrepabat
1227 2173 1316 2243 pullos
1327 2188 1388 2227 suos
1401 2174 1452 2227 suh
1468 2172 1526 2226 olas
1552 2186 1630 2237 suos,
1650 2174 1677 2226 et
1689 2158 1798 2227 mutat

98 2256 474 2332 coelumquenonvideant:
486 2259 608 2315 huonon
620 2259 755 2315 taminati
766 2276 855 2332 quam
867 2259 922 2316 ola·
976 2261 1083 2333 (Metti.
1101 2278 1181 2328 ιιιιιι,
1197 2261 1251 2332 5)‘?
1266 2261 1329 2315 Non
1345 2260 1422 2332 quod
1439 2259 1496 2314 alia
1516 2260 1565 2315 81
1580 2257 1755 2337 Jerusalem,
1771 2258 1797 2334 et

95 2346 207 2421 mentis
221 2351 266 2404 est
281 2348 405 2420 Domini,
423 2352 455 2404 ut
470 2365 533 2421 quea
557 2346 634 2403 mala
656 2353 735 2417 sunt,
752 2349 923 2405 auferantur
976 2347 1053 2404 alius
1068 2348 1193 2421 populus
1209 2349 1293 2420 ejus:
1311 2365 1406 2419 neque
1422 2347 1500 2403 enim
1515 2346 1629 2419 absque
1645 2345 1753 2420 populu
1765 2342 1797 2401 ad

97 2431 134 2493 d’e
148 2441 236 2493 terra.
630 2442 633 2447 ‘
977 2441 1118 2494 cementa
1134 2437 1214 2493 urbis
1228 2441 1257 2493 et
1271 2436 1351 2510 ligna
1364 2440 1394 2492 et
1414 2435 1526 2510 lapides
1554 2435 1745 2508 loquebatur.
1760 2433 1798 2490 Sia

134 2524 227 2598 (Vera.
243 2527 270 2597 l,
285 2524 325 2598 5.)
343 2527 532 2583 Verumtamen
541 2528 728 2598 unusquisque
740 2543 797 2582 non
804 2527 921 2598 judicet,
978 2530 1069 2582 mater
1084 2531 1203 2582 vocatur
1214 2524 1313 2599 populi
1326 2525 1489 2598 frequentia
1498 2528 1526 2581 et
1539 2525 1639 2581 omnis
1652 2524 1743 2581 turba
1753 2540 1797 2580 na·

98 2609 125 2671 et
138 2630 194 2670 nou
207 2618 343 2686 aequatur
356 2614 419 2672 eir:
434 2615 551 2688 populus
565 2617 639 2671 anim
668 2619 730 2670 tuus
744 2617 815 2671 sicut
830 2617 861 2670 hi
874 2616 922 2687 qai
977 2615 1068 2671 tionis
1084 2615 1221 2682 Hebraea,
1237 2615 1273 2670 ad
1290 2630 1378 2687 qnam
1395 2614 1544 2685 loquitur:
1562 2612 1615 2668 ulii
1632 2617 1746 2683 autern,
1760 2608 1798 2668 vel

97 2703 286 2760 contradicunt
299 2703 443 2772 sacerdoti,
472 2708 499 2760 et
526 2719 637 2760 corruas
665 2702 754 2776 leodic,
769 2709 796 2759 et
810 2707 923 2760 corruet
976 2702 1087 2777 singuli
1102 2721 1136 2760 cx
1146 2703 1263 2777 populo,
1275 2703 1320 2760 rel
1332 2720 1382 2775 per
1394 2703 1500 2775 oppida
1512 2699 1797 2775 villasquediaperai.

97 2793 182 2848 etiam
193 2792 326 2865 propheta
337 2797 435 2849 tecum.
448 2792 515 2848 Lxx
529 2809 535 2848 :
555 2794 586 2850 tlt
600 2793 695 2848 nullus
711 2808 797 2862 raeque
813 2792 921 2863 judice·
976 2793 1008 2848 ln
1021 2799 1102 2850 nocte
1112 2809 1180 2865 ergo
1192 2809 1224 2848 ac
1235 2793 1362 2848 tenebris
1374 2791 1548 2863 captivitatis
1569 2795 1597 2847 et
1625 2789 1761 2847 rnoerorls
1775 2794 1798 2846 at

99 2889 152 2952 tur,
170 2896 256 2954 neque
267 2889 401 2952 arguatur
414 2881 558 2954 quisquam
569 2899 579 2935 .·
606 2881 721 2952 populus
736 2884 830 2937 aalma
845 2896 922 2937 meus
976 2883 1136 2956 prementis
1152 2881 1294 2955 angustie
1307 2881 1433 2936 traditur
1448 2879 1548 2947 lsrael,
1559 2885 1587 2935 et
1598 2878 1796 2952 populusejus

97 2966 178 3044 quusi
208 2971 341 3041 sacerdos,
387 2973 433 3026 cui
478 2970 689 3039 contradicetur,
734 2975 760 3025 ct
794 2971 921 3040 infirma·
977 2970 1413 3039 eternosilentioconticescit3
1432 2969 1502 3042 quia
1526 2986 1583 3024 nou
1609 2967 1796 3041 habuitlegis

99 3059 172 3116 bitur
202 3074 254 3132 per
285 3059 367 3129 dicen,
397 3064 423 3116 et
455 3061 643 3131 infirmabitur
678 3061 763 3115 etiam
787 3059 923 3131 propheta
976 3060 1141 3131 seientiam,
1158 3075 1211 3115 nco
1225 3059 1275 3115 Dei
1306 3063 1448 3132 praecepta
1476 3058 1610 3126 servavit,
1635 3058 1796 3131 recepitque

98 3152 199 3205 uruat.
229 3148 397 3205 Secundum
426 3148 616 3221 Septuaginta
643 3148 826 3220 interpretes,
866 3129 958 3204 hoeG
978 3150 1056 3221 quod
1070 3148 1185 3203 lacerat.
1202 3153 1269 3221 lpse
1284 3148 1361 3202 enim
1380 3148 1428 3202 Dei
1448 3146 1554 3219 repulit
1569 3144 1677 3218 legem,
1695 3151 1724 3202 et
1738 3138 1795 3201 ideo

100 3237 176 3309 quod
207 3237 371 3310 posuimus,
400 3241 429 3292 ut
448 3235 554 3315 ‚nultus
581 3253 667 3308 neque
694 3235 843 3307 judicetur,
871 3254 921 3292 ne·
976 3238 1172 3294 sacerdotium
1188 3238 1315 3310 perdidit
1330 3237 1359 3292 in
1385 3242 1535 3303 aternum,
1565 3235 1667 3292 colens
1695 3233 1796 3292 vitulos

100 3326 151 3398 que
165 3329 300 3398 eruamur
314 3327 468 3398 quisquam,
486 3324 630 3397 superiori
645 3325 772 3397 capitulo
786 3329 922 3398 coaptan-
977 3343 1080 3383 aureos
1091 3326 1120 3381 in
1132 3327 1193 3382 Dan
1204 3331 1233 3381 et
1245 3325 1344 3382 Bethol
1357 3343 1363 3381 :
1376 3330 1404 3382 et
1414 3325 1483 3397 quia
1493 3324 1583 3381 oblita
1599 3330 1646 3380 cst
1657 3324 1731 3398 legis
1743 3323 1794 3391 Dei,

100 3416 171 3471 dum
187 3419 249 3471 est:
277 3416 328 3471 sed
355 3431 408 3470 nos
436 3414 571 3470 Hebraea
599 3415 650 3470 80
674 3413 837 3485 sequimur.
853 3413 920 3470 Pro·
977 3419 1005 3471 et
1020 3414 1288 3488 penitusAEgyptiis
1300 3413 1626 3486 seidolismancipavit,
1653 3413 1761 3469 idcirco
1773 3414 1795 3468 at

97 3505 192 3561 uocati
203 3503 392 3575 adjudicium
416 3502 476 3570 Dei,
495 3501 544 3557 filii
563 3503 662 3571 lsrael,
679 3503 729 3575 qui
749 3503 922 3559 habitabant
977 3503 1120 3560 Dominus
1136 3503 1320 3560 obliviscetur
1347 3503 1472 3560 filiorum
1505 3504 1584 3571 ejus,
1614 3502 1738 3559 tradens
1753 3505 1795 3558 ees

97 3592 128 3650 in
139 3596 374 3649 terrautcausas
385 3591 542 3647 Dominicis
557 3590 919 3664 indignationisaudirent,
975 3597 1088 3649 eternae
1104 3592 1285 3665 captivitati:
1317 3592 1369 3660 Qui
1396 3593 1471 3647 enim
1499 3593 1609 3662 ignoret
1628 3583 1795 3662 ipuorabitur

96 3683 281 3756 etprasterita
292 3685 409 3755 peccata
420 3684 638 3754 cognoscerent,
650 3685 841 3754 propterque
852 3680 920 3737 hos·
975 3681 1074 3753 (lCor.
1099 3682 1169 3753 xiv),
1198 3685 1226 3736 et
1254 3680 1284 3737 in
1313 3681 1438 3736 Psalmis
1466 3679 1611 3753 legimus:
1642 3680 1795 3736 Nescierual

95 3771 376 3837 tibustraderentur,
395 3787 472 3827 nunc
484 3771 552 3843 quia
570 3771 599 3825 in
619 3770 778 3826 sceleribus
789 3782 920 3842 perseve-
974 3786 1061 3843 aeque
1076 3771 1281 3834 intelleccrmrt,
1298 3771 1326 3824 in
1342 3771 1460 3825 tenebris
1474 3769 1615 3824 ambulant
1632 3769 1688 3840 (Pa.
1707 3784 1793 3834 aran,

96 3864 172 3931 rant,
188 3863 217 3916 et
231 3860 395 3932 impudenti
412 3860 503 3916 Deum
532 3859 627 3914 fronte
648 3863 919 3929 contemnunt,au·
974 3859 1014 3932 5).
1031 3858 1135 3914 Omnia
1152 3859 1419 3932 quaediouuturad
1448 3858 1549 3914 decem
1570 3857 1677 3925 trihus,
1695 3846 1794 3914 releir'c

95 3947 633 4006 diuntzNonnsuesseestutveniatis
656 3948 691 4003 ad
714 3947 871 4018 judicium,
889 3952 920 4003 ut
974 3949 1184 4020 possumusad
1208 3948 1369 4015 hereticus,
1399 3947 1450 4018 qui
1480 3946 1663 4018 reliquerunt
1677 3961 1794 4020 regnum

94 4037 245 4094 lavastris
260 4035 379 4110 flagitiis
395 4035 581 4109 arguamini;
598 4036 667 4107 quia
682 4039 768 4090 tantm
784 4035 855 4092 estis
869 4037 921 4091 im·
975 4036 1064 4092 David
1079 4041 1107 4092 ct
1121 4037 1292 4107 Jerusalem,
1308 4036 1337 4091 id
1348 4040 1401 4104 est,
1415 4034 1562 4092 Christum
1575 4039 1603 4090 et
1614 4034 1793 4091 Ecclesiam:

95 4126 253 4198 pudentia,
266 4129 362 4180 utnec
373 4124 495 4180 convicti
509 4123 640 4196 quidem,
660 4124 798 4196 pudorem
812 4124 918 4181 habea·
974 4127 1081 4182 etideo
1103 4129 1210 4181 eterna
1238 4129 1322 4181 nocte
1350 4125 1477 4196 cooperti
1498 4127 1578 4189 sunt,
1609 4141 1665 4180 nec
1694 4123 1795 4181 habent

94 4214 134 4271 tis
149 4219 178 4271 et
191 4213 396 4270 verecundiam
411 4231 418 4281 ;
435 4212 485 4270 sed
510 4213 717 4268 contradicatis
734 4213 817 4282 mihi,
834 4214 919 4287 quasi
975 4214 1127 4271 scientiam
1143 4213 1204 4283 Dei,
1216 4213 1436 4286 etrepelluntur
1447 4230 1464 4270 a
1477 4212 1599 4268 Domino
1622 4231 1659 4270 ne
1669 4214 1795 4270 sacerdo

94 4303 122 4360 'si
134 4291 297 4375 discipulus
308 4301 448 4374 magistro
461 4299 603 4357 sacerdoti
614 4299 765 4374 plebecula
773 4302 919 4358 contradi·
973 4303 1014 4359 tio
1031 4303 1191 4375 iungantur
1206 4302 1241 4370 ei,
1258 4307 1285 4358 et
1302 4302 1428 4359 filiorum
1443 4319 1517 4375 quos
1532 4303 1703 4375 genuerint,
1716 4318 1793 4358 num·

94 4396 154 4459 'eat
170 4408 233 4464 quta
246 4408 304 4447 non
319 4390 407 4447 habet
421 4389 576 4446 sacerdotii
602 4389 785 4463 dignitatem.
801 4389 920 4463 atquin
974 4407 1063 4462 quam
1081 4391 1226 4457 meminit,
1243 4391 1312 4464 quia
1327 4390 1380 4446 lilii
1395 4390 1482 4448 alieni
1498 4390 1567 4447 lacti
1588 4392 1712 4447 suntsi.
1776 4456 1778 4462 ¹

96 4471 346 4549 telesestls,ideo
373 4478 458 4535 hodia
487 4479 629 4535 corruetis
657 4479 709 4550 [tt.
731 4479 877 4547 corruitis,
891 4480 958 4554 etp
1009 4477 1411 4553 (Vers.7scqq.)Secundum
1425 4477 1795 4549 multitudiaemeorum,sit

97 4569 250 4637 ducimini,
267 4574 296 4625 et
310 4569 453 4641 perditial,
470 4567 570 4637 idest,
591 4568 739 4624 ducemini
755 4568 784 4622 in
801 4566 918 4640 captivi·
972 4572 1152 4640 peccauerunt
1180 4567 1254 4623 milei
1264 4587 1271 4622 ι
1298 4567 1416 4640 ptoriom
1443 4570 1537 4623 eorum
1567 4570 1598 4622 ia
1611 4568 1795 4640 'iqrtmniniain

91 4659 197 4728 tatem,
214 4663 242 4714 et
257 4657 384 4731 perdetis
399 4672 522 4728 regnum
552 4656 651 4712 lsrael.
678 4656 759 4720 Quod
776 4654 855 4723 dicit,
872 4654 919 4711 tro·
974 4657 1156 4724 comtestalis,
1170 4661 1284 4727 peccalo
1297 4658 1393 4729 populi
1407 4659 1466 4712 snei
1488 4656 1639 4725 comedent,
1655 4662 1680 4713 et
1694 4657 1732 4714 od
1747 4657 1794 4712 ini-

96 4745 150 4819 ate,
167 4751 217 4803 aut
231 4762 359 4820 presens
373 4750 490 4818 tempus
505 4745 662 4819 signillcat,
692 4750 743 4800 aut
767 4761 824 4799 non
841 4744 918 4801 srau-
974 4747 1106 4818 quitatem
1120 4758 1214 4800 earum
1228 4745 1406 4802 sutricuabuut
1421 4747 1529 4801 caimos
1545 4761 1651 4815 eoram,
1666 4746 1794 4803 cteritsi-

35 4832 37 4836 ⁸
96 4835 132 4891 de
147 4833 312 4905 otinsidiis,
330 4835 379 4890 sed
395 4833 474 4890 clara
488 4833 517 4888 in
533 4833 730 4906 captivitatem
752 4832 816 4889 luce
835 4834 920 4890 duce·
974 4835 1215 4906 eutpopulus,eie
1231 4835 1364 4901 sacerdos,
1380 4844 1406 4890 et
1429 4836 1544 4891 ot'sitobo
1567 4836 1795 4904 supercumulat

96 4912 180 4992 mini,
196 4927 336 4996 tantaque
358 4921 411 4979 crit
421 4923 510 4979 vestri
522 4921 689 4989 infirmitas,
707 4926 740 4978 ut
750 4923 837 4979 etium
854 4939 920 4994 pro·
973 4924 1041 4995 ejice,
1056 4925 1265 4991 etcopilotiuaes
1275 4924 1352 4979 illius
1363 4924 1474 4978 reddam
1494 4921 1795 4980 et.1.xx28ecauemi

95 5012 201 5086 phetes,
217 5012 268 5084 qui
282 5011 365 5068 vobis
381 5010 513 5069 solebant
534 5010 707 5083 prophetare
722 5011 919 5078 mendacium,
973 5013 1185 5068 multitudinem
1199 5029 1303 5084 eorum,
1319 5015 1360 5068 sie
1372 5026 1551 5084 peccauerunt
1575 5012 1660 5079 milti,
1675 5013 1794 5087 gloriam

94 5099 248 5157 'vobiscum
265 5104 412 5171 corruant,
434 5104 462 5155 ct
490 5101 618 5156 sentiant
642 5100 850 5173 captivitatem.
868 5099 919 5156 Hic
974 5117 1068 5157 eorum
1083 5102 1113 5156 in
1127 5100 1310 5169 iquornim'om
1323 5117 1424 5172 porram
1440 5101 1494 5173 [nl.
1521 5099 1654 5173 pandam]
1669 5119 1675 5156 :
1690 5105 1795 5174 peccota

96 5189 266 5261 Prophetas,
278 5193 329 5244 aut
339 5189 608 5261 pseudoprophetas
626 5189 767 5245 debemus
778 5189 919 5262 accipere,
972 5190 1069 5262 papuli
1083 5192 1136 5246 mei
1150 5190 1303 5252 colmanne,
1318 5197 1344 5246 et
1359 5191 1389 5245 in
1403 5191 1602 5261 iniquitatibus
1616 5206 1715 5247 coram
1729 5191 1794 5246 acci·

96 5280 371 5334 auteerteomnem
401 5276 525 5351 gratiam
556 5276 766 5349 prophetalem.
783 5278 918 5342 Quandiu
971 5279 1278 5351 pientto)atiianimos
1301 5295 1405 5348 cortem,
1430 5281 1518 5335 eterit
1528 5281 1598 5335 sicat
1618 5280 1747 5352 populas,
1761 5278 1795 5334 sie

130 5506 169 5578 (a)
184 5508 301 5578 Vocem,
330 5511 391 5578 atii,
408 5526 466 5567 non
493 5508 603 5568 habeat
633 5509 755 5570 Palatini
776 5526 849 5569 mss.
866 5507 917 5568 se'd
937 5524 1032 5587 nsque
1055 5509 1181 5583 Grecos,
1203 5515 1320 5587 excepto
1346 5513 1410 5570 cod.
1427 5511 1541 5588 Aldine,
1556 5515 1665 5572 textus.
1683 5511 1716 5572 ln
1740 5525 1794 5570 uua

95 5577 276 5661 barberinio,
291 5597 344 5656 pro
359 5577 442 5638 tlte
456 5586 501 5640 est
515 5577 590 5641 λαοὶ.
