3818 6104
103 322 186 401 idib
741 338 774 403 S.
795 324 952 404 sussen
973 330 1197 406 standumst
1741 336 1810 406 idid

104 484 167 528 narn
183 473 275 541 irtam,
290 471 360 528 scidi
372 473 490 546 palliam
501 486 593 530 meum
608 477 634 530 et
651 479 788 546 ionicam,
804 477 832 529 et
845 472 927 529 euelli
940 468 968 539 Α
982 476 1024 529 ter
1037 490 1109 530 anos
1124 478 1250 532 omnium
1263 479 1413 533 norbani?
1428 474 1464 533 de
1479 472 1639 532 Abrabam
1656 471 1702 529 sic
1716 471 1808 531 intelli·

104 561 220 633 capillos
234 561 332 633 capitis
343 565 401 618 mei
414 571 440 618 et
455 563 557 633 barbe,
574 570 601 620 ei
612 565 676 621 sedi
689 578 805 620 marens
815 560 927 633 (ldsdr.
982 568 1066 635 gunt,
1079 569 1113 620 ut
1127 564 1216 621 etism
1233 565 1365 638 gentium
1381 571 1494 638 patrem
1507 563 1670 619 Abraham
1683 578 1811 618 esseron·

104 651 155 707 ixl
165 651 250 724 seqq.)
265 652 426 708 introrsum
443 653 471 707 in
491 654 738 725 consequentibus
751 671 757 708 ι
772 653 929 723 lucentique
982 658 1157 718 memorent,
1167 651 1812 725 secundumilludquodseriptumestzraar

42 734 50 757 ⁰
105 749 169 797 anni
184 740 217 797 de
231 742 559 814 filiissacerntotumqui
573 742 930 798 dnamnttmoreeaiienr'·
982 740 1053 797 Deua
1066 741 1099 797 de
1113 743 1252 815 lapidibus
1269 745 1333 798 istis
1347 745 1484 800 suscitare
1512 742 1592 813 filios
1607 738 1731 797 sumta
1743 744 1811 807 (liat.

105 846 193 906 gerrae
206 831 239 886 de
254 831 320 901 liliis
333 833 405 900 lesa,
425 832 480 902 filii
489 832 604 899 incedes,
615 836 643 887 ct
651 834 752 903 [ratres
774 832 841 898 eins,
858 831 930 886 iloc-
982 830 1330 902 1n‚9)?Velcerteunum
1343 833 1432 888 reum
1444 835 1568 886 Patrem
1583 828 1814 899 affirmantjaxta

105 922 159 989 aa,
171 928 198 977 ei
207 921 336 986 Eleazar,
346 923 466 991 citarit,
477 925 503 977 et
516 921 639 991 dotalia,
650 926 676 976 et
688 920 821 976 dederunt
830 935 929 974 manna
982 917 1056 974 illud
1068 921 1145 992 quod
1158 920 1186 976 in
1199 920 1405 978 Deutroaomio
1417 921 1552 992 legimus
1568 935 1575 974 :
1591 920 1814 987 bonatisteiarr

106 1024 180 1078 snas,
192 1011 360 1082 atejicerent
368 1026 468 1067 uxores
477 1028 552 1078 erras,
564 1015 589 1066 ct
598 1010 928 1083 prodelictosaoorietrm
984 1012 1022 1064 est
1036 1011 1128 1080 Pater,
1139 1011 1187 1081 qui
1196 1010 1315 1082 possedit
1324 1019 1359 1077 te,
1375 1016 1401 1065 et
1411 1013 1478 1082 socii
1487 1015 1526 1080 te,
1539 1017 1569 1064 et
1578 1010 1690 1063 crearit
1700 1011 1726 1062 te
1736 1007 1813 1077 (liert.

104 1094 138 1156 dc
150 1099 246 1156 coibas
260 1099 391 1172 offerrent
406 1099 428 1172 il
442 1100 520 1155 dsdr.
537 1117 565 1167 x,
583 1101 624 1166 18,
650 1100 705 1170 19).
733 1098 764 1154 ln
781 1099 838 1154 fine
853 1115 925 1170 quo·
982 1099 1134 1170 xxx11‚6)‘l
1148 1099 1183 1154 Et
1197 1116 1315 1155 rursum
1329 1117 1335 1153 :
1350 1103 1439 1154 Deum
1451 1100 1501 1170 qai
1512 1102 1542 1153 te
1553 1098 1679 1163 mearat,
1693 1096 1815 1167 reliquisti

104 1187 928 1261 queeapitulipostenumerationemcorum‚quiusores
983 1187 1402 1258 (laid,18).atatibi:ritios
1426 1189 1517 1260 qenai
1544 1195 1573 1242 ei
1602 1186 1815 1257 exaltaritipsi

106 1277 284 1351 alienigenas
299 1283 471 1350 acceperant
493 1279 545 1351 [At.
571 1278 756 1350 reciperasti,
779 1277 929 1349 scriptura
983 1280 1075 1332 antem
1089 1277 1263 1348 reliquerant
1275 1293 1319 1332 me
1334 1277 1408 1348 (lsai.
1425 1294 1446 1342 1,
1461 1277 1503 1348 2).
1532 1276 1569 1330 ist
1585 1275 1618 1330 in
1638 1273 1812 1330 Psalmorurn

105 1373 334 1424 commemorat:
348 1368 446 1425 Omnes
456 1368 487 1424 ln·
496 1372 662 1440 aeceperunt
681 1383 781 1424 uxores
795 1367 928 1435 alienige·
981 1363 1131 1421 volumine
1144 1383 1151 1421 τ
1166 1366 1234 1422 Filii
1242 1367 1330 1422 alierri
1342 1366 1452 1422 mentiti
1462 1371 1535 1421 sunt
1551 1364 1653 1419 mibi:
1669 1362 1727 1433 filii
1739 1363 1813 1419 alien

103 1466 157 1513 aas
168 1474 177 1510 .·
188 1465 216 1513 et
226 1458 389 1530 Manios
398 1459 438 1513 eis
457 1458 587 1514 mutieres
597 1473 659 1528 quae
667 1466 832 1529 pepererant
844 1455 926 1526 filios.
982 1455 1128 1510 inveterati
1141 1463 1216 1521 eunt,
1233 1459 1258 1510 et
1272 1454 1505 1511 claudicaverunt
1520 1470 1539 1508 a
1564 1454 1681 1509 semitis
1697 1454 1753 1508 scis
1766 1455 1812 1522 (Pr.

104 1544 927 1620 ReversiergodecaptivitateBabylonia,tamprincipes,
981 1558 1050 1611 xrn,
1067 1543 1123 1610 id).
1139 1544 1217 1600 litu
1239 1544 1321 1599 Etsb
1343 1544 1396 1599 hoc
1420 1560 1479 1599 uno
1498 1546 1601 1614 patre,
1620 1541 1676 1612 qni
1692 1557 1812 1613 peecare·

103 1637 135 1691 et
145 1636 321 1703 sacerdot-es,
331 1652 365 1692 ac
376 1635 491 1705 Levita,
503 1652 591 1708 quam
604 1635 736 1708 reliquus
746 1632 871 1706 populus
880 1631 928 1688 ab·
983 1634 1062 1696 runt,
1070 1631 1248 1700 recedentes,
1259 1631 1368 1688 multos
1382 1631 1529 1687 vitiorum
1543 1629 1812 1701 suorumpatrmie·

101 1723 237 1796 lecerunt
250 1742 353 1782 rrxores
364 1742 433 1781 suas
450 1724 601 1781 israelitici
626 1723 750 1798 generis,
776 1740 840 1795 quae
854 1738 927 1793 pau·
982 1736 1065 1776 cere:
1080 1720 1175 1777 Omnis
1183 1722 1258 1777 enim
1271 1723 1319 1793 qai
1331 1721 1568 1793 suritpeccctam,
1581 1717 1812 1774 dcdiabotonatn

102 1817 216 1885 pertale
226 1818 256 1871 et
267 1813 527 1886 injurialongicris
545 1815 610 1879 viee,
635 1817 664 1869 et
674 1812 830 1885 fragilitate
840 1826 926 1866 sexus
941 1839 966 1905 B
981 1817 1029 1865 est.
1045 1810 1134 1880 quue
1145 1809 1224 1881 quod
1234 1809 1385 1882 sequitur:
1397 1810 1491 1879 Quare
1501 1809 1632 1881 despicit
1644 1809 1812 1880 caesaraeae

104 1912 164 1957 non
174 1902 299 1959 ferentes
310 1905 349 1975 (a)
357 1901 497 1972 laborem,
509 1902 645 1958 coniectae
660 1905 753 1967 erent,
765 1904 793 1954 et
802 1897 927 1953 infirmi·
980 1902 1107 1954 nostrum
1116 1900 1235 1970 fratrem
1244 1915 1334 1966 suurn,
1345 1900 1453 1955 ariolum
1460 1906 1584 1970 pactam
1595 1902 1812 1969 patrocinante

103 1991 196 2046 'tatem
212 2007 245 2046 ec
260 1990 475 2047 deformitatem
491 2005 647 2061 corporum
663 1991 886 2043 contraxerant:
899 1988 928 2041 et
981 2003 1055 2054 ram,
1068 1988 1110 2043 sic
1120 1986 1303 2061 interpretati
1315 1991 1395 2054 sunt,
1407 1990 1441 2041 ut
1451 1987 1598 2042 dicerent
1614 2005 1622 2041 z
1637 1985 1699 2042 Nos
1709 1990 1809 2041 cunctos

104 2092 173 2133 oum
193 2077 365 2150 alienigenis
379 2077 424 2132 vel
440 2081 525 2132 aetnte
541 2075 712 2131 florentibus
722 2073 766 2129 vel
777 2073 857 2129 cultu
868 2087 928 2128 cor·
981 2075 1017 2132 ab
1028 2092 1086 2131 uno
1097 2085 1177 2148 patre
1189 2080 1353 2149 generatos,
1369 2076 1807 2144 unomessedebere,etunnnr
1834 2144 1838 2153 .

107 2176 213 2240 porum
224 2165 497 2239 pulchrioribusvei
510 2169 662 2238 potentum
674 2180 708 2220 ac
718 2162 841 2218 divitum
853 2159 927 2216 filie·
981 2165 1174 2222 confessionis
1185 2166 1292 2221 babere
1302 2165 1413 2223 labium
1425 2183 1431 2232 ;
1445 2165 1501 2221 sed
1523 2169 1640 2236 postca
1650 2181 1704 2237 per
1723 2181 1807 2236 super·

105 2253 927 2327 busmeirimoniaccpularant.Corripititaqueeosltzras
980 2253 1058 2309 biam
1067 2260 1096 2310 et
1106 2255 1326 2312 edificationem
1338 2254 1429 2311 turris
1438 2258 1551 2310 contra
1565 2255 1671 2311 Deum
1680 2254 1709 2309 in
1717 2251 1808 2309 multas

105 2344 257 2417 propheta,
268 2347 297 2400 et
307 2344 342 2400 ad
352 2345 506 2416 repudium
513 2343 927 2415 novarumoonjugumprovo·
980 2342 1098 2416 linguas
1115 2349 1203 2416 atquc
1231 2344 1392 2401 sententias
1407 2359 1474 2400 esse
1486 2343 1612 2399 dlrisos
1626 2344 1760 2415 (Geumi.
1773 2343 1807 2397 sd

104 2439 162 2505 cat,
177 2439 211 2490 ut
225 2448 329 2491 uxores
344 2449 419 2504 quas
443 2433 626 2499 dimiserant,
656 2431 816 2503 recipiant:
832 2430 927 2485 Nonne
980 2431 1194 2506 eleemosynam
1204 2450 1320 2506 quoquc
1330 2431 1471 2500 referunt,
1481 2432 1639 2488 utdicant
1651 2450 1658 2488 :
1670 2431 1806 2505 Despieere

103 2523 210 2597 lnquit,
225 2532 384 2597 pateranus
397 2523 536 2579 Abrabam
550 2523 675 2578 omnium
684 2525 808 2577 nostmm
818 2518 880 2574 est?
891 2517 927 2572 dc
979 2537 1034 2577 nos
1044 2521 1148 2578 iratres
1160 2529 1287 2592 nostros,
1299 2523 1417 2594 quando
1429 2538 1488 2577 nen
1500 2523 1764 2578 communicamus
1772 2520 1806 2576 eis

105 2619 163 2687 quc
178 2614 208 2670 iu
224 2613 299 2671 lseia
314 2612 469 2669 scribitur:
486 2613 619 2684 Respicite
632 2612 663 2666 in
673 2610 811 2665 Abrabam
818 2613 927 2677 patrem
980 2611 1140 2682 qusaDeo
1160 2613 1197 2668 ad
1216 2611 1448 2668 sustendendem
1469 2610 1569 2666 vitam
1589 2611 1766 2684 accepimns.
1779 2609 1806 2665 st

103 2707 233 2772 oestrum,
247 2707 276 2760 et
290 2704 321 2758 in
335 2702 443 2771 Soram,
455 2718 515 2773 qne
525 2701 759 2773 concitamenta
769 2714 841 2753 unus
853 2701 924 2761 erat,
980 2699 1016 2754 ad
1029 2697 1084 2755 hoc
1093 2703 1258 2768 transeunt,
1271 2705 1302 2756 ut
1328 2704 1463 2757 asserant
1474 2700 1605 2756 tratrem
1618 2704 1804 2768 sosimenes

102 2795 132 2850 tt
142 2794 235 2851 rocavi
244 2809 307 2850 eam
318 2795 393 2865 (lsai.
408 2809 445 2847 ar.
455 2793 494 2863 2).
519 2790 621 2847 Nonne
644 2795 720 2845 Deus
731 2804 808 2843 unus
819 2785 927 2842 creavit
980 2787 1805 2862 cundumScriptures,dominumappellari‚quiprecepit

105 2891 171 2950 nos,
183 2882 233 2956 qui
243 2899 278 2939 ex
287 2880 433 2938 Abraham
447 2883 581 2937 nostrum
604 2879 682 2934 9⁰8
702 2877 790 2950 elegit
810 2874 926 2948 genus?
980 2877 1077 2933 Meriae
1086 2877 1320 2952 Magdalenae,ut
1331 2877 1447 2934 nuntiet
1458 2877 1612 2934 iratribus
1635 2878 1710 2949 suis,
1723 2877 1803 2933 dorni·

102 2973 200 3040 Quare
210 2986 278 3044 crgo
288 2975 399 3027 veteres
409 2985 514 3025 uxores
524 2968 751 3034 contemnimus,
764 2970 792 3021 et
803 2967 926 3020 tratrum
981 2983 1052 3022 num
1065 2968 1226 3023 surrexisse
1237 2969 1325 3040 (ioan.
1350 2971 1409 3036 aa),
1431 2970 1462 3022 et
1483 2966 1627 3039 loquitur
1641 2968 1672 3022 in
1689 2965 1805 3022 Psalmo:

105 3065 275 3116 nostrorum
286 3058 443 3130 abjicimus
453 3056 540 3123 illias,
553 3061 585 3111 ut
595 3056 797 3127 relinquamus
808 3057 926 3126 pactum
980 3058 1106 3113 Narrabo
1120 3072 1220 3112 nomen
1234 3062 1313 3112 tuum
1326 3057 1463 3126 fratribus
1476 3058 1564 3124 mere,
1581 3058 1614 3111 in
1624 3056 1715 3112 aredio
1728 3056 1806 3112 Eccle-

105 3152 223 3220 patrum
237 3152 415 3215 nostrorum,
429 3151 457 3201 et
469 3162 527 3201 non
540 3162 573 3200 ex
584 3151 655 3217 tege
665 3143 843 3216 accipiamus
855 3157 925 3196 uxo·
980 3146 1032 3202 eiae
1045 3147 1165 3202 cantabo
1179 3146 1231 3202 bii
1245 3147 1301 3218 (Pe.
1322 3162 1379 3212 ιιι,
1389 3145 1447 3216 23).
1468 3144 1676 3202 Deseruerant
1686 3145 1805 3218 ergoln·

106 3231 800 3307 resl't'raasgreesusestluda(beceaimtribus
811 3208 962 3287 reversac
982 3233 1036 3289 dai
1047 3234 1166 3290 fratrem
1178 3233 1607 3303 saum,etcoateminaverunt
1624 3238 1741 3307 pactum
1757 3249 1807 3305 pa·

106 3329 151 3381 est
161 3323 352 3398 deBabylone
362 3339 429 3379 aum
440 3321 641 3380 sacerdotibus
663 3338 696 3377 ao
720 3320 837 3390 Levitis,
853 3324 880 3375 et
895 3335 927 3374 a·
980 3326 1202 3394 crumenarum,
1226 3324 1306 3395 quod
1330 3323 1406 3379 Deus
1430 3322 1805 3395 pepigeretadnbrnham

105 3413 268 3470 huminatio
284 3413 416 3469 recteest
429 3411 460 3467 in
476 3411 574 3483 lsrael,
590 3416 619 3467 et
633 3411 662 3465 in
676 3410 852 3467 Jerusalem.
868 3408 924 3464 Nc·
980 3412 1071 3483 Isaac,
1088 3418 1116 3469 et
1129 3413 1231 3484 Jacob,
1245 3417 1279 3469 ut
1288 3413 1318 3469 in
1329 3411 1573 3482 seminoeorum,
1586 3411 1664 3485 quod
1675 3410 1807 3483 interpre-

104 3518 254 3575 qnaqnam
266 3501 295 3557 in
308 3503 409 3558 decem
418 3501 565 3569 tribubus,
577 3517 641 3572 qua
657 3501 693 3556 ab
705 3499 831 3573 Assyriis
844 3505 925 3555 tene·
980 3505 1059 3557 tatur
1073 3501 1207 3570 Christus,
1224 3501 1468 3557 benedicerentur
1481 3516 1594 3557 omnes
1615 3505 1732 3575 gentes.
1748 3499 1806 3554 ilar

103 3591 212 3649 bantur
221 3610 229 3660 ς
238 3592 325 3649 sedin
333 3591 426 3665 his(b)
437 3591 487 3663 qui
497 3591 532 3646 ad
543 3590 607 3663 Cyri
619 3590 696 3663 regis
706 3588 925 3661 imperiumsob
978 3590 1057 3646 varie
1072 3591 1270 3664 suspicantur,
1286 3589 1356 3662 quia
1365 3594 1474 3645 certain
1486 3588 1570 3645 riam
1582 3605 1645 3645 non
1656 3587 1804 3662 reperiunt.

102 3672 297 3739 zorobabelet
320 3682 402 3749 Ezra,
429 3685 457 3736 et
479 3679 599 3736 Neemia
623 3680 657 3735 de
681 3677 841 3751 Rabylonis
855 3681 923 3734 sunt
979 3680 1109 3752 Denique
1119 3685 1147 3736 et
1157 3679 1211 3734 hoo
1224 3678 1302 3752 quod
1313 3677 1445 3749 sequitur
1450 3679 1542 3749 juxte
1559 3677 1651 3734 LXX:
1671 3679 1805 3734 weram

103 3771 221 3829 reversi.
232 3772 303 3841 Quia
313 3771 512 3827 contaminavit
527 3769 598 3825 luda
620 3769 865 3839 sanctificationem
875 3767 924 3822 llo·
977 3771 1017 3824 eat
1031 3771 1130 3834 indas,
1146 3778 1171 3825 ei
1182 3769 1354 3825 ahmeinaim
1361 3768 1435 3837 sacta
1444 3770 1484 3822 est
1495 3768 1531 3822 in
1542 3767 1647 3835 lsrael,
1657 3772 1686 3823 et
1697 3770 1726 3822 in
1734 3768 1806 3823 Jeru-

101 3862 183 3932 miai‚
198 3877 281 3933 quom
298 3861 409 3928 dilexit,
422 3868 447 3915 et
463 3858 559 3914 babuit
573 3859 662 3930 filiam
685 3858 734 3913 Dei
756 3858 852 3925 alieni,
868 3856 923 3911 mi·
977 3859 1073 3930 aalma,
1090 3857 1132 3914 sic
1147 3858 1332 3914 edisserunt:
1351 3858 1485 3911 Desertos
1510 3855 1806 3927 sessionemque

101 3950 209 4007 mendo
220 3965 287 4006 cum
299 3948 472 4021 alienigenis
483 3963 583 4002 semen
596 3945 695 4012 lsrael,
706 3951 736 4002 et
746 3945 900 4019 gentilium
914 3961 921 4012 ;
977 3947 1256 4020 blasphemaverunt
1274 3945 1429 4002 Dominum
1452 3943 1659 4013 Salvatorem,
1683 3949 1712 4001 et
1725 3942 1806 4000 susti·

101 4037 131 4095 id
141 4043 195 4108 est,
207 4040 392 4096 ethnicorum
403 4037 491 4102 filias,
502 4035 588 4091 idolis
598 4036 766 4102 servientes,
779 4034 923 4090 sumendo
978 4038 1078 4093 unisse
1093 4037 1170 4109 quod
1190 4037 1408 4109 scriptumest:
1424 4033 1587 4090 Secundum
1604 4035 1804 4091 multitudinem

102 4143 217 4183 uxores.
233 4128 307 4193 Ouia
321 4126 411 4199 igitur
426 4125 480 4180 hoe
496 4126 635 4192 iecerunt,
661 4123 807 4197 prophete
823 4125 858 4179 ad
874 4141 923 4179 cos
977 4127 1152 4199 impietatum
1174 4142 1269 4182 eorum
1292 4125 1396 4196 expelle
1417 4125 1617 4194 coarctantem
1633 4124 1805 4179 irritaverant

101 4224 200 4274 sermo
210 4215 419 4288 dirigitur,eta
431 4218 547 4285 peccato
560 4213 819 4270 maledictionibus
832 4217 921 4269 retra·
976 4220 1013 4283 te,
1028 4217 1142 4272 Domine
1157 4216 1213 4287 (Pe.
1228 4233 1257 4287 v,
1275 4215 1330 4288 ll),
1348 4217 1379 4270 ut
1393 4213 1423 4269 ia
1436 4217 1564 4268 cunctas
1580 4213 1753 4285 provincias
1765 4227 1805 4267 in

100 4304 222 4362 huntur.
252 4303 395 4377 disperdat
420 4303 551 4358 Darninas
577 4304 668 4358 virum
694 4319 740 4375 qur
755 4304 849 4374 fecerit
863 4302 921 4358 boc.
977 4305 1017 4378 gi,
1034 4311 1063 4361 et
1072 4305 1188 4378 prologi
1202 4307 1419 4378 spargerentur.
1432 4301 1729 4360 contaminaverunt
1737 4302 1804 4359 enim

101 4397 195 4463 Quam
205 4393 327 4469 pulchre
338 4411 396 4451 aon
408 4392 534 4449 abscidit
543 4392 633 4448 errori
645 4391 769 4460 veniam,
782 4392 923 4458 necdixit,
978 4400 1079 4450 sancta
1093 4393 1220 4460 Domini,
1238 4411 1290 4467 pro
1307 4392 1354 4449 liei
1371 4391 1430 4448 filio
1454 4388 1636 4464 diligentes,
1655 4399 1685 4450 et
1701 4393 1804 4449 edinen

100 4484 506 4555 maledicatliominusstqni
519 4481 648 4538 fecithoc
662 4498 668 4549 ;
688 4482 737 4537 sed
749 4481 800 4554 qui
813 4480 921 4551 lecerit,
978 4483 1091 4538 uiantes
1106 4483 1162 4539 sibi
1172 4483 1242 4538 deos
1261 4481 1391 4538 alienos:
1417 4480 1471 4549 Qui
1484 4482 1564 4536 enim
1582 4499 1646 4539 non
1661 4484 1757 4555 recipit
1766 4481 1804 4536 ff·

99 4573 130 4631 ln
145 4577 278 4631 loturum
294 4575 417 4631 tendens
433 4571 677 4639 maledictionem,
708 4575 740 4626 ut
755 4575 920 4643 peccatores
936 4576 960 4640 Ι)
975 4573 1055 4640 lium,
1070 4587 1126 4628 non
1140 4574 1237 4644 recipit
1252 4576 1373 4637 Patrem,
1386 4571 1519 4643 inimisit
1529 4586 1599 4626 enm
1615 4573 1697 4644 (Lae.
1708 4589 1746 4642 rx,
1756 4569 1803 4639 43).

98 4665 135 4721 ad
150 4664 352 4737 paenitentiam
367 4665 511 4736 provocet.
529 4662 692 4732 Doctorem,
709 4660 815 4732 inquit,
833 4665 920 4733 atquc
974 4664 1008 4717 lit
1018 4662 1125 4718 idcirco
1135 4660 1267 4734 quiahoc
1278 4661 1418 4731 lecerunt,
1431 4658 1549 4714 tamdiu
1561 4660 1718 4734 disperire
1727 4661 1804 4717 donec

97 4753 275 4827 discipulum
287 4755 321 4810 de
336 4751 533 4809 tabernaculis
542 4750 643 4815 Jacob,
657 4751 716 4806 eive
726 4749 773 4806 ille
784 4750 920 4806 sacerdos
974 4751 1179 4820 humilientur,
1191 4749 1236 4807 vel
1245 4749 1419 4822 captivitatis
1428 4748 1661 4819 injuriat-eleb
1671 4749 1804 4808 consacr-

96 4842 146 4912 οἱ),
162 4843 222 4900 sive
237 4842 341 4911 laicus,
359 4858 418 4898 une
433 4839 637 4897 maledictione
653 4839 802 4907 ferientur,
817 4844 846 4894 et
861 4856 918 4895 rron
974 4841 1047 4896 tiam
1063 4845 1270 4912 peccatorum:
1297 4844 1324 4895 ct
1340 4837 1535 4911 prujmisntnr
1551 4838 1592 4895 de
1610 4836 1802 4898 tabernaculis

95 4933 153 4990 erit
166 4934 196 4989 in
211 4933 253 4989 eis
269 4948 359 5004 paene
376 4929 541 4995 diversitas,
556 4929 586 4982 in
603 4927 711 5000 quibus
723 4933 840 5001 peccata
850 4933 920 4984 sunt
973 4930 1072 4998 Jacob,
1083 4931 1270 4985 uadestructo
1280 4927 1494 5000 temptantque
1504 4924 1612 4998 altari,
1626 4942 1802 5004 nequaquan

95 5021 186 5094 paria.
203 5022 239 5077 lli
252 5022 423 5078 otlcrentem
444 5034 554 5074 munus
572 5016 693 5073 llcmino
717 5018 917 5074 exercituum:
973 5016 1460 5092 spudeosolieraatnrhostiaeidi.
1474 5015 1601 5092 bestiae]
1615 5020 1679 5078 Nec
1699 5021 1802 5077 bacea·

94 5111 281 5180 subauditur,
294 5109 445 5182 disperdat
456 5108 632 5164 Dominusot
641 5122 720 5179 eum,
738 5108 788 5181 qni
800 5125 852 5179 pro
864 5107 917 5163 hu·
973 5107 1140 5179 planeticos
1148 5107 1276 5164 contenti
1288 5105 1369 5181 (quia
1377 5105 1461 5162 rodas
1469 5104 1588 5179 [titini]
1600 5108 1804 5183 interpretetur

89 5195 633 5271 jascemodihominibusvolueritad
649 5194 917 5252 nltaremunusol·
972 5197 1083 5254 Domini
1101 5196 1247 5269 conserto)
1277 5195 1312 5255 ed
1344 5193 1549 5267 penitentem,
1577 5197 1801 5274 intelligentiam

94 5288 179 5359 lsrre,
191 5305 317 5362 qaorum
332 5289 427 5344 solum
438 5285 599 5343 remedium
612 5290 668 5353 est,
681 5301 739 5341 aon
750 5287 844 5342 lacere
854 5303 918 5358 qua
973 5288 1164 5352 transierunt,
1174 5285 1225 5357 qui
1237 5290 1393 5356 postquam
1407 5282 1573 5340 Dominum
1589 5289 1800 5346 contessasest

94 5376 235 5435 mearunt.
248 5378 372 5443 Quidam
383 5376 462 5431 hunc
472 5376 568 5432 locum
580 5373 856 5448 nonintelligentes,
866 5392 918 5432 neo
972 5375 1047 5435 m
1061 5376 1086 5432 si
1097 5374 1266 5448 peccaverit,
1281 5370 1535 5430 abominationem
1560 5375 1643 5434 lacit
1664 5378 1696 5435 in
1717 5371 1798 5437 lsrael

94 5464 218 5522 scientes
233 5466 361 5523 historia
371 5465 533 5530 veritatem,
554 5464 582 5518 id
601 5465 677 5535 quod
691 5465 747 5520 eit:
761 5465 856 5520 Nonne
865 5483 916 5536 pa·
973 5470 1001 5521 et
1011 5464 1041 5520 iu
1051 5464 1226 5530 ierusalem,
1236 5463 1266 5518 iu
1287 5480 1375 5519 seusu
1387 5461 1504 5517 vidente
1517 5467 1633 5539 Deum,
1647 5467 1797 5525 etinrisic

128 5604 170 5671 (α)
184 5604 265 5662 Unus
278 5623 346 5673 ms,
363 5605 454 5663 latore
468 5605 722 5678 cennomannis.
973 5610 1003 5665 in
1017 5608 1060 5664 bis
1075 5622 1137 5681 aare
1152 5607 1221 5680 Gyri
1229 5622 1239 5669 ,·
1255 5607 1285 5662 et
1299 5606 1525 5676 consequenter,
1543 5618 1617 5666 sant
1633 5624 1761 5669 reverse.

45 5689 49 5695 ·
127 5673 168 5747 (b)
177 5673 257 5733 Idem
267 5676 370 5750 Regin.
380 5691 435 5732 ms.
447 5674 494 5729 cui
504 5681 533 5731 et
544 5675 689 5736 Victorius
702 5676 860 5748 consentit,
870 5678 917 5735 sed
