3840 6098
105 309 167 378 eet

390 310 765 381 doduuttraateaunt
787 315 826 376 ΙΝ
848 308 1097 375 dzttufltttttttt
1120 311 1194 373 LlB.
1219 313 1298 390 Xlll,
1323 312 1410 375 CdP.
1433 308 1539 378 XLIV.

1675 305 1814 384 ,ffl

109 449 200 507 duam
212 447 318 507 debent
328 450 492 507 sacerdotes
503 450 620 515 ducere,
633 467 696 522 quae
706 453 804 504 tamen
816 445 936 503 aterius
952 448 978 511 Α
992 445 1146 517 Evangelio
1163 447 1217 500 sori
1222 453 1303 519 ptum
1319 452 1381 502 est:
1398 446 1567 503 Sacerdotes
1576 445 1606 502 in
1622 445 1732 520 templo
1747 447 1814 504 aab·

109 539 270 596 sacerdotis
286 557 358 595 uxor
383 539 487 606 fuerit;
513 539 665 594 scientiam
689 536 830 602 videlicet,
848 550 936 607 quam
991 535 1092 589 batum
1108 535 1226 602 violant,
1242 540 1270 591 et
1284 536 1395 608 absque
1411 536 1497 608 culpa
1513 541 1580 591 sunt
1595 538 1684 608 (nott.
1700 555 1751 607 xu,
1765 537 1814 609 5:)

110 628 186 685 alius
203 629 252 683 Dei
265 626 359 684 cultor
369 617 520 684 invenerit.
533 629 631 698 Neque
644 627 722 682 enim
734 644 808 681 nova
822 628 937 680 tantum
992 640 1050 677 non
1064 624 1218 679 sabbatum
1231 626 1289 693 Dei,
1302 628 1350 680 sed
1363 626 1518 680 sabbatum
1535 626 1646 694 litterae,
1660 626 1815 683 sabbatum

108 717 237 773 contenti
254 717 395 772 debemus
410 734 474 772 esse
486 717 629 784 doctrina,
644 717 693 771 seri
711 721 738 770 et
753 720 878 770 veterem
890 729 938 766 ex·
992 712 1170 779 Judrnornm,
1188 715 1264 784 quod
1281 720 1357 770 recte
1371 714 1480 769 violant
1496 714 1545 786 qni
1567 720 1637 770 sunt
1651 732 1744 788 genus
1758 714 1816 772 ele·

108 805 213 875 colere,
225 811 361 861 etnostro
366 806 490 878 jungere
501 805 697 870 comitatui‚ai
709 803 938 859 tameninsacro
993 805 1082 864 ctum,
1109 804 1214 873 regale,
1243 803 1430 858 sacerdotale..
1453 804 1540 858 Porro
1565 804 1719 860 sabbatum
1738 806 1815 876 quod

108 893 188 950 cultu
205 893 294 949 luerit
305 894 428 950 erudita.
442 895 606 950 Sacerdotis
619 911 736 965 quoque
751 892 880 948 officium
895 894 939 945 est
993 891 1206 946 sanctificatum
1223 897 1276 955 est,
1294 892 1364 947 illud
1381 891 1590 963 intelligamus,
1606 894 1683 964 quod
1699 898 1728 949 et
1742 896 1817 965 Apo·

109 979 940 1055 docerepopulumquidintersanctumetpollutum,inter
994 978 1084 1034 stolus
1099 981 1191 1043 docet,
1208 980 1341 1036 relictum
1357 998 1420 1037 esse
1431 981 1538 1053 populo
1552 982 1612 1048 Dei,
1624 983 1659 1037 de
1674 999 1731 1054 quo
1745 982 1817 1038 dici·

109 1073 254 1126 muudum
271 1076 299 1126 et
318 1072 506 1126 immundum
518 1072 613 1127 sittut
627 1072 709 1144 prius
727 1071 887 1126 reseramus
903 1066 939 1121 ad
993 1071 1060 1122 tur:
1077 1068 1106 1123 Si
1122 1068 1274 1124 intrabunt
1288 1070 1318 1124 in
1334 1071 1465 1141 requiem
1481 1072 1643 1142 meamll'a.
1660 1088 1734 1140 xciv,
1752 1073 1781 1125 lt
1797 1073 1817 1144 :l

107 1158 943 1232 dogmatasecundumadoperaquaepercarnemofficina·
994 1158 1070 1228 quod
1087 1159 1225 1214 Hebraico
1244 1161 1282 1230 (b)
1295 1160 1436 1215 salictum
1456 1160 1633 1215 nominatur.
1650 1160 1819 1216 Sanctificat

105 1251 165 1304 tur.
177 1248 291 1304 Delicta
301 1248 379 1305 enim
393 1249 459 1321 quis
471 1248 608 1321 intelligit
619 1249 740 1320 (Pavnr,
751 1248 810 1317 l3)?
827 1248 937 1302 Etcum
995 1252 1092 1301 autem
1109 1248 1264 1302 sabbatum
1289 1249 1347 1314 Dei,
1365 1249 1414 1320 qui
1431 1266 1487 1304 non
1507 1253 1601 1320 portat
1615 1266 1691 1305 onus
1707 1250 1819 1321 peccati

106 1335 197 1391 luerit
211 1337 412 1392 controversia
427 1337 462 1392 de
478 1337 557 1392 omni
574 1354 613 1403 re,
631 1337 690 1391 sive
706 1342 738 1391 ut
749 1336 939 1409 Septuaginta
996 1336 1022 1390 in
1037 1336 1167 1407 subbato,
1180 1354 1231 1391 nec
1243 1337 1313 1392 dicit
1325 1356 1331 1392 ε
1344 1337 1425 1393 Sicut
1436 1355 1509 1393 ontis
1520 1355 1606 1410 grave
1616 1343 1738 1410 gravata
1751 1345 1820 1395 sunt

105 1424 332 1494 transtulerant,
346 1428 500 1496 conquirite,
517 1426 572 1480 hoc
596 1431 640 1480 cst
663 1426 739 1496 quod
765 1425 800 1479 ad
818 1423 939 1479 mortale
995 1443 1083 1497 snper
1099 1444 1144 1480 mo
1160 1428 1214 1496 (Pa.
1231 1444 1336 1496 xxrvu,
1352 1427 1392 1497 5.)
1415 1427 1468 1492 Oui
1483 1427 1550 1482 talis
1567 1432 1620 1497 est,
1638 1445 1695 1483 uon
1711 1427 1821 1500 colligit

106 1514 713 1586 pertinetcrimen,stabuntsaccrdotesin
721 1513 842 1583 judiciis
856 1511 938 1580 meis,
994 1515 1119 1588 lignain
1140 1516 1280 1580 sabbatn;
1311 1532 1363 1571 nec
1392 1515 1604 1587 superaedificat
1629 1517 1820 1572 fundamento

105 1604 142 1656 nt
158 1619 214 1657 non
228 1602 361 1672 judicent
376 1604 537 1657 secundum
562 1603 712 1673 honorem,
728 1619 780 1657 nec
797 1602 941 1673 accipiant
994 1605 1064 1659 iesu
1083 1604 1199 1672 Christi,
1212 1604 1301 1677 ligna,
1315 1606 1425 1672 fenum,
1437 1605 1577 1677 stipulam
1589 1606 1611 1676 (l
1624 1608 1685 1662 Gor.
1702 1606 1755 1677 m):
1768 1622 1820 1661 nec

104 1706 265 1762 monam
284 1690 430 1762 pauperie,
446 1690 506 1745 sive
517 1690 614 1746 divitis
625 1691 786 1760 injudicio:
801 1691 851 1746 sed
864 1694 941 1745 stent
996 1695 1128 1748 accendit
1139 1693 1235 1765 ignem
1246 1693 1295 1765 qui
1306 1692 1441 1748 inutilem
1452 1698 1607 1749 consumat
1617 1694 1781 1766 materiam,
1792 1699 1821 1750 et

102 1777 137 1834 in
152 1778 273 1847 judiciis
288 1779 349 1847 Dei,
364 1783 392 1834 et
407 1781 593 1834 recordentur
618 1779 697 1834 illius
719 1780 823 1852 psalmi
839 1797 845 1833 :
864 1779 940 1834 Deus
956 1815 980 1879 B
996 1781 1042 1835 die
1058 1779 1172 1836 sabbati
1188 1781 1217 1835 in
1233 1798 1291 1836 uno
1307 1785 1457 1853 permanet
1473 1780 1535 1835 loco
1550 1790 1566 1835 .·
1579 1797 1632 1835 nec
1648 1780 1725 1836 foras
1739 1797 1821 1853 egre·

103 1867 191 1924 stetit
205 1868 235 1922 in
260 1884 407 1939 synagoga
430 1868 563 1934 deorum,
586 1869 615 1923 in
640 1869 735 1924 medio
756 1874 855 1924 autem
870 1868 940 1923 deos
999 1869 1087 1938 ditur,
1097 1870 1145 1924 sed
1159 1869 1243 1940 quasi
1259 1869 1395 1925 columna
1409 1868 1439 1924 in
1451 1868 1558 1939 templo
1570 1868 1619 1924 Dei
1633 1867 1745 1940 positus
1758 1886 1822 1943 per-

104 1955 253 2026 dijudicat
270 1957 325 2027 (Ρι.
344 1973 436 2020 cxxxi,
453 1956 492 2023 l,)
507 1957 578 2012 deos
593 1957 745 2029 appellans
765 1958 813 2029 qui
831 1957 942 2011 habent

100 2044 260 2115 judicandi
276 2046 312 2100 de
326 2045 497 2100 hominibus
511 2049 703 2118 potestatem:
719 2047 768 2118 qui
782 2047 811 2101 in
826 2047 944 2118 quuju-

104 2133 190 2187 dicio
201 2133 405 2202 judicaverint,
418 2134 602 2205 judicabitur
617 2135 653 2190 de
667 2135 709 2190 eis
724 2135 798 2207 (dict.
814 2135 878 2205 vn.)
893 2135 944 2189 Le.

103 2237 174 2294 ges,
191 2221 298 2292 inquit,
315 2238 395 2277 meas
411 2226 439 2277 et
454 2226 597 2295 precepta
611 2240 677 2278 mea
691 2223 719 2277 in
736 2224 877 2279 omnibus
893 2241 940 2279 so·

102 2309 316 2365 lemnitatibus
340 2310 414 2366 meis
438 2312 614 2376 custodient,
631 2316 662 2366 ut
690 2312 943 2384 sciantquomodo,

102 2397 198 2454 nobis
210 2398 344 2454 Christus
355 2398 465 2454 Pascha
475 2400 709 2466 sitimmolatus3
722 2402 869 2472 quomodo
881 2418 944 2473 sep-

100 2490 173 2542 tem
191 2485 389 2543 hebdomadas
404 2487 527 2559 implere
553 2489 712 2543 debeamus
738 2489 837 2560 gaudii
856 2494 944 2560 atque

96 2574 261 2639 laetitiaect
272 2574 428 2631 humiliare
440 2576 555 2632 animas
567 2582 683 2632 nostras
696 2577 725 2631 in
734 2577 942 2649 jejunio',clan-

99 2679 271 2737 gorcmquc
286 2665 422 2719 tubarum
438 2664 599 2737 intelligere
612 2670 639 2721 et
650 2666 839 2739 scenopegias
855 2667 940 2738 spiri·

101 2750 220 2818 tuales,
232 2752 259 2806 in
272 2752 514 2823 quibusdicimus
527 2771 533 2808 :
549 2754 666 2809 Advena
677 2771 743 2809 sum
755 2772 807 2827 ego
820 2760 848 2809 et
860 2772 941 2826 pere·

99 2840 218 2914 grinus
232 2839 307 2895 siout
322 2857 424 2897 omnes
440 2846 537 2913 patres
553 2843 610 2897 mei
626 2845 681 2913 (Pe.
693 2860 813 2909 xxxvm,
829 2846 881 2915 13.)
895 2848 942 2899 Hcs

99 2933 185 2986 sunt
193 2945 264 2984 vara
275 2929 475 2986 solemnitates
488 2931 624 3001 liei,quas
634 2933 863 3003 consequentius
874 2934 942 3004 quis

101 3017 342 3073 Pentateuchum
355 3018 502 3075 disserens
513 3019 762 3091 interpretabitur.
774 3022 874 3076 Prima
885 3023 943 3077 vir-

100 3111 166 3162 tus
178 3111 224 3161 ast
237 3106 408 3177 sacerdotis,
420 3124 478 3162 non
494 3112 609 3162 tantum
626 3108 728 3164 docere
743 3127 807 3181 quaa
821 3110 941 3178 noverit,

1001 1960 1107 2024 manet,
1124 1974 1212 2029 snper
1233 1974 1290 2029 quo
1314 1958 1442 2013 Joanncs
1463 1957 1564 2012 scribit
1582 1957 1611 2011 in
1627 1957 1821 2030 Apocalypsi:

999 2047 1052 2109 Qui
1068 2046 1177 2114 vicerit,
1194 2046 1297 2101 faciam
1312 2046 1395 2101 illum
1412 2044 1578 2102 columnam
1602 2046 1630 2100 in
1651 2046 1759 2118 templo
1775 2045 1824 2102 Dei

999 2135 1066 2200 mci,
1084 2140 1112 2190 et
1128 2135 1204 2191 ieras
1221 2152 1279 2190 non
1295 2135 1460 2207 egredietur
1474 2134 1823 2207 ampliuslrlpoc.111,12.l

998 2225 1138 2295 Quodque
1153 2223 1301 2295 sequitur:
1318 2225 1354 2280 nt
1376 2224 1411 2278 ad
1434 2231 1584 2279 mortuum
1600 2224 1749 2280 hominem
1765 2240 1823 2280 non

998 2312 1208 2384 ingredientur,
1231 2330 1268 2367 ne
1292 2311 1476 2382 polluantur:
1503 2313 1617 2384 proprie
1636 2312 1825 2369 sacerdotalis

999 2401 1087 2455 officii
1098 2407 1153 2466 est,
1166 2401 1321 2456 morticina
1330 2418 1387 2455 non
1399 2405 1563 2472 tangerem
1574 2402 1622 2472 qui
1636 2419 1687 2472 pro
1699 2401 1823 2457 aliorum

998 2489 1077 2545 vitiis
1094 2491 1275 2561 deprecatur,
1284 2489 1345 2561 ipse
1359 2490 1393 2544 ad
1406 2489 1496 2544 altare
1508 2490 1636 2545 mundus
1647 2491 1774 2545 accedat.
1784 2490 1824 2545 De

999 2579 1107 2650 quibus
1123 2579 1247 2633 mortuis
1261 2583 1290 2632 et
1304 2576 1434 2632 Salvator
1448 2576 1577 2649 loquitur
1597 2577 1627 2631 in
1647 2577 1822 2650 Evangelio:

999 2667 1117 2721 Dimitte
1140 2671 1272 2721 mortuos
1297 2668 1328 2720 ist
1352 2665 1494 2737 sepeliant
1514 2671 1645 2721 mortuos
1661 2667 1738 2722 SM
1754 2682 1824 2722 suos

999 2756 1102 2829 (Mettis.
1115 2773 1177 2820 vm,
1188 2757 1245 2828 22.)
1259 2755 1308 2811 isti
1317 2755 1553 2810 contaminantur
1564 2755 1593 2810 in
1606 2760 1686 2826 patre
1698 2759 1823 2827 mortuo,

999 2845 1116 2917 quando
1133 2844 1303 2916 relinquunt
1325 2845 1489 2900 Creatorem
1517 2860 1603 2898 suum
1618 2859 1625 2898 τ
1643 2843 1716 2898 etin
1731 2848 1825 2900 matre

999 2936 1124 3000 mortua,
1140 2934 1175 2988 de
1191 2933 1320 2989 Ecclesia
1336 2934 1522 2988 recedentes:
1539 2932 1568 2987 in
1590 2930 1649 2986 filio
1666 2936 1826 3004 quoquest

1000 3021 1070 3090 filia,
1082 3024 1158 3094 quod
1172 3022 1250 3077 aliud
1263 3023 1298 3077 ad
1315 3022 1516 3093 cogitationes,
1527 3021 1606 3075 aliud
1618 3022 1653 3076 ad
1665 3037 1753 3093 opera
1764 3038 1826 3092 par·

999 3111 1082 3173 tinet.
1099 3112 1176 3182 quod
1190 3111 1403 3183 significantius
1414 3110 1511 3166 Graece
1522 3108 1672 3165 diciturrrl
1684 3109 1769 3178 νοητὰ
1779 3106 1824 3163 καί

101 3194 166 3251 sed
182 3210 282 3250 omnes
296 3194 347 3250 Dei
364 3196 534 3252 testivitates
550 3197 708 3265 custodire,
725 3204 757 3254 ut
771 3199 866 3270 possit
878 3198 944 3256 aliis
959 3182 981 3249 C
1001 3198 1124 3268 αἰσθητά.
1156 3201 1285 3255 Fratrem
1301 3216 1417 3272 quoque
1442 3203 1470 3253 et
1494 3214 1635 3268 sororem,
1656 3197 1708 3270 qui
1722 3198 1824 3253 eodem

101 3282 305 3340 custodienda
319 3284 475 3356 precipere
490 3303 553 3356 qua
567 3289 595 3341 et
605 3285 667 3357 ipse
678 3287 880 3342 observaverit.
892 3289 944 3342 Sa·
1001 3294 1120 3344 renatus
1135 3295 1180 3344 est
1194 3287 1309 3360 spiritu,
1322 3289 1346 3344 si
1361 3287 1505 3360 putaverit
1516 3292 1675 3354 mortuum,
1688 3287 1827 3342 contami-

100 3371 262 3428 nerdotum
274 3375 371 3427 autem
383 3372 590 3429 officiumesse
600 3372 673 3446 legis
683 3375 944 3439 haberenotitiam‚
1002 3382 1089 3432 natur
1104 3380 1132 3432 in
1148 3392 1197 3432 eo:
1215 3377 1255 3431 ita
1268 3377 1418 3432 dumtaxat
1432 3376 1455 3430 si
1473 3375 1645 3443 sororvirgo
1656 3391 1826 3446 permanse-

100 3465 139 3518 οἱ
155 3459 186 3515 in
203 3459 348 3515 Malachia
362 3461 515 3529 discimus,
533 3464 582 3534 qui
599 3463 659 3518 ait:
677 3464 767 3519 Labia
782 3467 947 3521 sacerdotis
1002 3467 1049 3531 rit,
1066 3483 1118 3520 nec
1134 3464 1224 3520 ullius
1247 3464 1301 3519 viri
1324 3465 1410 3519 luerit
1436 3463 1583 3517 maculata
1606 3460 1769 3534 complexu.
1786 3463 1828 3517 Ex

101 3547 278 3605 custodient
288 3548 484 3618 scientiam,et
493 3551 587 3623 legem
599 3553 750 3622 requirant
760 3556 924 3625 exorecjus
938 3574 945 3611 ε
1002 3555 1110 3626 quibus
1123 3554 1316 3626 intelligimus
1328 3553 1510 3625 privilegium
1523 3549 1674 3624 virginale,
1687 3551 1764 3621 quod
1776 3567 1827 3605 ou·

100 3637 183 3710 quia
197 3635 320 3709 angelus
334 3639 447 3693 Domini
463 3639 644 3696 exercituum
661 3647 705 3696 est
719 3644 797 3709 (Mol.
823 3661 854 3711 n,
869 3647 910 3714 7.)
998 3643 1121 3714 juslibet
1129 3644 1182 3698 viri
1194 3647 1355 3708 contactus,
1368 3642 1524 3713 perlectam
1537 3639 1825 3711 auleratpuritatem,

146 3725 287 3796 (Verszb
301 3728 397 3799 seqq.)
407 3729 440 3782 Et
449 3729 561 3784 subdote
577 3746 637 3786 mco
651 3731 902 3803 sanctificaturam
912 3735 947 3789 nd
1002 3749 1065 3803 quae
1083 3739 1179 3786 utrum
1194 3738 1280 3791 recte,
1297 3746 1448 3802 perperam
1470 3744 1507 3782 ne
1530 3727 1607 3782 dicta
1626 3726 1694 3794 siut,
1710 3726 1827 3784 lectoris

102 3816 191 3874 “2
200 3814 337 3871 ”tertuum
347 3817 485 3872 heminam
495 3835 550 3873 non
560 3820 800 3889 immittebatque
808 3823 947 3892 pottoon.
1001 3822 1121 3875 arbitrio
1133 3818 1464 3890 relinquamusllaturae
1473 3830 1589 3886 quoque
1601 3815 1752 3886 superheo
1764 3833 1827 3887 pro

104 3915 163 3961 tur
186 3903 247 3973 (pro
270 3920 328 3976 quo
352 3906 543 3978 Septuaginta
567 3908 791 3970 transtulerunt.
816 3919 842 3965 et
862 3927 946 3982 anper
1001 3910 1088 3964 batur
1104 3908 1234 3972 allectus,
1252 3911 1283 3960 ut
1296 3906 1397 3960 ordine
1410 3904 1560 3959 eharitatis
1572 3903 1656 3973 juxta
1669 3904 1746 3974 quod
1758 3904 1827 3959 scri·

108 3991 241 4047 animm
252 3993 371 4048 bominis
393 4011 449 4050 aon
472 3996 673 4066 inpredieutar,
700 4014 733 4052 nc
751 3999 944 4071 polluentem)
1001 4002 1085 4071 ptum
1101 4000 1164 4051 est:
1181 3996 1319 4050 Ordinate
1335 3995 1364 4047 iu
1380 4009 1426 4048 me
1448 3991 1620 4048 charitatem
1637 3994 1726 4061 (Cant.
1740 4010 1770 4062 u,
1787 3994 1825 4064 l‚)

102 4079 348 4152 nakc'adpntrem
365 4082 472 4155 inquit,
497 4095 522 4140 ct
545 4089 671 4152 matrem,
698 4086 829 4155 filiamct
843 4089 946 4175 filiam,
1000 4089 1178 4159 postrorum
1201 4088 1351 4155 parentem
1375 4083 1475 4150 Deum,
1496 4081 1592 4136 carnis
1613 4097 1729 4153 quoque
1744 4086 1826 4154 pater

102 4172 261 4241 {ramnes
274 4185 396 4226 sororem
406 4187 469 4242 quoe
479 4173 568 4227 vinam
578 4190 634 4228 oon
647 4175 754 4246 debuit,
766 4175 804 4247 (u)
815 4180 945 4232 contami·
999 4173 1139 4247 diligatur
1154 4176 1183 4227 et
1197 4175 1304 4239 mater3
1322 4169 1400 4226 filius
1422 4175 1450 4226 et
1474 4170 1533 4225 lilia
1547 4191 1556 4238 ,·
1572 4170 1660 4226 frater
1675 4173 1704 4226 et
1718 4187 1801 4227 soror
1816 4188 1823 4239 ;

101 4257 269 4314 natantur.
286 4261 323 4314 Et
336 4263 480 4331 postquam
495 4264 581 4332 suerit
594 4263 752 4334 intendatur,
768 4274 868 4332 septem
887 4267 945 4322 dica
999 4264 1040 4319 ita
1056 4264 1207 4318 dumtaxat
1218 4262 1242 4317 si
1252 4261 1288 4317 da
1303 4261 1390 4316 domo
1405 4277 1463 4315 non
1479 4259 1646 4329 exierit‚nec
1662 4259 1691 4313 in
1703 4258 1823 4315 alterius

100 4347 335 4403 numerabantur
344 4350 380 4414 ei,
389 4355 417 4404 ct
426 4351 455 4404 in
467 4350 511 4406 die
524 4352 654 4406 introitus
664 4353 710 4406 sui
717 4353 747 4406 in
756 4355 945 4410 academiam
998 4351 1503 4423 transieritpotestatem.Postquam
1516 4352 1611 4403 autam
1622 4348 1824 4403 sacerdoslue·

102 4444 136 4492 et
149 4435 188 4490 cd
203 4437 306 4491 amam
320 4439 450 4504 interiet,
461 4440 717 4495 atminiatretmtlti
730 4443 761 4494 in
775 4445 943 4513 sanctuario,
999 4441 1037 4495 rit
1051 4440 1228 4496 emundatus
1239 4437 1452 4511 purificationis
1463 4438 1640 4507 ordineque
1656 4434 1685 4489 in
1697 4434 1823 4491 Mosaica

103 4523 208 4596 offeret
221 4541 270 4596 pro
280 4531 389 4597 peccato
403 4543 452 4583 rao
476 4529 590 4584 Domino
615 4528 666 4584 Deo
684 4529 755 4599 (sive
770 4531 866 4600 offeret
877 4532 941 4602 pto·
956 4545 981 4610 p
998 4529 1061 4602 lege
1077 4530 1241 4601 conscripta
1255 4531 1309 4596 est,
1326 4530 1436 4599 septem
1453 4526 1515 4581 dies
1538 4524 1771 4579 numerabuntur
1784 4524 1821 4596 ei,

104 4614 270 4685 actionem.)
285 4620 345 4671 Non
360 4617 414 4671 erit
429 4625 521 4672 uatem
535 4619 575 4672 cia
585 4617 750 4688 haeredites:
762 4634 809 4689 cpe
825 4619 939 4677 incredi-
995 4618 1039 4675 vsl
1049 4613 1603 4691 perfectusnumeruspoenitudinis,vel
1615 4617 1822 4684 postconsum-

103 4704 154 4756 ωε
165 4717 273 4767 eoram,
288 4708 316 4759 et
335 4705 516 4774 possessiones
539 4694 601 4760 non]
619 4690 719 4761 debitis
737 4708 777 4761 eia
792 4709 821 4761 in
837 4709 939 4763 lsrael:
996 4700 1821 4776 mationemmundi,quandoadveramtransimusogdoa·

106 4805 160 4859 eqo
171 4793 305 4862 possesso
316 4808 420 4848 corum.
435 4793 537 4848 Adhuc
549 4795 751 4850 sacerdotibus
762 4797 938 4868 praecipitur:
994 4797 1072 4865 dem,
1089 4800 1121 4850 ut
1135 4796 1260 4850 introeat
1283 4799 1385 4849 sancta
1407 4797 1576 4847 sanctorum
1603 4789 1669 4861 (hoo
1683 4792 1728 4844 est
1741 4790 1820 4845 enim

107 4876 143 4933 in
157 4879 267 4951 quibus
280 4880 508 4949 observandum,
520 4884 598 4955 quod
611 4899 667 4938 non
680 4883 784 4939 dixerit
794 4885 938 4942 absolute:
993 4884 1117 4939 interius
1133 4882 1250 4953 atrium)
1266 4886 1294 4937 et
1310 4882 1402 4953 possit
1420 4880 1584 4934 ministrare
1602 4877 1630 4933 in
1653 4876 1820 4934 sanctuario

108 4973 138 5022 a
149 4968 264 5023 ublato
277 4971 508 5040 reedificatum,-
522 4971 564 5026 vel
577 4973 662 5043 juxta
678 4972 782 5027 isaiam
797 4990 803 5028 :
820 4974 939 5031 Neome-
993 4976 1022 5028 et
1036 4971 1262 5043 semperolierre
1273 4986 1324 5040 pro
1335 4974 1450 5040 perroto
1461 4966 1644 5022 conscientiae
1654 4964 1816 5022 victimam:

109 5052 176 5111 nias
188 5059 217 5111 at
230 5057 354 5113 sabbata
367 5061 464 5114 vestra
479 5059 539 5114 odit
553 5059 653 5115 anima
667 5075 733 5114 mea
747 5061 827 5132 (lani.
844 5079 863 5132 1,
881 5063 938 5134 13:)
993 5078 1045 5117 nec
1057 5060 1149 5116 ullum
1159 5057 1386 5130 tempusaitquo
1396 5073 1452 5111 nou
1463 5054 1818 5111 recordeturmaculatum

111 5143 161 5200 aad
188 5159 257 5201 cum
284 5146 483 5214 distinctione,
511 5149 626 5204 subbata
644 5164 714 5204 mec.
745 5148 827 5204 Unde
855 5154 884 5206 at
906 5150 937 5206 in
992 5167 1024 5205 se
1040 5150 1130 5204 luisse
1145 5164 1233 5218 super
1246 5149 1327 5218 patre
1340 5151 1368 5201 et
1381 5149 1482 5210 matre,
1496 5142 1554 5198 filio
1567 5147 1597 5198 et
1609 5141 1678 5211 filia,
1691 5143 1778 5198 fratre
1790 5148 1819 5199 et

146 5338 582 5415 (alvnlg.,quaeulterameiram
591 5359 644 5398 non
656 5343 795 5398 babuerit:
808 5348 936 5401 attamen
989 5348 1029 5401 ait
1044 5345 1174 5400 Dorniaus
1188 5342 1266 5396 Deos.
1422 5410 1427 5419 Ι

110 5411 188 5466 Hiar.
203 5411 234 5467 in
249 5414 381 5469 subnexa
395 5416 583 5487 expositione,
597 5417 622 5469 ai
634 5431 720 5482 soror,
736 5414 842 5487 inquit,
858 5418 935 5488 virpo
1026 5418 1063 5488 (d)
1083 5418 1113 5471 ln
1128 5412 1278 5474 Hebraico,
1290 5409 1386 5482 inquit
1396 5413 1516 5477 Victor„
1526 5413 1672 5491 eatbam,
1685 5409 1816 5465 nensab·

188 5489 300 5555 carent,
316 5501 366 5540 ecc
378 5486 463 5541 allieas
473 5488 623 5613 crispaverit
633 5488 769 5540 irroratum
781 5488 932 5557 receptore.
991 5489 1103 5543 iratum.
1115 5487 1218 5538 Verum
1230 5483 1343 5536 ttieron,
1356 5484 1390 5535 ud
1403 5499 1500 5536 vocem
1511 5487 1627 5552 qnietis,
1638 5496 1700 5550 qua
1710 5481 1815 5537 sabba·

137 5570 186 5610 nm
198 5555 529 5630 Raban.quoque,tnqai
546 5558 934 5615 orcoetominoooteriauto
990 5565 1054 5615 tum
1070 5572 1187 5630 quoqne
1202 5554 1357 5626 significat,
1374 5552 1487 5624 alludit,
1504 5569 1561 5608 non
1576 5567 1676 5607 vocem
1689 5551 1813 5613 sabbati.

111 5630 178 5699 poet
193 5625 297 5684 Victor.
306 5629 343 5685 ad
359 5629 510 5704 vulgatam
525 5629 750 5699 lectionem,pro
762 5633 870 5701 parato
884 5647 933 5688 sao
