3818 6104
96 365 154 432 bil
719 368 752 432 S.
775 367 930 434 EUSEBH
951 366 1174 433 stanneum
1731 366 1791 432 bi!

96 522 112 554 κ
129 503 210 575 ejus:
222 501 252 557 in
263 501 755 576 circuituejussepulcbrumillius.
768 504 876 560 Omnes
886 502 917 558 bi
930 505 958 572 Α
971 503 1025 560 dio.
1042 504 1088 576 (ut
1101 504 1208 561 iterum
1224 502 1259 561 de
1273 502 1480 560 'theodotionis
1494 502 1629 560 Editions
1645 500 1701 560 aab
1715 505 1793 559 aste·

95 614 110 643 n
126 592 544 665 incircumcisi,interfectique
553 593 659 666 gladio.
673 594 914 664 Dederantti'nlp.
970 593 1056 649 riscis
1084 593 1215 649 additum
1244 598 1304 649 est:
1335 594 1387 662 ont
1414 592 1798 665 dederunisepuleraejusin

96 702 111 732 n
128 682 284 753 Dederunt]
299 681 377 737 enim
392 686 531 738 terrorem
558 684 644 754 [Volo.
667 682 743 738 addit
763 683 862 752 suum]
885 682 916 737 iu
970 683 1102 738 lateribus
1116 684 1187 744 laci:
1200 682 1237 755 Χ
1250 685 1276 738 cl
1289 681 1368 756 [acto
1381 686 1421 738 est
1433 683 1605 755 concrepatio
1618 684 1650 737 in
1672 681 1798 736 circuitu

97 793 112 820 n
127 774 205 826 terra
214 771 423 834 virentiumet
434 775 622 843 portaverunt
632 770 822 843 ignominiam
831 787 916 826 suam
969 773 1089 843 sepulcri
1102 774 1170 839 eius.
1193 772 1231 844 ιΧ
1256 772 1354 827 llmnes
1377 774 1424 826 isti
1447 772 1594 838 uulnerati,
1621 769 1798 842 cadentesque

97 881 112 911 e
127 874 194 914 cnm
206 859 253 915 bis
264 859 314 932 qui
324 860 506 915 descendunt
516 860 546 916 in
558 859 653 916 laeum
664 878 671 915 ε
683 861 713 915 in
725 860 820 916 medio
830 859 917 914 inter
970 862 1072 931 plodio.
1098 862 1166 917 Post
1181 877 1245 932 qua
1260 875 1383 933 posuere
1398 861 1600 934 Septuaginta)
1613 877 1620 915 ε
1644 861 1699 929 Qui
1713 858 1796 915 deds-

98 969 113 998 n
129 948 270 1004 sectorum
286 947 373 1019 positi
388 951 466 1004 sunt.
492 948 534 1003 lbi
550 948 667 1004 Mosocb
692 952 720 1002 et
741 946 866 1012 Thubal,
890 951 919 1003 et
971 957 1037 1006 runt
1051 952 1174 1005 risorem
1185 966 1266 1004 snum
1280 951 1309 1003 in
1324 954 1400 1004 terra
1412 950 1487 1006 uita.
1504 949 1544 1004 tbi
1553 950 1661 1015 AElam.
1673 949 1798 1004 domnis

99 1058 114 1087 n
130 1037 228 1093 omnis
244 1035 401 1092 multitudo
416 1038 480 1108 ejus
495 1037 525 1092 in
540 1037 664 1092 circuitu
680 1035 760 1092 illius
784 1035 919 1108 scpulcra
971 1038 1101 1109 fortitudo
1111 1039 1169 1107 eius
1180 1040 1208 1092 in
1219 1038 1338 1093 circuitu
1345 1039 1465 1109 sepulcri
1471 1039 1539 1110 ejus,
1549 1054 1639 1095 omnes
1647 1037 1796 1103 uulnerati,

96 1147 112 1178 n
128 1126 201 1197 ejus.
213 1126 321 1181 Omnes
332 1125 361 1180 hi
373 1125 580 1190 incircumcisi,
597 1124 798 1196 interfectique
812 1125 917 1179 cadon·
971 1130 998 1182 et
1011 1126 1136 1182 cadentes
1150 1127 1264 1196 plodio:
1279 1134 1304 1181 et
1319 1128 1367 1198 oni
1383 1125 1547 1182 assemano
1560 1126 1753 1182 incircumcisi
1766 1127 1796 1180 in

100 1236 115 1266 n
130 1219 175 1271 tes
190 1213 297 1286 gladio,
313 1217 352 1286 (a)
366 1215 417 1286 qui
432 1214 575 1270 dederunt
590 1214 776 1269 formidinem
790 1229 873 1269 suam
888 1213 918 1268 ia
973 1214 1246 1286 terraeprosundnm,
1256 1213 1799 1287 quidedemntlerroremsuuminterra

99 1326 114 1357 u
128 1309 206 1360 mern
221 1305 389 1359 viventium.
416 1304 450 1359 Et
465 1320 522 1359 non
539 1302 686 1358 dormient
700 1320 767 1358 cum
783 1302 917 1373 sortibus,
974 1305 1046 1369 uita,
1062 1310 1088 1359 el
1101 1312 1261 1373 acceperunt
1276 1306 1441 1359 tormentum
1453 1318 1536 1358 sunm
1548 1318 1613 1359 cnm
1627 1303 1672 1358 bis
1685 1304 1737 1374 pai
1750 1301 1797 1358 de·

98 1393 368 1464 «cadentibusque,
394 1398 423 1448 et
447 1392 673 1462 incircumcisis,
696 1391 746 1464 qui
761 1391 918 1447 descende·
971 1391 1799 1462 scenduntinsooenminmediooulncrotorum.lbidnlisant

95 1506 110 1534 n
126 1487 196 1539 runt
208 1483 244 1538 ad
262 1482 408 1538 infernum
424 1498 491 1538 cum
506 1483 597 1538 armis
611 1482 684 1549 suis,
709 1485 737 1536 et
759 1483 919 1552 posuerunt
972 1480 1087 1546 dosoris,
1106 1488 1132 1536 ct
1146 1480 1259 1543 thubal,
1282 1484 1308 1535 et
1331 1481 1420 1535 omnis
1439 1479 1571 1550 tortitudo
1584 1495 1677 1535 eorum
1693 1482 1727 1535 in
1740 1482 1799 1536 cir-

97 1594 112 1623 «
126 1570 239 1646 gladios
248 1588 318 1628 suos
330 1571 384 1627 sab
395 1571 541 1643 capitibus
552 1571 613 1627 suis
625 1589 631 1627 :
648 1577 676 1626 et
688 1560 920 1639 fuerunt'iniqui-
972 1572 1048 1626 cuitu
1062 1569 1183 1640 sepulcri
1196 1570 1264 1640 ejus,
1290 1583 1362 1624 omes
1377 1568 1451 1625 887
1478 1569 1616 1623 i=ulneruti
1639 1569 1709 1640 nus,
1729 1570 1799 1625 uni·

97 1683 112 1713 n
127 1665 203 1717 tates
212 1677 313 1716 eorum
323 1660 352 1714 in
364 1660 482 1716 ossibus
492 1676 603 1724 eorum,
617 1658 685 1731 quia
696 1662 790 1714 terror
800 1657 918 1713 tortium
972 1661 1044 1715 versi
1058 1659 1256 1725 incircumcisi,
1280 1661 1305 1712 et
1319 1657 1456 1713 unlrrernti
1478 1656 1580 1728 plodio,
1602 1659 1653 1728 qui
1665 1656 1800 1714 dederunt

96 1772 111 1801 n
128 1750 196 1806 lacti
212 1754 283 1806 sunt
297 1749 327 1803 in
344 1754 422 1805 terra
432 1749 602 1804 virentium.
620 1749 652 1803 Et
662 1752 693 1803 tu
704 1763 772 1819 ergo
783 1747 812 1802 in
824 1746 919 1802 medio
973 1756 1104 1803 terrorem
1117 1746 1198 1801 selum
1212 1749 1410 1817 superterram
1426 1747 1499 1813 ritca,
1515 1750 1541 1802 et
1554 1760 1610 1801 non
1624 1745 1801 1802 dormierunt

96 1861 112 1891 a
129 1837 401 1894 incircumcisorum
418 1837 587 1903 contereris,
603 1841 631 1893 et
646 1837 774 1892 dormies
789 1853 855 1891 cum
871 1836 918 1889 in·
973 1853 1035 1891 cnm
1049 1836 1206 1906 pipantibus
1218 1835 1434 1906 ouiceeidernnt
1446 1834 1612 1892 nbccterno:
1629 1837 1679 1906 oui
1688 1834 1800 1891 descen·

98 1950 113 1979 n
128 1927 257 1983 tertectis
272 1925 380 1998 gladio.
395 1926 435 1981 lbi
446 1926 583 1995 ldumaea,
595 1930 624 1981 et
637 1942 719 1998 reges
730 1926 804 1996 ejus,
816 1930 845 1980 et
857 1941 921 1980 om·
974 1925 1071 1980 derunt
1096 1927 1124 1978 in
1150 1925 1292 1994 infernam
1313 1939 1376 1977 cum
1390 1924 1476 1979 annis
1491 1924 1588 1994 ouibus
1602 1924 1751 1980 utebantur
1764 1922 1802 1980 ad

99 2038 113 2067 a
130 2032 182 2071 nes
193 2015 281 2071 duces
290 2015 354 2085 ejus
365 2014 415 2085 qui
426 2014 485 2069 dati
495 2020 565 2071 sant
575 2031 641 2070 cum
653 2013 780 2070 exercitu
792 2030 919 2070 suocum
976 2015 1056 2084 bella,
1073 2017 1099 2069 et
1111 2023 1261 2085 posuerunt
1275 2011 1380 2083 plodios
1393 2027 1455 2068 suos
1469 2013 1518 2068 sub
1538 2013 1675 2085 capitibus
1689 2015 1758 2081 suis,
1774 2016 1801 2069 et

99 2127 113 2158 n
128 2103 287 2160 interiectis
302 2103 408 2177 gladio,
436 2108 464 2159 et
477 2104 528 2176 qui
542 2121 609 2159 cum
624 2103 839 2160 incircumcisis
853 2103 920 2159 dor·
974 2105 1124 2174 todasnnl
1134 2102 1397 2172 insinuitnlescorum
1407 2101 1802 2173 inossibuseorum,qniater·

99 2215 115 2245 n
129 2193 268 2260 miscunt,
285 2197 395 2248 etcum
411 2192 457 2248 bis
473 2193 523 2264 qui
539 2194 752 2249 descenderunt
766 2193 855 2264 [anp.
871 2191 920 2247 de·
974 2198 1092 2246 ruerunt
1102 2192 1227 2263 picentes
1242 2191 1272 2244 in
1281 2190 1339 2244 cita
1349 2205 1409 2243 sua.
1422 2189 1454 2243 Et
1464 2192 1494 2243 tn
1503 2190 1532 2244 in
1545 2187 1636 2245 medio
1649 2191 1800 2246 incircum·

99 2304 114 2335 n
130 2280 436 2353 scenduntiinlacum.
446 2283 485 2337 lbi
495 2281 798 2355 principesAquilonis
807 2296 918 2337 omnes:
974 2282 1094 2336 eborum
1107 2281 1268 2345 contereris,
1284 2280 1310 2332 et
1324 2277 1445 2333 donantes
1457 2293 1520 2332 cum
1534 2278 1687 2334 autumatis
1696 2279 1799 2351 plodio.

97 2395 112 2423 u
128 2375 157 2428 et
174 2370 301 2429 universi
316 2371 428 2426 Sidonii
452 2372 520 2443 (siue
540 2373 702 2441 venatores)
729 2372 777 2443 qui
803 2369 919 2426 deducti
975 2370 1016 2425 lbi
1028 2368 1123 2435 Edom,
1136 2376 1163 2423 et
1175 2367 1328 2437 reposcitis,
1344 2373 1369 2422 et
1383 2382 1477 2421 omnies
1486 2367 1625 2438 principes
1638 2368 1737 2437 Assur,
1753 2370 1803 2440 out

96 2483 111 2513 n
126 2465 197 2517 sant
212 2476 278 2516 oum
295 2460 455 2515 interiectis
471 2464 618 2532 paventes,
643 2465 672 2516 ot
687 2462 715 2515 in
731 2477 785 2516 sua
807 2459 920 2515 tortitu-
974 2455 1305 2528 dederuotfortitndinem
1319 2457 1378 2527 ejus
1388 2458 1418 2510 in
1428 2456 1542 2511 uulnere
1554 2454 1660 2528 alodii:
1676 2458 1726 2513 isti
1738 2472 1802 2513 cum

99 2571 114 2602 n
128 2550 196 2606 dine
206 2549 243 2620 (b)
254 2549 379 2615 contusi,
391 2549 461 2621 quia
471 2550 560 2622 [Volo.
571 2550 633 2622 qui]
644 2549 827 2606 dormierunt
839 2547 922 2604 incir·
974 2548 1126 2602 uolneratis
1137 2546 1378 2601 domiiernntcum
1388 2543 1431 2599 bis
1441 2546 1489 2616 poi
1497 2544 1697 2601 descenderunt
1711 2547 1742 2601 in
1756 2549 1802 2618 so·

100 2660 116 2690 n
132 2637 253 2695 cumciai
276 2654 343 2693 cum
369 2637 529 2694 interiectis
552 2637 659 2709 gladio,
684 2642 713 2694 at
735 2639 922 2709 portaverunt
976 2634 1803 2706 neam.lbiprincipesdouilonisomnesunioersimapislro·

100 2749 115 2778 «
131 2725 333 2783 contusionem
348 2743 432 2782 suam
448 2742 515 2781 cum
530 2725 576 2781 his
587 2725 638 2797 qui
648 2726 829 2782 descendunt
839 2725 868 2780 in
879 2723 921 2780 la·
976 2727 1123 2791 tnsbssur,
1134 2727 1182 2797 oui
1191 2723 1389 2780 descenderunt
1399 2723 1537 2779 calamati
1545 2740 1606 2779 cum
1622 2731 1800 2797 terrorem,

101 2837 115 2865 n
132 2831 210 2870 enm.
237 2814 314 2869 Vidit
335 2830 386 2870 eos
405 2814 527 2884 Pharao,
550 2819 579 2870 ct
594 2814 761 2871 consolatus
776 2820 922 2886 estsuper
975 2823 1000 2870 et
1015 2816 1044 2869 in
1058 2814 1221 2885 fortitudine
1235 2829 1285 2868 sun
1299 2813 1407 2883 contusi
1420 2812 1591 2868 dormierunt
1612 2813 1803 2870 incircumcssi

99 2926 113 2954 n
130 2903 266 2960 universa
281 2902 471 2958 multitudine
486 2919 550 2968 sua,
567 2919 630 2974 quae
645 2903 796 2959 interiecta
806 2903 921 2976 estgla-
975 2920 1037 2959 cum
1047 2903 1196 2958 suntnerotis
1205 2901 1307 2973 plodio,
1321 2909 1346 2956 et
1356 2901 1800 2958 abstulerunttormentnmsuum

100 3015 115 3044 n
131 2992 189 3060 dio,
216 2991 340 3057 Pharao,
361 2997 390 3047 ot
405 2992 501 3047 omnis
517 2992 659 3047 exercitus
675 2992 749 3063 ejus,
767 2993 808 3048 ait
823 2992 920 3048 Domi·
975 3008 1038 3048 cum
1051 2991 1273 3048 descendentibus
1287 2993 1316 3045 in
1329 2996 1443 3061 toccum.
1463 2989 1568 3046 Videbit
1579 3006 1623 3045 eos
1638 2992 1759 3061 Pharao,
1775 2998 1802 3048 ct

102 3102 117 3131 n
134 3098 190 3136 nus
202 3081 289 3137 Deus.
301 3080 376 3145 Quia
386 3079 451 3135 dedi
463 3080 511 3152 pol.
524 3080 613 3152 dedit1
625 3085 763 3136 terrorem
777 3080 810 3152 (c)
823 3097 921 3136 meum
976 3081 1190 3138 consolationem
1204 3080 1318 3151 accipiet
1331 3094 1412 3150 snper
1426 3080 1503 3134 ouini
1516 3079 1680 3150 fortitudine
1690 3096 1801 3137 comm:

102 3190 117 3220 n
132 3169 163 3224 in
187 3172 265 3224 terra
288 3167 458 3234 viventium,
483 3173 512 3223 et
526 3168 662 3224 dormivit
676 3168 706 3224 in
723 3170 818 3225 medio
834 3169 920 3224 incir-
975 3172 1116 3225 vulnerati
1128 3170 1219 3239 plotio
1234 3168 1353 3231 Pborno,
1368 3172 1395 3223 el
1408 3170 1497 3224 omnis
1508 3168 1716 3240 fortitudoejus,
1732 3169 1805 3226 dicit

100 3278 115 3308 n
132 3255 329 3313 cumcisorum
345 3272 412 3311 oum
429 3255 589 3312 interiectis
600 3258 676 3313 888
687 3257 795 3328 gladio,
812 3258 921 3314 Pharao
937 3241 959 3304 C
978 3259 1109 3315 Dominus
1124 3258 1204 3314 Deus.
1221 3258 1291 3325 Quin
1305 3255 1379 3312 dedit
1392 3256 1570 3327 formidinem
1583 3258 1729 3329 ejussuper
1741 3259 1802 3313 ter·

101 3366 116 3397 α
131 3349 160 3403 at
184 3346 281 3403 omnis
304 3345 461 3401 multitudo
485 3347 559 3413 eiua,
585 3346 626 3401 ait
645 3346 787 3402 Dominus
805 3349 891 3403 Deus.
909 3370 923 3396 n
978 3364 1038 3402 rom
1053 3350 1129 3414 citae,
1149 3354 1174 3402 et
1187 3345 1304 3402 dormiet
1320 3345 1348 3400 in
1364 3345 1452 3400 medio
1468 3347 1720 3402 incircumcisorum
1734 3360 1802 3400 cnm

100 3435 228 3492 Multum
239 3435 269 3490 in
280 3435 335 3491 boo
346 3434 407 3491 loco
418 3434 610 3507 Septuaginta
620 3435 812 3507 interpretum
823 3435 921 3501 editio,
977 3436 1129 3492 accineratis
1142 3434 1242 3506 plodio,
1259 3433 1368 3489 anruo
1382 3443 1407 3489 et
1417 3437 1506 3489 omnis
1515 3433 1662 3490 multitudo
1670 3433 1741 3506 ejus,
1756 3434 1802 3490 dt·

97 3526 239 3582 etordine
249 3529 277 3580 ot
287 3523 477 3580 translatione
489 3523 646 3589 discordat,
659 3528 688 3579 et
699 3524 832 3596 quadam
845 3525 874 3579 in
888 3541 922 3580 aa
976 3527 1013 3581 cit
1029 3526 1159 3580 Donamus
1174 3524 1255 3579 Deus.
1273 3522 1334 3578 Non
1351 3522 1462 3594 ignoro,
1480 3522 1662 3579 fastidiosam
1677 3521 1739 3578 iore
1755 3524 1804 3580 de-

99 3613 135 3671 de
145 3612 342 3670 'theodotione
351 3613 449 3669 addita
459 3617 537 3668 sunt.
548 3613 629 3669 Unde
638 3629 754 3669 neeesse
762 3612 921 3671 habuimus
976 3612 1062 3670 licata
1072 3613 1172 3669 lectori
1183 3615 1298 3668 tantum
1309 3612 1386 3667 inter
1396 3611 1470 3667 duas
1480 3611 1623 3667 editiones
1633 3611 1803 3684 discrepan-

100 3705 129 3760 et
139 3702 234 3776 ipsam
244 3718 361 3775 ponere,
373 3718 558 3775 nequaquam
571 3704 722 3773 parcentes
732 3699 919 3774 longitudini,
974 3702 1118 3759 tiam.Sed
1133 3702 1203 3774 quid
1221 3700 1324 3756 faciam
1340 3699 1602 3756 calumniatoribus
1615 3699 1699 3768 meis,
1710 3699 1763 3773 qai
1774 3700 1801 3757 si

100 3796 130 3847 et
144 3791 267 3847 studiosi
284 3791 400 3846 lectoria
414 3790 572 3862 diligentia
588 3789 755 3846 servientes.
975 3789 1130 3864 aliquidde
1140 3789 1606 3863 LXXinterpretumtranslatione
1614 3790 1799 3859 subtraxero,

135 3879 216 3934 Lxx,
241 3881 274 3933 Et
288 3880 391 3949 tactum
406 3887 443 3932 est
457 3879 488 3933 in
503 3878 660 3934 duodecimo
684 3895 756 3935 anno
778 3881 809 3934 in
824 3883 921 3951 onirrln
976 3897 1022 3938 me
1037 3881 1213 3953 sacrilegum
1228 3884 1257 3936 at
1272 3879 1381 3951 absque
1396 3879 1501 3935 timore
1512 3877 1625 3936 Domini
1635 3879 1801 3936 vociteran-

98 3966 203 4022 decimo
216 3968 339 4021 mensis:
362 3972 449 4038 tacteus
466 3971 506 4023 est
519 3984 608 4022 sermo
622 3968 734 4023 bomini
747 3968 787 4024 ad
800 3985 861 4024 me:
877 3969 920 4024 di·
975 3972 1033 4036 tur,
1050 3970 1176 4025 maxime
1190 3972 1241 4041 qut
1251 3983 1319 4024 cum
1330 3967 1359 4023 in
1372 3967 1437 4024 fidei
1449 3956 1569 4024 ueritate
1579 3967 1761 4034 discordent,
1771 3970 1801 4024 et

99 4054 920 4129 cens:Filibominis,plcnpesnperrnnltitudinemAEpppti,
973 4057 1198 4114 Manicbaorum
1208 4060 1368 4130 sequantur
1377 4071 1499 4124 errores,
1509 4058 1538 4111 in
1550 4055 1798 4128 enimperitorum

98 4149 126 4197 et
139 4140 269 4197 deducent
284 4141 359 4210 filios
379 4142 438 4212 ejus
457 4146 548 4213 penta
571 4147 693 4199 mortuns
708 4146 738 4199 in
751 4146 921 4216 profondum
975 4147 1089 4202 animas
1099 4150 1291 4214 commovent,
1300 4145 1324 4201 si
1338 4145 1372 4201 de
1380 4145 1468 4201 veteri
1477 4144 1628 4217 quidpiam
1636 4136 1804 4202 monstrare

98 4232 191 4298 larse,
208 4229 242 4285 ad
257 4244 301 4286 eos
316 4230 364 4301 qni
374 4230 541 4286 descendunt
563 4232 592 4284 in
611 4234 717 4302 [ocream
742 4232 841 4303 (Porro
865 4233 921 4288 sub
975 4233 1124 4307 potuerint
1139 4238 1286 4290 mutatum
1303 4233 1522 4304 consuetudine,
1547 4232 1688 4289 libentius
1701 4248 1803 4291 errare

99 4317 247 4376 asteriscis
262 4317 395 4373 additum
411 4322 475 4374 est:
494 4318 579 4388 *Aba
592 4336 664 4391 oona
677 4320 867 4391 pulcherrimo
878 4320 922 4378 de·
975 4323 1137 4395 cupientes,
1153 4339 1242 4395 quam
1259 4322 1371 4395 aliquid
1387 4323 1422 4378 ab
1439 4321 1544 4379 amulo
1559 4339 1660 4378 verum
1676 4321 1802 4380 discere.

97 4407 211 4469 menda:
221 4405 289 4479 >Vct
296 4406 386 4462 dormi
392 4423 454 4462 cum
463 4409 661 4464 incircumcisis
675 4411 685 4468 t
711 4409 839 4464 Rursum
849 4410 920 4466 ordo
974 4411 1135 4468 Etinterim
1143 4412 1390 4484 juxtabistoruam
1402 4410 1575 4467 manifestus
1588 4415 1633 4467 est
1643 4427 1761 4468 maana.
1770 4413 1805 4468 la

98 4494 262 4567 aequitum:
278 4495 311 4550 ln
325 4494 413 4551 medio
429 4496 634 4552 vulneratorum
647 4497 740 4566 plodio
749 4497 848 4554 cadent
860 4515 921 4555 mm
974 4500 1076 4556 eodem
1093 4500 1172 4556 enim
1189 4516 1265 4556 anno
1280 4498 1463 4566 duodesimo,
1481 4500 1552 4554 etin
1568 4499 1680 4568 eodem,
1697 4504 1732 4556 ut
1747 4516 1803 4574 pu·

96 4599 137 4650 eo,
147 4588 173 4639 et
181 4583 298 4640 dormiet
308 4586 396 4640 omnis
407 4584 538 4655 fortitudo
549 4585 618 4656 ejus,
629 4589 654 4640 et
663 4586 755 4641 dicent
765 4586 815 4642 tibi
826 4588 921 4660 pipan-
935 4605 960 4671 D
974 4592 1083 4656 tamus
1093 4605 1205 4659 mense,
1217 4589 1266 4645 sed
1279 4603 1336 4643 non
1348 4591 1377 4642 in
1388 4604 1457 4660 una,
1469 4592 1501 4643 ut
1510 4605 1609 4660 supra,
1621 4589 1745 4657 mensis,
1756 4604 1806 4646 va·

97 4677 146 4740 tes,
163 4675 193 4729 in
206 4673 342 4745 profundo
355 4674 452 4744 fonce,
477 4673 613 4740 descende,
637 4690 689 4746 quo
701 4675 800 4731 melior
812 4691 850 4742 es,
873 4676 918 4733 cle·
974 4694 1039 4733 cnm
1056 4678 1086 4733 in
1100 4676 1205 4749 quinta
1219 4676 1332 4733 decima
1348 4676 1404 4747 dio,
1420 4692 1608 4748 nequaquam
1624 4677 1802 4749 supeera-

96 4761 200 4834 scande,
212 4766 239 4818 et
247 4764 338 4820 dormi
346 4777 408 4818 cum
419 4762 622 4818 incircumcisis
631 4764 661 4817 in
670 4763 758 4819 medio
767 4766 921 4824 ordneroto·
973 4782 1072 4834 raone,
1080 4765 1411 4837 scdsuperiortitudine,
1419 4764 1478 4821 sive
1489 4765 1802 4841 multitudineAEgypti

96 4862 160 4904 mim
183 4852 285 4920 oleato.
310 4853 352 4909 tbi
369 4853 462 4919 Assur,
489 4856 516 4907 et
539 4850 628 4907 munis
650 4855 823 4924 conprepntio
849 4857 918 4927 ejus.
973 4855 1109 4928 planctus
1125 4853 1296 4922 assumitur,
1313 4854 1363 4925 qui
1374 4853 1538 4910 detrahitur
1548 4855 1583 4909 da
1594 4855 1733 4927 superbia
1744 4872 1802 4913 sna

97 4934 411 5013 (Quodqucsequitur:
436 4940 716 5006 ÷llmnesoulncrati
726 4942 765 4998 ibi
774 4942 833 4998 doti
841 4951 916 5012 sunt,
972 4941 1799 5015 cumuniversisitliabussuis,sivegentiumrobustarum

104 5026 397 5101 ÷etsepoteromejns
407 5031 436 5085 in
448 5029 586 5103 proptrndo
597 5029 691 5099 socca,
715 5034 781 5094 ÷et
791 5032 866 5101 [aaa
881 5035 919 5088 est
972 5032 1008 5088 ad
1024 5037 1133 5088 terram
1150 5030 1296 5098 ultimam,
1320 5031 1350 5086 id
1366 5035 1420 5098 est,
1438 5031 1468 5087 in
1483 5031 1661 5104 profundum
1676 5032 1798 5105 interni,

95 5116 266 5185 concrepatio
287 5118 370 5187 ejus:
395 5119 424 5173 in
440 5118 580 5175 Hebraico
595 5133 653 5173 non
671 5117 804 5191 babetur,
829 5121 878 5176 ssd
900 5139 918 5177 a
971 5121 1137 5192 diciturque
1147 5120 1183 5176 ad
1193 5135 1289 5192 regem
1299 5119 1503 5192 AEgypti:0uo
1514 5119 1666 5191 meliores,
1676 5124 1801 5178 utmor

96 5200 287 5273 Septuaginta
300 5203 432 5261 additum
449 5211 503 5262 est.
522 5207 649 5261 Rursum
666 5205 800 5278 dicitur):
818 5208 849 5263 ln
864 5210 916 5264 cir·
970 5213 1029 5264 mm
1045 5209 1183 5265 merearis
1196 5207 1337 5264 evadere?
1350 5210 1422 5263 Cum
1435 5207 1513 5263 enim
1527 5212 1629 5279 Assur,
1646 5213 1676 5264 et
1686 5209 1799 5281 AElam,

94 5291 171 5346 cuitu
181 5289 300 5362 sepulcri
309 5291 367 5363 ejus
378 5307 470 5349 omnes
481 5294 622 5351 vulnerati
633 5297 680 5366 poi
693 5294 917 5368 ceciderantpla·
970 5297 1065 5366 idest,
1082 5284 1186 5368 Persas}
1197 5295 1363 5364 etMosoch,
1379 5296 1428 5367 qui
1440 5295 1670 5369 interpretantur
1679 5296 1798 5372 [lappa-

130 5465 158 5537 (o
185 5466 264 5522 idem
274 5468 346 5548 'ostio
360 5482 412 5538 pro
427 5470 475 5538 oni
490 5469 594 5525 maluit
608 5486 643 5525 ex
658 5469 775 5527 Hebrao
790 5479 830 5532 t).
970 5479 1032 5530 tum
1049 5478 1174 5530 testatur
1188 5474 1217 5527 in
1235 5471 1365 5528 subnexa
1385 5472 1564 5545 expositione
1587 5474 1799 5548 Hieronymus.

129 5536 156 5604 (b
183 5536 408 5609 Rescripsimus.
421 5541 668 5611 postVictoriurn,
679 5541 851 5611 fortitudine,
863 5559 916 5615 pro
1005 5547 1041 5611 (c)
1056 5544 1184 5602 Tametsi
1199 5544 1339 5616 ambigua
1352 5543 1382 5599 in
1397 5544 1509 5600 Hebrao
1529 5561 1584 5600 vox
1599 5549 1651 5617 ost,
1668 5547 1801 5621 Vulgata

93 5620 152 5679 quo
160 5608 378 5691 eratsonnidrne
385 5627 394 5675 ς
407 5626 474 5666 nam
486 5610 712 5683 preterVulgat.
723 5616 753 5669 et
761 5614 915 5671 Hebraum
970 5621 1068 5673 autem
1077 5634 1167 5673 mcum
1177 5615 1309 5690 prelert;
1321 5615 1438 5688 Vicina,
1448 5632 1538 5691 sunm,
1548 5632 1583 5674 ex
1591 5617 1689 5676 Graeco
1699 5616 1798 5695 αὐτοῦ,

91 5680 213 5746 textum
230 5695 272 5738 sue
286 5678 356 5738 olum
370 5682 399 5738 et
413 5680 552 5739 itabanus
562 5680 642 5754 legit,
659 5683 788 5757 sieqnea
799 5684 917 5759 seposi-
970 5686 1084 5746 maluit.
