3840 6098
111 272 176 338 205
413 273 786 339 oouuuurteloeou
809 276 848 336 ΙΝ
871 273 1118 337 succulentior
1140 273 1215 337 ΜΒ.
1240 274 1306 338 vll.
1329 277 1415 338 cle.
1437 276 1516 340 XXI.
1756 278 1817 342 206

107 407 168 462 Alii
181 412 282 464 autem
295 410 370 465 etde
381 409 431 466 illo
442 410 497 466 dici
511 411 609 484 gladio
624 411 820 482 suspicantur,
831 409 868 464 de
883 423 940 479 quo
955 415 981 478 Α
996 425 1059 464 ram
1072 408 1235 464 Jerusalem
1253 435 1260 476 ·,
1287 413 1315 464 et
1334 410 1428 482 primo
1443 411 1572 483 quidem,
1598 416 1630 468 ut
1645 412 1777 468 videatur
1791 413 1819 469 ei

107 498 143 553 in
159 497 320 569 Evangelio
336 498 477 570 scriptum
493 504 555 556 est:
571 500 631 555 Non
646 501 706 555 ceni
716 514 812 570 pacem
831 499 940 553 rniltcre
995 497 1068 552 nibil
1085 513 1179 570 agero,
1197 503 1225 553 et
1241 498 1350 553 frustra
1364 500 1473 555 conari.
1496 499 1546 556 Illo
1562 516 1629 557 vero
1645 502 1816 559 recordante

104 603 194 657 super
208 594 323 654 terram,
348 588 659 661 sacramentales.
684 605 711 657 x,
736 587 802 658 34),
825 589 853 641 et
867 585 940 640 divi·
995 585 1164 658 iniquitates
1187 603 1299 653 eorum,
1324 587 1373 660 qui
1390 587 1418 642 in
1435 587 1563 644 Ecclesia
1586 593 1819 660 commorantur,

105 675 176 730 dere
191 675 275 731 inter
288 691 319 731 se
334 692 452 732 omnem
465 675 729 749 consanguinitatis
744 675 891 741 allectum,
908 678 940 730 ut
994 673 1085 730 immo
1095 674 1180 730 malis
1191 675 1329 747 operibus
1340 676 1483 732 reducunt
1493 677 1673 734 adversarias
1687 681 1815 749 potesta·

104 763 177 818 mali
194 768 344 831 corruant,
355 769 385 819 et
399 765 491 820 sancti
505 770 670 837 resurgant.
682 765 738 821 Sed
748 763 803 820 boc
814 763 939 835 impium
993 765 1037 818 tes
1052 763 1081 817 in
1098 763 1268 818 memoriam
1285 764 1427 820 scelerum
1444 766 1645 837 pristinorum,
1673 767 1817 838 patefiunt

103 857 150 906 est
164 853 289 908 credere
304 853 340 908 de
361 852 457 925 gladio
482 853 651 921 Salvatoris,
676 857 704 909 et
719 869 776 908 non
792 853 888 924 potius
903 851 939 907 de
993 851 1092 906 omnia
1106 857 1225 922 peccata
1237 852 1338 925 populi
1354 857 1382 908 et
1396 853 1586 926 cogitationes
1601 871 1713 926 eorum,
1729 860 1758 912 et
1771 856 1818 913 id·

103 940 238 1005 diabolo,
259 941 311 1012 qui
336 941 453 996 Domini
471 941 499 996 in
515 941 641 998 Ecclesia
656 946 770 1014 sceptra
784 938 937 1007 subvertit,
993 939 1070 994 circo
1085 940 1250 1013 capiuntur,
1271 941 1340 1012 quia
1355 943 1437 997 novis
1451 946 1548 998 vetera
1562 943 1667 999 delicta
1681 944 1817 1001 cumula·

104 1029 156 1099 qui
166 1029 310 1086 interficit
324 1030 487 1086 cunctosin
504 1030 621 1102 populo,
636 1034 665 1086 et
679 1031 779 1100 duces,
794 1033 823 1084 ct
837 1027 939 1101 hospi·
993 1032 1071 1083 runt.
1083 1028 1148 1084 Haec
1159 1028 1355 1101 aliusdirerit,
1368 1031 1452 1086 nobis
1462 1034 1561 1104 coepte
1571 1031 1700 1088 historie
1710 1033 1818 1090 veritas

103 1123 150 1172 tes
171 1117 248 1172 Dei:
277 1123 305 1173 et
322 1123 393 1174 tunc
408 1136 425 1174 a
440 1118 564 1175 [lomina
581 1119 797 1191 comprobatur,
821 1119 937 1189 quando
994 1116 1069 1172 249
1086 1119 1287 1188 persequenda
1301 1123 1355 1174 est.
1371 1122 1453 1188 Cum,
1477 1119 1583 1192 inquit,
1606 1120 1729 1178 dixisset
1743 1120 1819 1179 mihi

103 1205 216 1261 Judam
231 1205 412 1277 proditorem
425 1212 454 1264 et
464 1206 576 1263 similes
588 1209 651 1278 ejus
663 1207 838 1263 subverterit
848 1206 936 1276 (Joon.
993 1220 1089 1260 sermo
1099 1205 1233 1261 divinus:
1247 1206 1400 1278 Propheta,
1413 1208 1454 1262 tili
1465 1208 1604 1278 hominis,
1617 1216 1644 1265 et
1654 1208 1820 1281 loqueread

103 1295 177 1364 xm).
195 1294 251 1359 Qui
267 1302 424 1367 postquam
440 1296 566 1352 eomedit
582 1295 755 1362 buccellam,
772 1295 892 1351 intravit
907 1295 937 1351 in
992 1291 1123 1364 gladium
1140 1297 1168 1348 et
1183 1293 1248 1350 dic:
1275 1293 1406 1364 Gladius,
1432 1295 1557 1369 gladius,
1583 1303 1611 1352 et
1626 1303 1729 1354 cetera
1755 1314 1820 1371 quaa

104 1382 192 1438 illum
208 1387 346 1439 Satanas.
363 1384 593 1457 Duplicaturque
608 1390 636 1441 et
651 1383 938 1457 triplicaturgladiue
992 1381 1144 1453 prophetia
1159 1382 1248 1454 gladii
1260 1383 1465 1451 continentur;
1482 1386 1611 1441 secundo
1624 1386 1717 1443 lactus
1727 1389 1771 1443 e'st
1782 1386 1819 1443 ed

104 1469 340 1538 interfectorum,
367 1476 398 1525 ut
424 1472 553 1527 solvatur
582 1477 733 1545 peccatum
763 1471 935 1539 Jerusalem,
992 1485 1038 1524 me
1053 1486 1149 1527 sermo
1167 1470 1291 1541 Domini,
1308 1471 1426 1528 dicens:
1444 1472 1505 1541 Vis,
1522 1472 1563 1528 fili
1580 1473 1719 1543 hominis,
1744 1475 1819 1532 scire

107 1559 180 1631 quia
191 1560 323 1633 suscepit
334 1561 369 1616 de
380 1577 469 1616 uranu
480 1560 734 1635 Dominiduplicia
744 1564 860 1632 peccata
871 1576 935 1616 sua.
992 1555 1059 1628 quis
1075 1557 1129 1613 iste
1144 1556 1182 1613 sit
1197 1558 1325 1630 gladius?
1349 1566 1376 1614 θῑ
1390 1559 1521 1631 apertius
1536 1552 1691 1631 personam
1707 1560 1819 1618 discere

106 1648 224 1705 Gaudet
234 1653 335 1705 summ
351 1649 493 1705 Dominus
510 1655 538 1706 et
552 1650 690 1716 exsultat,
707 1653 736 1706 et
750 1649 879 1704 hortator
893 1653 938 1704 est
990 1643 1080 1716 gladii
1108 1646 1279 1702 sarientis?
1303 1648 1444 1703 Ausculta
1463 1664 1527 1720 qua
1542 1648 1626 1703 dico:
1653 1664 1728 1720 pone
1743 1649 1819 1707 duas

97 1735 194 1808 gladii
209 1737 369 1806 sarientis,
386 1742 419 1794 ut
432 1738 520 1793 vadat
534 1738 640 1794 sivead
653 1739 812 1804 dexteram,
829 1737 934 1793 sivcad
989 1733 1062 1800 vias,
1087 1740 1119 1789 Ul
1143 1751 1194 1806 per
1217 1732 1283 1790 illas
1306 1734 1422 1808 gladius
1445 1736 1524 1792 venit
1548 1737 1625 1810 regis
1646 1735 1812 1810 Babylonis,

99 1824 269 1889 sinistram,
283 1831 312 1882 et
323 1842 511 1898 quocumque
521 1842 590 1882 eum
604 1827 686 1883 faciei
700 1825 870 1883 sustulerit
884 1843 936 1899 ap·
996 1822 1046 1893 qui
1056 1823 1348 1896 egredieturquidem
1361 1840 1417 1879 uno
1429 1824 1531 1880 itinere
1542 1824 1753 1894 chaldeorum,
1766 1825 1817 1882 sed

99 1914 224 1984 petitus,
253 1920 286 1969 ut
311 1915 472 1970 interiectis
494 1915 591 1985 malie,
620 1920 790 1972 remaneant
803 1916 883 1983 boni,
912 1920 941 1971 et
995 1927 1061 1965 cum
1078 1912 1187 1966 venerit
1197 1913 1405 1983 perdesertum
1417 1916 1446 1968 et
1457 1910 1646 1968 solitudinem
1658 1913 1694 1968 ad
1705 1913 1817 1970 bivium

99 1999 264 2074 impleatur
280 2002 351 2058 illud
366 2005 443 2075 quod
460 2004 604 2076 scriptum
620 2004 697 2061 m
713 2010 775 2061 est:
793 2003 869 2077 Quid
884 2022 939 2076 pa.
995 1999 1078 2051 terre
1101 1997 1224 2063 Arabiae,
1251 2014 1315 2070 qua
1340 1998 1504 2071 appellatur
1527 1998 1655 2055 filiorum
1679 2007 1818 2070 Ammon,

98 2091 148 2145 leis
176 2090 216 2145 ad
239 2096 441 2162 trumentum?
465 2092 532 2148 ιιιίιι
563 2094 694 2150 Dominus
720 2095 830 2163 (terem,
856 2109 938 2161 ιιιιι,
995 2101 1120 2155 quarum
1137 2103 1196 2142 una
1211 2086 1255 2143 via
1269 2086 1432 2143 Jerusalem
1448 2087 1529 2143 ducit
1544 2089 1580 2143 ad
1595 2089 1743 2145 dexteram
1754 2105 1819 2161 pan

99 2178 159 2250 32),
995 2178 1066 2241 tem,
1079 2175 1198 2231 sinistra
1208 2191 1274 2232 vero
1286 2176 1321 2231 ad
1330 2175 1462 2232 Rabbath
1473 2175 1599 2233 liliorum
1608 2179 1742 2247 Ammon,
1753 2193 1817 2250 que

136 2268 233 2339 ittera.
247 2270 283 2323 18
293 2271 388 2341 seqq.)
403 2271 435 2324 dt
448 2271 536 2340 sactus
550 2273 590 2324 est
605 2285 694 2324 securo
710 2272 822 2325 tietuini
836 2269 938 2335 odrae,
995 2268 1039 2318 est
1053 2262 1154 2319 civitas
1170 2264 1349 2337 metropolis,
1366 2269 1394 2320 et
1410 2265 1494 2321 hodie
1509 2264 1710 2338 Philadelphia
1720 2267 1818 2323 nomi-

102 2359 219 2412 ateena:
243 2358 277 2412 Et
291 2361 333 2424 ιιι,
358 2359 401 2428 fili
415 2357 547 2425 hominis,
570 2374 640 2430 pone
661 2358 713 2413 titt
735 2360 805 2415 ιιιιιι
821 2360 889 2425 piae,
914 2362 940 2414 et
995 2356 1104 2408 natur:
1131 2369 1252 2418 memor,
1279 2353 1383 2424 iuquit,
1408 2354 1615 2410 internecionis
1630 2371 1693 2427 quea
1710 2355 1816 2412 accidit

100 2445 202 2520 [vulg.
214 2446 255 2517 ut}
269 2446 479 2516 oeniotptodius
491 2449 563 2516 repis
577 2447 736 2519 Babylonis.
748 2448 785 2502 lle
798 2452 873 2503 terro
883 2463 941 2502 uuo
996 2441 1054 2513 regi
1067 2442 1183 2514 Assyrio
1195 2444 1312 2514 quando
1325 2446 1442 2497 centum
1454 2444 1742 2516 octogintaquinque
1753 2444 1818 2500 mil-

102 2537 286 2604 epredientur
297 2536 378 2590 emto
392 2535 490 2607 [Vulg.
506 2536 617 2606 umbael,
633 2544 658 2592 et
671 2553 757 2591 manu
771 2538 860 2607 cupiet
874 2552 938 2590 con-
994 2528 1043 2600 lin,
1070 2547 1128 2585 uun
1151 2533 1233 2585 nocte
1256 2535 1325 2585 sunt
1351 2546 1435 2598 cesa,
1459 2531 1630 2587 formidabit
1652 2533 1688 2587 ad
1705 2537 1817 2605 partem

99 2625 257 2694 jateram:
271 2625 585 2695 incapitevtaectuttatis
600 2627 736 2696 conjiciat,
757 2627 832 2680 t'tam
845 2640 937 2697 ponae,
993 2619 1140 2674 dexteram
1157 2618 1312 2687 declinare,
1341 2623 1370 2675 et
1393 2619 1434 2674 ire
1460 2623 1560 2675 contra
1585 2620 1817 2677 munitissimam

101 2715 130 2766 at
143 2714 244 2769 reniet
256 2712 367 2784 gladius
382 2713 417 2768 od
432 2713 550 2768 eantur
574 2715 696 2784 filiorum
711 2715 836 2781 Ammon,
862 2718 886 2768 et
902 2714 937 2769 od
992 2707 1174 2775 Jerusalem,
1191 2708 1241 2763 sed
1257 2707 1347 2763 stabit
1361 2709 1390 2764 ia
1406 2707 1469 2779 ipso
1484 2709 1622 2780 compito,
1639 2713 1667 2765 et
1677 2709 1734 2764 ritu
1745 2725 1816 2782 gen·

100 2801 213 2869 ludum,
224 2806 251 2857 et
261 2800 297 2856 ud
304 2801 558 2875 imratemtvmg.
573 2805 601 2857 iu
612 2803 761 2858 Jerusalem
764 2803 772 2876 ι
781 2803 936 2858 munitissi-
992 2795 1030 2850 tls
1042 2813 1101 2852 sure
1112 2796 1262 2852 oraculum
1272 2796 1414 2863 consulet,
1424 2800 1456 2851 ut
1466 2797 1565 2852 mittat
1573 2797 1693 2868 sagittas
1704 2814 1773 2854 suas
1783 2797 1814 2854 in

101 2907 186 2945 mura.
212 2891 298 2946 Stetit
312 2893 387 2946 euim
402 2907 451 2946 rec
465 2892 617 2963 Babylonis
634 2893 663 2946 in
684 2892 766 2957 ticio,
794 2894 824 2946 iu
848 2899 936 2963 cupite
993 2890 1170 2956 pharetram,
1206 2890 1234 2940 et
1262 2885 1451 2941 commisceat
1478 2901 1526 2941 eas
1555 2885 1722 2958 inscriptas,
1756 2887 1816 2944 sive
1913 2914 1918 2919 ·

98 2979 222 3034 duorum
246 2982 357 3035 viarum
381 2979 580 3036 diuinationem
595 2995 732 3052 querens,
758 2981 939 3043 commiscens
993 2973 1122 3045 signatas
1136 2973 1305 3030 nominibus
1316 2973 1510 3046 singulorum,
1522 2977 1555 3029 ut
1564 2973 1815 3047 videetoujusea·

98 3069 774 3140 moruus.lmerropcoauiridolo,actaeonsoluit.
788 3069 937 3126 Adderte·
993 3061 1066 3134 gltta
1089 3067 1180 3133 exeat,
1208 3067 1236 3119 et
1260 3080 1349 3135 quem
1373 3063 1455 3135 prius
1477 3061 1621 3119 civitatem
1644 3063 1746 3119 debeat
1762 3079 1813 3135 op·

99 3174 162 3212 rom
173 3159 232 3230 q'us
241 3160 319 3229 sacto
329 3161 369 3212 est
379 3157 519 3213 ‹tioiuotio
533 3174 616 3230 super
629 3158 791 3225 Jerusalem,
808 3161 837 3212 ut
852 3166 936 3229 ponat
951 3140 972 3208 C
992 3167 1132 3223 pugnare·
1142 3151 1221 3207 Hunc
1232 3157 1329 3208 eutem
1338 3152 1426 3207 Greci
1441 3148 1633 3224 βελομαντιαν,
1643 3152 1703 3208 sive
1714 3145 1814 3227 ῥαὸδο-

99 3249 211 3309 m'ms,
226 3252 258 3302 ιι
273 3248 382 3318 apertat
397 3248 468 3302 051),
482 3246 564 3313 cape,
579 3249 609 3302 ut
623 3247 706 3302 erepet
721 3263 812 3303 mem
822 3247 852 3302 fn
862 3247 928 3301 utu.
986 3236 1097 3310 μαι-,ίαν
1122 3240 1284 3296 nominant.
1308 3240 1499 3313 Interrogavit
1512 3240 1602 3313 igitur
1621 3240 1699 3296 idola
1716 3258 1722 3308 ;
1746 3243 1812 3298 exta

100 3337 167 3404 tntu,
179 3344 212 3392 ut
219 3343 307 3408 ponat
318 3337 519 3390 emolescoutru
527 3344 632 3407 portos,
643 3339 673 3390 ot
688 3339 832 3408 comportet
847 3353 930 3407 oppe—
984 3326 1142 3383 consuluit.
1160 3328 1204 3383 ad
1218 3329 1365 3384 dexteram
1382 3328 1457 3385 lacta
1471 3333 1517 3384 est
1529 3329 1669 3384 divinatio
1685 3330 1761 3400 ejus,
1777 3333 1812 3386 ut

101 3442 167 3490 resa,
191 3432 222 3480 ut
236 3423 352 3494 aedificet
368 3426 546 3480 munitiones.
572 3426 684 3495 Eritque
698 3425 930 3495 quosicoasulens
984 3422 1117 3489 pergeret
1140 3422 1241 3473 eontra
1264 3418 1439 3485 Jerusalem,
1469 3423 1498 3474 et
1526 3423 1709 3490 oppugnaret
1734 3433 1810 3485 eam,

99 3516 206 3583 [rutro
233 3514 380 3569 oraculum
404 3515 433 3567 iu
458 3514 544 3569 ocutis
570 3529 675 3578 eorum,
706 3518 732 3569 ct
755 3514 930 3570 sublatorum
985 3521 1105 3578 aggeres
1130 3510 1334 3578 comportaret,
1363 3507 1468 3562 arietes
1493 3511 1621 3578 poneret,
1650 3506 1807 3561 edificaret

102 3607 188 3658 orium
199 3603 329 3670 imitans,
345 3602 402 3673 ipse
415 3610 507 3657 autem
522 3602 709 3658 recordabitur
724 3603 880 3674 iniquitatis
894 3602 930 3658 ad
985 3594 1173 3659 munitiones.
1203 3595 1363 3664 urbemque
1387 3593 1583 3660 concluderet,
1612 3599 1641 3649 et
1670 3594 1699 3649 in
1728 3593 1806 3650 effide

101 3693 281 3764 captendum.
307 3692 408 3747 idcirco
423 3692 481 3748 lraec
495 3691 562 3746 dicit
577 3693 709 3746 Dominus
723 3693 813 3746 Dete:
832 3693 886 3746 Pro
900 3707 931 3749 ιο
985 3684 1109 3756 aperiret
1120 3701 1151 3739 os
1163 3701 1260 3750 suum,
1273 3687 1300 3738 et
1313 3684 1460 3740 tremitum
1470 3682 1644 3739 exsultantis
1653 3688 1682 3738 ct
1693 3682 1808 3739 ululan-

100 3780 928 3853 mt2⁴„memoriamrevocastistntqmtatespegtra,[vulg.
984 3771 1024 3826 tis
1039 3770 1182 3825 exercitus
1202 3770 1368 3825 concitaret.
1397 3770 1465 3836 Hoc,
1492 3770 1597 3840 inquit,
1623 3768 1743 3835 iaciens,
1764 3769 1807 3824 vi·

102 3871 240 3926 mordnti
254 3871 319 3925 estis
333 3870 488 3940 iniquitatis
502 3870 620 3940 oestrae],
636 3874 661 3924 et
672 3872 810 3925 ιιιιιιιιιιι
824 3885 931 3938 prm.
985 3858 1103 3914 debitur
1116 3857 1330 3913 habitatoribus
1345 3857 1508 3914 Jerusalem
1530 3856 1681 3914 oraculum
1699 3858 1809 3914 frustra

103 3962 252 4016 umbones
267 3961 379 4024 oetam,
408 3963 634 4030 ctoppuruerurrt
653 3961 766 4029 peccata
790 3961 879 4013 uestra
902 3959 933 4012 in
987 3946 1154 4014 consulare3
1165 3950 1194 4003 et
1205 3947 1289 4019 quasi
1302 3947 1491 4003 sabbatorum
1501 3947 1592 4003 otium
1602 3947 1639 4019 (o)
1651 3951 1753 4013 terere,
1763 3946 1809 4003 lu·

102 4048 230 4103 metm
245 4046 458 4118 comtemptu,
471 4049 588 4108 vestm,-
601 4062 651 4119 pro
664 4062 704 4113 ιο,
721 4048 847 4119 inquam,
863 4045 933 4118 quod
988 4037 1054 4092 dero
1064 4034 1207 4102 videlicet,
1220 4041 1248 4091 et
1259 4034 1332 4090 aihil
1343 4035 1439 4107 operis
1454 4038 1629 4108 perpetrare.
1642 4037 1810 4093 iterantem

102 4154 130 4192 a
143 4139 316 4192 memoriam
327 4136 470 4192 revocastis
487 4135 583 4208 [vulg.
596 4135 733 4191 recordati
747 4135 832 4206 esriel,
849 4118 934 4190 matio
988 4125 1153 4198 Rabylonis,
1170 4142 1227 4180 non
1243 4125 1272 4179 in
1288 4140 1342 4179 sua
1358 4124 1538 4194 tortitudine,
1555 4126 1604 4181 sed
1617 4125 1646 4181 iu
1657 4124 1810 4198 iniquitate

102 4227 264 4299 capiemini.
279 4223 345 4279 scio
357 4240 403 4280 ma
415 4223 445 4279 in
457 4222 584 4280 hocloco
595 4225 680 4295 juxta
691 4221 882 4296 Septuaginta
892 4222 934 4277 in.
989 4214 1089 4287 populi
1100 4215 1265 4270 confisurus
1276 4219 1330 4280 est,
1344 4229 1403 4285 qua
1415 4230 1464 4269 eos
1475 4214 1530 4269 scit
1540 4215 1696 4272 offendisse
1706 4216 1809 4284 Deum,

101 4320 258 4388 terpretes,
280 4313 434 4384 cujusdam
451 4311 642 4384 multiplicem
658 4312 763 4384 legisse
779 4311 934 4384 expositio·
989 4308 1018 4360 et
1032 4310 1148 4375 peccata
1165 4308 1280 4375 patrum
1296 4303 1379 4358 novis
1394 4302 1560 4359 cumulasse
1579 4304 1632 4374 [Al.
1648 4302 1809 4376 cumulare]

103 4421 181 4474 nem,
199 4401 337 4459 Rabbatb
354 4400 481 4459 filiorum
498 4403 634 4470 Ammon,
651 4401 803 4458 referentis
814 4401 849 4455 ad
864 4416 934 4473 geu·
989 4391 1811 4464 delictis,etprevaricationeseorumomnibuspetuisse;

101 4495 177 4549 tium
185 4490 333 4566 populum
343 4509 353 4545 :
365 4491 475 4547 ludam
486 4506 552 4546 vero
564 4494 593 4546 et
603 4489 767 4546 Jerusalem
778 4489 813 4545 ad
824 4505 874 4545 eos
887 4505 938 4560 quq
953 4510 978 4573 D
992 4489 1021 4539 et
1035 4481 1142 4537 idcirco
1159 4497 1216 4535 non
1231 4479 1377 4534 dubitabit
1391 4479 1427 4534 da
1441 4480 1570 4547 victoria,
1596 4478 1665 4552 quia
1688 4481 1815 4538 confidet

102 4584 160 4638 sub
172 4580 282 4638 Christi
301 4580 419 4635 nomine
431 4583 657 4651 congregantur,
673 4582 701 4635 et
711 4577 795 4634 lactis
806 4578 878 4634 dent
888 4594 938 4634 no·
992 4575 1028 4629 de
1050 4571 1204 4642 iniquitate
1225 4568 1398 4624 Jerusalem.
1417 4569 1479 4623 llaec
1490 4569 1575 4639 juxte
1589 4569 1774 4636 Hebraeum,
1797 4587 1816 4627 a

104 4671 194 4726 minis
208 4670 558 4742 dignitate‚mregemque
583 4667 764 4723 confusionis
788 4666 937 4722 diabolum
992 4679 1049 4735 quo
1060 4659 1252 4732 Septuaginta
1262 4674 1320 4714 non
1331 4663 1391 4712 tam
1402 4673 1491 4713 sensu
1504 4673 1592 4729 quam
1608 4656 1703 4713 vorbis
1714 4659 1743 4713 in
1752 4658 1815 4729 ple-

105 4757 223 4814 starein
233 4757 318 4813 omni
331 4756 446 4812 viarum
457 4756 562 4829 capite,
578 4760 606 4811 et
617 4755 751 4812 insidiari
763 4755 791 4810 in
804 4755 935 4824 occulto;
992 4752 1091 4824 risque
1106 4747 1283 4804 discordant.

104 4847 282 4920 implerique
293 4845 563 4902 illumversiculum
575 4863 581 4901 :
594 4844 937 4901 luctuscmetomrcondo-
1028 4839 1118 4909 (Vere
1134 4837 1169 4891 25
1184 4835 1279 4907 seqq.)
1295 4836 1372 4892 ²5⁰
1395 4836 1433 4890 Tu
1454 4841 1554 4899 aowin,
1578 4834 1704 4905 profane,
1731 4837 1816 4909 impie

105 4937 165 4992 lem
186 4943 340 5008 posueruut
363 4936 434 4990 initi
457 4939 515 5003 (Pr.
532 4935 665 5005 cxxxix),
688 4939 717 4989 et
732 4938 808 4990 stare
823 4950 890 4990 eum
906 4933 936 4989 in
991 4928 1048 4983 doc
1063 4926 1157 4991 lsrael,
1168 4927 1249 4991 cuiue
1259 4923 1401 4979 reaudire
1412 4924 1442 4976 in
1453 4922 1738 4993 temporer'aiquitotrr
1746 4940 1816 4995 prar-

106 5025 194 5092 bivio,
220 5024 265 5081 vel
280 5041 331 5081 eos
346 5024 396 5096 qui
412 5024 457 5080 sui
480 5028 549 5080 sunt
571 5028 671 5079 tenere
693 5023 870 5094 cupientem,
893 5021 937 5078 vel
991 5016 1080 5086 finito.
1098 5016 1161 5071 llaec
1170 5013 1237 5067 dicit
1250 5013 1384 5068 Dominus
1395 5012 1482 5065 deus:
1500 5010 1586 5081 dufer
1598 5009 1736 5068 cidarim:
1752 5014 1817 5070 totle

104 5130 215 5169 norum
224 5113 282 5170 sibi
293 5113 599 5185 acquirereservitium
610 5128 616 5177 ;
627 5117 654 5167 ot
663 5112 854 5167 addexteram
864 5128 938 5166 sem·
991 5120 1129 5161 coronam.
1155 5104 1248 5170 Nouae
1261 5101 1322 5158 laec
1335 5103 1374 5155 eet
1388 5114 1452 5170 quer
1466 5099 1598 5154 humilem
1612 5100 1771 5171 submovit,
1791 5107 1817 5159 et

105 5219 157 5275 per
167 5217 302 5275 pergere,
314 5202 349 5257 ad
361 5216 410 5256 eos
423 5200 534 5257 scilicet
544 5202 594 5272 qui
606 5201 634 5256 in
647 5201 765 5256 dextera
776 5205 858 5272 parte
868 5204 938 5255 suut
992 5195 1137 5249 sublimem
1145 5188 1515 5258 lumiliavrttlar'quirotem,
1524 5187 1818 5260 iniquitatemdniqui·

104 5291 204 5364 positi,
215 5295 248 5345 nt
259 5294 405 5363 expugnet
417 5307 477 5361 eos,
491 5295 523 5346 ut
534 5288 644 5346 exultet
654 5290 684 5344 in
695 5289 783 5355 caeda,
795 5293 829 5344 ut
839 5289 938 5344 aristi·
992 5288 1078 5339 talem
1095 5296 1196 5352 porram
1220 5293 1281 5333 eom
1298 5293 1304 5332 :
1330 5279 1355 5331 et
1375 5275 1424 5330 ltoc
1445 5290 1500 5330 non
1515 5275 1553 5346 (b)
1568 5276 1614 5346 fiet
1627 5275 1711 5332 donec
1724 5278 1818 5333 ueniet

104 5379 161 5436 bns
171 5385 201 5436 et
211 5378 401 5451 congestione
412 5395 533 5451 operum
546 5383 730 5435 terrenorum
742 5377 838 5451 capiat
849 5377 937 5432 mise·
992 5371 1094 5445 [Vulg.
1121 5367 1239 5437 veniret]
1264 5366 1343 5436 cujus
1367 5371 1407 5420 cst
1428 5364 1571 5436 iudicium,
1597 5367 1625 5420 et
1646 5364 1755 5421 tradam
1779 5366 1817 5422 ei.

140 5524 180 5596 (a)
192 5522 240 5580 lta
251 5521 340 5578 trium
351 5537 406 5596 ope
416 5538 488 5578 mes.
502 5521 611 5578 Victor.
622 5519 784 5593 rescripsit.
795 5521 869 5575 Ante
878 5523 941 5577 erat
1029 5513 1067 5585 (b)
1078 5513 1118 5568 Ex
1130 5507 1329 5592 Vulgabssdil·
1345 5505 1499 5591 Victorius,
1510 5509 1674 5583 factumest.
1687 5508 1718 5567 ln
1730 5507 1819 5585 Hebe·

102 5609 211 5684 parre,
228 5608 317 5673 qnam
331 5591 486 5668 laetiorum
502 5597 531 5656 et
545 5593 733 5656 Martiaaeue
748 5591 892 5673 sequitur.
993 5575 1148 5665 Graecoque
1163 5577 1310 5661 similiter,
1325 5594 1381 5641 run
1394 5580 1459 5664 [ort.
