3840 6098
98 288 162 349 &tl
402 285 778 349 conmendacionem
801 283 840 344 IN
863 282 1114 345 oenomelum
1137 283 1211 344 blB.
1235 282 1301 344 vti.
1325 283 1409 345 GAP.
1433 284 1512 346 xxi.
1746 282 1808 346 202

97 419 207 493 gisnt;
224 418 274 473 alii
295 418 447 491 suppliciis
472 420 626 474 tradantur
645 418 771 473 uternis.
788 417 930 486 Quodque
945 419 972 483 Α
987 415 1083 487 [Vulg.
1103 417 1134 472 [lt
1146 418 1226 486 snas]
1241 417 1316 470 omni
1329 431 1402 485 earu,
1418 418 1484 488 quia
1508 431 1557 488 eqo
1580 418 1712 474 Dominus
1725 417 1809 474 eduxi

98 507 195 564 insert
210 526 217 562 :
234 508 274 562 ,td
288 509 384 565 earne
398 524 482 578 usque
496 507 534 563 ad
550 508 722 578 Aquilonem,
738 505 792 561 hoc
807 505 927 571 indicat,
982 504 1106 576 qladium
1119 521 1209 560 nuum
1219 503 1272 575 [nl.
1287 504 1478 577 abestmeum]
1489 505 1632 578 deuaqina
1642 523 1694 563 sua
1704 509 1809 564 irrevo-

98 598 142 654 sh
155 596 323 653 Jerusalem
338 598 483 668 usquead
507 595 685 668 Babylonem
703 612 709 650 :
728 600 760 651 ut
774 611 859 651 omne
875 594 930 649 iter
983 594 1109 649 nobilem.
1127 594 1195 649 LXX
1212 610 1218 649 :
1234 596 1267 649 Et
1289 595 1378 665 iaetus
1400 599 1441 652 est
1463 611 1551 652 sermo
1565 598 1677 653 Domini
1701 596 1737 652 nd
1755 611 1810 668 nne,

100 685 293 760 pergentium
309 687 338 740 in
352 686 561 757 captivitatem,
577 685 684 758 gladio,
700 683 930 757 fame‚pcstilen-
984 681 1076 738 diceris
1092 699 1098 737 :
1115 683 1219 739 ideirco
1242 684 1402 749 iratumne,
1418 683 1462 753 fili
1484 684 1604 740 heminis
1618 702 1627 739 :
1643 689 1669 740 et
1695 684 1812 756 obfirnra

98 775 144 831 tia
159 774 313 830 ruentium
328 774 520 847 compleatur.
533 774 671 830 Hisenim
683 773 775 846 quiin
786 772 932 845 Babylone
984 772 1084 841 {houm
1099 775 1175 826 tuam
1184 779 1279 831 contra
1292 771 1457 842 Jerusalem,
1468 779 1495 827 et
1509 775 1600 844 aspice
1613 773 1649 829 ad
1661 777 1757 829 saneta
1765 789 1810 831 ee·

98 867 185 930 sunt,
202 862 368 920 Jerusalem
391 865 428 920 ud
457 868 596 919 Austrum
620 863 678 919 sita
703 867 767 930 ast;
783 862 931 935 quomodo
986 876 1058 927 rum,
1074 863 1101 915 et
1114 860 1248 931 propbeta
1261 876 1345 932 snper
1355 864 1457 915 terram
1471 862 1566 929 lsrael,
1579 870 1606 918 et
1619 861 1692 918 dices
1709 863 1812 919 adter-

99 949 931 1023 scontrarioollainderemiaquaesignificatierusalcm‚
986 966 1048 1004 rom
1073 947 1164 1004 lsrael
1180 965 1186 1003 :
1203 950 1266 1006 llaec
1280 948 1347 1004 dicit
1369 951 1501 1006 Dominus
1525 952 1595 1007 Deus
1611 967 1617 1006 :
1634 953 1700 1008 Dece
1713 966 1760 1024 eqo
1776 951 1812 1007 ad

99 1058 120 1097 a
130 1041 208 1097 lucia
225 1039 393 1112 Aquilonis,
404 1040 434 1095 id
446 1043 500 1106 ost,
515 1039 669 1112 Babylonis
678 1040 867 1095 succenditur
879 1038 933 1109 (Je·
987 1046 1023 1104 te,
1035 1042 1061 1093 et
1072 1040 1185 1094 educam
1200 1038 1325 1107 qladinm
1335 1054 1426 1094 mann
1435 1041 1469 1095 de
1484 1041 1585 1109 uoqine
1594 1056 1656 1108 sua,
1666 1044 1692 1097 et
1703 1040 1811 1111 interfi-

99 1146 171 1187 m.
190 1131 222 1201 1).
239 1130 277 1185 Et
295 1128 417 1202 pulchre
440 1129 470 1184 in
487 1129 630 1200 principio
647 1146 653 1183 :
668 1129 759 1195 stille,
775 1128 882 1200 inquit,
899 1127 935 1183 ad
987 1129 1058 1183 ciam
1074 1143 1108 1183 ee
1120 1132 1147 1183 tc
1156 1128 1283 1198 iniquum
1294 1136 1319 1184 et
1328 1129 1470 1200 injuntum.
1482 1128 1527 1185 Sic
1538 1129 1693 1199 eqredietnr
1702 1129 1812 1201 qlodius

101 1220 253 1289 Africum
270 1222 377 1274 utnon
401 1222 463 1273 tota
477 1216 528 1273 Dei
542 1217 587 1273 ira
609 1217 743 1273 videatur
765 1218 866 1286 effuso,
884 1216 934 1272 sed
988 1233 1063 1272 meus
1077 1216 1109 1272 de
1121 1218 1223 1286 eaqina
1245 1232 1295 1271 sua
1309 1233 1392 1290 super
1413 1234 1521 1274 emnem
1534 1234 1646 1274 comem
1667 1235 1685 1275 a
1703 1217 1814 1274 Meridie

100 1307 184 1364 stilla
198 1307 337 1379 quadam
352 1309 382 1362 at
396 1323 475 1380 pars.
486 1307 536 1362 Sin
551 1311 651 1362 autem
662 1305 742 1362 stilla
756 1310 844 1361 tanta
857 1305 935 1361 siavi-
988 1321 1074 1376 usque
1087 1305 1122 1361 ad
1135 1306 1304 1376 Aquilonem,
1316 1309 1342 1360 et
1356 1315 1493 1377 requescet
1507 1309 1596 1364 ornris
1609 1322 1674 1364 aare
1688 1306 1753 1381 quia
1765 1321 1814 1377 eqo

101 1396 149 1452 tia
163 1402 211 1452 est
225 1411 233 1450 z
250 1395 324 1468 qnid
339 1396 368 1450 in
384 1396 454 1451 totis
480 1394 625 1451 imbribus
640 1395 847 1452 estimandum
867 1399 911 1450 est
926 1409 933 1449 :
988 1396 1120 1451 Dominus
1134 1395 1217 1451 eduxi
1227 1394 1351 1465 qlodinm
1361 1412 1452 1451 nuum
1465 1396 1497 1452 de
1511 1399 1614 1466 vaqino
1623 1413 1693 1452 suo:
1709 1413 1764 1453 nen
1774 1412 1816 1454 re·

104 1484 142 1542 o't
164 1485 268 1540 omnis
292 1500 369 1548 caro,
393 1501 459 1556 quae
481 1484 580 1540 visura
600 1488 646 1539 est
669 1482 797 1540 salutare
815 1483 937 1555 Doi,por
990 1485 1209 1540 verteturnltra.
1228 1483 1301 1548 Quia
1320 1485 1559 1557 supradixerat:
1578 1485 1637 1558 Ipsi
1660 1485 1764 1542 dicunt
1778 1487 1815 1542 do

103 1574 248 1631 siluarum
272 1573 444 1630 incendium
461 1578 488 1628 ct
507 1574 667 1640 flammam,
683 1590 747 1645 quea
763 1572 873 1628 nullius
888 1588 935 1627 ex·
991 1589 1048 1640 me,
1065 1574 1209 1646 numquid
1226 1589 1283 1629 non
1299 1589 1350 1646 per
1374 1573 1529 1646 parabolas
1543 1574 1674 1647 loquitur
1689 1574 1744 1631 iste
1757 1574 1772 1629 l
1785 1578 1816 1632 et

104 1663 271 1735 stinguitur
281 1662 565 1735 auxilio,oognoscat
575 1662 651 1733 quod
662 1661 772 1734 ipsosit
782 1662 935 1718 Dominus.
992 1667 1122 1734 apertam
1139 1661 1264 1734 populus
1278 1662 1429 1736 flagitabat
1449 1664 1624 1720 sententiam
1638 1681 1646 1719 ι
1662 1663 1770 1720 idcirco
1785 1663 1816 1720 id

101 1753 190 1818 Quod
216 1751 387 1824 intelligens
415 1751 560 1822 Propheta
583 1751 744 1823 respondit,
766 1752 811 1822 ab,
828 1750 874 1817 ab,
889 1751 935 1817 ab,
952 1785 977 1851 B
993 1752 1070 1823 quod
1088 1752 1229 1808 Dominus
1240 1769 1291 1825 per
1302 1752 1504 1825 metaphoram
1519 1752 1579 1809 sive
1593 1754 1772 1824 parabolam,
1789 1756 1819 1809 ot

101 1842 224 1897 Donum
236 1842 332 1896 Deus:
347 1840 390 1896 vel
406 1845 440 1896 ut
452 1839 642 1913 Septuaginta
653 1839 878 1905 transtulerunt,
889 1855 938 1895 ne·
994 1844 1027 1894 ut
1042 1840 1091 1896 alii
1110 1844 1230 1908 vertare,
1245 1842 1429 1913 prouerbium,
1446 1843 1524 1898 m
1538 1846 1583 1898 est
1596 1842 1722 1914 loeutus,
1739 1857 1818 1898 nuno

100 1946 261 2003 quaquam,
281 1931 404 1994 Domine,
420 1931 542 1985 Domine.
556 1930 590 1984 ut
604 1928 693 1984 inlert
709 1945 715 1985 :
731 1933 769 1984 Et
782 1930 835 2000 ipsi
844 1929 939 1985 dicunt
994 1930 1182 1985 manifestius
1192 1929 1333 2002 loquitur,
1345 1930 1581 2005 saltusNagebet
1595 1936 1736 1988 Daromet
1746 1931 1821 1988 'I'hc-

101 2019 137 2074 ud
150 2035 199 2074 me
214 2037 225 2074 .·
240 2018 385 2091 Nunrqnid
398 2034 455 2074 rien
464 2034 512 2089 per
521 2018 669 2090 porciolas
679 2019 881 2088 loquilnristel
894 2016 939 2073 vel
994 2034 1062 2074 mun
1078 2035 1141 2075 esse
1156 2018 1364 2088 Jerusalem‚et
1380 2019 1521 2092 templum
1537 2018 1628 2090 illius,
1638 2024 1740 2076 sancta
1750 2036 1822 2077 san·

101 2109 354 2182 pomtotaestiste
369 2122 433 2178 quae
442 2107 568 2164 dimine?
583 2108 616 2162 nt
626 2112 671 2163 est
682 2124 787 2163 sensus
799 2124 805 2162 :
819 2107 940 2163 Planius
994 2110 1149 2177 ctoriimpt
1159 2124 1276 2164 omnem
1287 2111 1394 2164 terram
1404 2107 1745 2181 ludeo3'ilammamqus
1755 2124 1820 2182 quas

103 2197 238 2270 loquere,
256 2213 318 2253 non
343 2196 537 2269 intelligimus
557 2213 608 2268 per
628 2195 797 2268 parabolam
813 2197 883 2268 quid
896 2195 938 2252 lo·
995 2197 1188 2252 combustura
1202 2197 1240 2252 sit
1254 2197 1374 2267 saltum,
1391 2196 1516 2270 intelligi
1531 2196 1662 2266 gladium
1678 2197 1819 2253 devoren-

105 2287 339 2359 quaris:aperto
350 2302 485 2343 sermone
496 2284 546 2342 Dei
557 2286 938 2357 nobispandcscntentiam.
993 2288 1064 2355 tem,
1076 2285 1125 2357 qui
1141 2286 1264 2341 eductus
1279 2286 1362 2341 sitdo
1376 2286 1482 2358 vagina
1496 2303 1559 2353 sua,
1570 2291 1602 2342 ut
1612 2285 1767 2342 interliciat
1773 2286 1821 2358 ju·

106 2377 206 2433 Potest
219 2381 324 2433 nutem
339 2375 517 2448 tropologice
532 2374 673 2431 'rhomam
688 2380 716 2430 et
731 2375 829 2431 Nabcb
845 2379 873 2430 et
888 2374 940 2430 Da·
996 2377 1075 2428 stum
1091 2377 1120 2429 et
1135 2373 1269 2446 impium.
1285 2378 1345 2430 Hoc
1360 2380 1405 2430 est
1419 2375 1497 2431 enim
1508 2373 1622 2448 lignum
1637 2374 1728 2431 viride
1742 2377 1771 2430 ot
1784 2372 1820 2429 li·

107 2482 181 2533 rom,
200 2466 241 2537 (a)
258 2465 399 2538 AEgyptus
411 2464 534 2537 intelligi
548 2481 554 2519 :
567 2463 780 2537 legimuscnim
792 2463 823 2518 in
838 2462 940 2519 Daniel
994 2478 1086 2532 gnum
1102 2462 1228 2518 aridum.
1246 2462 1328 2519 Unde
1343 2467 1372 2519 ct
1393 2462 1533 2520 Dominus
1549 2480 1556 2518 :
1574 2463 1604 2519 Si
1618 2465 1649 2518 in
1665 2462 1751 2534 lique,
1767 2463 1820 2533 ait,

106 2555 213 2611 erebro
240 2557 386 2609 Austrum
414 2569 466 2625 pro
494 2554 615 2626 AEgypto
640 2553 732 2624 accipi
762 2553 848 2625 (Dan.
879 2552 938 2623 ιιι).
994 2551 1723 2624 viriditantafaciunt:insintaquidsaeient(bue.
1739 2567 1819 2620 xxtn,

107 2643 252 2716 AEgyptus
266 2646 366 2698 sotem
380 2642 545 2698 relecturad
563 2642 665 2696 mundi
678 2640 764 2697 istius
775 2640 939 2713 angustias.
994 2639 1038 2711 31}
1049 2639 1063 2694 ‘l
1076 2640 1129 2696 Pro
1144 2657 1212 2711 quo,
1227 2640 1325 2697 nescio
1341 2641 1411 2713 quid
1427 2641 1568 2709 volentes,
1579 2640 1647 2696 Lxx
1658 2640 1821 2712 iniquumet

107 2732 271 2804 Prophetut
285 2731 376 2804 igitur
394 2729 525 2786 Ezechiel
540 2746 603 2802 quae
619 2730 729 2786 mundo
745 2735 867 2785 ventura
882 2729 941 2784 sint
994 2730 1129 2799 injustum
1144 2729 1325 2802 interpretati
1338 2732 1424 2785 sunt:
1444 2729 1528 2802 quasi
1540 2746 1597 2786 non
1612 2729 1690 2784 idem
1705 2732 1837 2784 utrum-1

108 2821 198 2887 mula,
216 2835 309 2892 quem
332 2818 443 2875 saltum
458 2823 551 2886 vocat,
567 2819 725 2890 pomiferas
746 2818 865 2874 arbores
881 2835 938 2874 non
995 2834 1051 2890 quc
1067 2817 1222 2890 significet.
1238 2818 1378 2890 Quodque
1396 2818 1435 2873 ihi
1453 2818 1574 2874 dixerat.
1589 2819 1622 2874 Dt
1635 2817 1739 2874 uidebit
1753 2817 1820 2873 nni·

109 2908 345 2973 habentem,sed
357 2906 559 2964 habitaculum
571 2908 743 2963 bestiarum.
757 2907 795 2963 De
805 2924 862 2980 quo
873 2907 939 2963 etin
995 2923 1070 2962 versa
1082 2923 1156 2973 raro,
1170 2909 1235 2978 quia
1249 2924 1296 2979 eqo
1316 2909 1446 2963 Dominus
1462 2907 1592 2964 succendi
1606 2924 1677 2974 eam,
1694 2907 1749 2964 hoc
1764 2910 1820 2978 est,

108 2997 941 3073 vigesimumoctavopsalmodicitur:VoeDominiper·
994 2994 1110 3062 silvam,
1126 2995 1185 3052 siva
1209 2996 1370 3068 flammam,
1387 3013 1436 3052 nee
1458 2999 1645 3069 extinguetur,
1662 2996 1731 3051 hinc
1754 2995 1820 3052 aliis

109 3089 232 3158 immid
240 3087 515 3152 ceruos,etreteuotit
525 3086 662 3142 condensa
671 3086 938 3156 siluarum(l'ers.9).
994 3085 1089 3141 verbis
1105 3083 1252 3157 loquitur:
1272 3088 1303 3143 tn
1316 3088 1388 3142 sciet
1401 3088 1490 3142 ornnis
1499 3102 1574 3152 coro,
1590 3088 1656 3157 quio
1670 3102 1717 3157 eqo
1728 3086 1821 3143 Domi·

110 3176 177 3233 iste
192 3180 265 3231 sunt
275 3174 366 3237 silva,
384 3178 412 3230 et
428 3173 530 3241 saltus,
542 3174 592 3245 qui
609 3174 676 3246 plus
687 3174 897 3230 devoraverunt
908 3173 938 3229 in
954 3156 975 3222 C
994 3190 1046 3229 nus
1060 3174 1275 3246 eeluniqledium
1285 3175 1418 3231 mennide
1428 3178 1589 3246 oeqinasue
1601 3175 1818 3231 irrevocabilem.

111 3265 212 3341 prelio
227 3265 265 3320 de
282 3264 409 3320 exercitu
426 3263 596 3330 Abessalon,
613 3279 701 3334 quam
717 3262 863 3319 interiecit
876 3264 940 3336 gla·
994 3262 1154 3319 Vercenim
1171 3264 1440 3320 contralcrusalem
1451 3281 1508 3320 non
1520 3267 1565 3320 est
1577 3265 1697 3319 flamma
1711 3262 1818 3335 sopita¹

110 3356 176 3412 dius
190 3354 230 3425 [ll
242 3355 309 3423 Req.
325 3353 418 3423 xviii).
430 3351 722 3424 Succenditurquein
738 3351 864 3408 saltibus
881 3353 939 3425 pri·
995 3369 1048 3408 neo
1064 3352 1241 3408 exstinctum
1259 3353 1437 3421 incendium,
1455 3370 1508 3409 nco
1522 3356 1673 3408 revocatus
1688 3350 1817 3423 gladius,

111 3460 191 3501 mum
209 3443 330 3516 lignum
341 3440 442 3511 viride,
454 3449 481 3498 et
496 3441 538 3496 sic
553 3441 679 3509 aridum,
696 3440 726 3495 hi
737 3442 787 3513 qui
799 3442 900 3497 vivunt
910 3441 940 3497 in
995 3440 1065 3511 quia
1080 3439 1227 3496 modicum
1239 3445 1355 3513 tempus
1371 3443 1400 3496 in
1416 3442 1522 3508 medio,
1534 3446 1563 3498 et
1577 3439 1740 3497 Jerusalem
1751 3455 1820 3495 cum

112 3533 199 3602 mulo,
212 3537 243 3589 et
258 3531 292 3586 hi
307 3529 359 3603 qui
370 3531 492 3603 J'nstitiae
505 3530 612 3586 mortui
625 3534 703 3586 sunt.
720 3531 860 3603 Quodque
871 3531 941 3586 dici·
994 3529 1104 3601 templo
1119 3546 1183 3599 suo,
1201 3529 1359 3602 Babylonio
1373 3531 1440 3604 igne
1455 3547 1596 3587 succensa
1609 3534 1663 3587 est.

111 3628 156 3679 tur
170 3641 179 3679 :
195 3623 230 3677 Et
245 3619 425 3677 comburetur
440 3622 471 3674 in
482 3635 514 3676 eo
529 3619 617 3676 amnis
636 3620 720 3686 iacies
735 3619 769 3674 ab
784 3620 881 3675 :lintre
896 3635 941 3674 us·
1032 3618 1125 3687 (Vere.
1140 3621 1166 3686 D,
1182 3619 1222 3690 7.)
1236 3621 1268 3675 Et
1282 3627 1321 3681 tu,
1337 3619 1381 3690 fili
1403 3620 1531 3683 henneis,
1549 3620 1698 3690 inpomisce
1711 3620 1742 3673 in
1756 3633 1820 3675 eon-

111 3728 160 3783 με
173 3711 213 3767 ed
240 3710 417 3780 Aquilonem,
435 3707 489 3764 hoc
503 3707 574 3764 dicit
592 3725 597 3762 :
614 3707 658 3763 Ab
673 3707 719 3762 his
744 3708 794 3779 qui
815 3709 943 3764 fervente
995 3709 1109 3763 tritione
1121 3708 1288 3775 lumborum,
1299 3716 1326 3763 et
1337 3710 1366 3763 in
1380 3708 1613 3763 amaritudinibus
1624 3708 1821 3778 inqemiscece·

114 3800 217 3874 spiritu
233 3798 424 3864 videbantur,
434 3812 528 3869 usque
544 3797 579 3853 ad
595 3812 645 3852 eos
661 3796 712 3868 qui
727 3801 876 3851 crescente
888 3795 942 3851 ini·
997 3813 1059 3852 ram
1073 3799 1123 3852 eis.
1141 3796 1261 3867 Cumque
1272 3797 1399 3852 dicerint
1412 3797 1448 3852 nd
1459 3801 1486 3852 te
1497 3814 1506 3851 .·
1519 3798 1647 3864 Quaretu
1661 3797 1746 3866 pernis
1756 3794 1770 3850 ‘l
1782 3794 1824 3849 di·

113 3890 239 3962 quitata,
254 3892 287 3944 et
297 3887 468 3959 refrigerata
480 3886 621 3942 charitate
632 3885 804 3947 multorum,
816 3884 942 3942 calorem
996 3900 1038 3940 ees
1055 3901 1061 3940 :
1079 3885 1133 3940 Pro
1148 3884 1254 3951 nuilite,
1272 3887 1338 3956 quio
1356 3888 1441 3953 uenit,
1456 3889 1482 3941 ei
1506 3886 1619 3941 tabescet
1634 3900 1713 3941 enarre
1727 3900 1783 3951 cor,
1798 3889 1825 3939 et

115 3978 277 4049 pn'stinum
288 3975 494 4048 perdiderunt;
505 3975 545 4029 its
560 3979 591 4028 ut
599 3973 697 4029 omnis
708 3989 775 4028 caro
786 3973 945 4045 perspiciat
998 3973 1321 4031 dissoluanturunieersee
1328 3974 1758 4046 nuncnu,etinfirrnabituromreis
1768 3973 1825 4045 spi·

114 4066 269 4123 dammam
285 4062 402 4119 Domini
419 4080 476 4118 non
492 4062 648 4134 exstingui.
667 4062 860 4132 Precaturque
877 4077 943 4133 pro·
999 4065 1079 4129 ritus,
1096 4070 1121 4117 et
1135 4078 1185 4132 per
1208 4072 1307 4118 cuneta
1321 4080 1410 4133 pennen
1424 4066 1511 4134 fluent
1528 4080 1617 4134 aque.
1633 4064 1699 4118 Dece
1713 4063 1787 4118 vonit
1801 4063 1827 4118 et

115 4155 201 4227 pheta
216 4170 256 4210 na
273 4153 328 4209 Dat
341 4153 419 4224 quod
435 4151 578 4208 Dominus
593 4150 790 4206 comminatus
806 4154 872 4206 est:
889 4150 944 4206 hoc
998 4153 1052 4223 pet,
1070 4152 1112 4205 nit
1136 4152 1266 4206 Dominus
1289 4151 1385 4225 [Vulg.
1401 4152 1483 4208 addit
1508 4154 1588 4223 Dens]
1615 4152 1688 4208 Lxx
1705 4170 1711 4208 :
1729 4152 1760 4207 lit
1784 4159 1825 4220 tu,

114 4248 167 4312 ast,
183 4259 223 4299 ne
238 4241 439 4299 succendatur
454 4239 559 4311 saltus,
576 4243 604 4295 et
620 4239 700 4312 ligna
714 4240 813 4295 omnia
827 4255 944 4295 concre-
1002 4241 1045 4309 fili
1060 4239 1189 4306 lierninis,
1206 4242 1351 4313 inqemisce
1365 4243 1394 4297 in
1417 4243 1583 4298 contuitione
1597 4241 1752 4297 luendorum
1767 4243 1829 4295 tuo-

115 4337 258 4399 mentur3
276 4336 309 4385 ut
317 4334 370 4386 aut
383 4329 480 4385 adhuc
490 4329 635 4400 accipiant
649 4328 746 4384 locum
758 4327 944 4401 paenitentiae,
1001 4333 1107 4399 rum,et
1123 4331 1150 4384 in
1167 4328 1305 4385 (latoribus
1318 4333 1432 4400 parneio
1443 4338 1585 4402 corispectu
1599 4345 1702 4385 eorum.
1714 4329 1828 4400 Eritque

115 4426 165 4477 unt
178 4419 239 4477 sibi
255 4436 316 4475 non
332 4418 671 4492 imponaturnecessitas
684 4415 781 4472 tristia
792 4417 944 4472 nutiandi:
1000 4421 1026 4474 ai
1038 4417 1163 4473 dicerint
1177 4417 1212 4472 nd
1228 4422 1253 4474 te
1267 4437 1273 4474 :
1290 4421 1379 4487 Quare
1393 4428 1422 4475 tu
1441 4420 1549 4490 pernis?
1562 4423 1587 4474 et
1601 4419 1672 4474 dices
1689 4435 1696 4473 :
1713 4420 1829 4489 Propter

116 4508 283 4582 prasertim
298 4523 365 4563 cum
377 4502 504 4579 populus
517 4523 552 4562 eu
568 4523 625 4561 non
635 4503 791 4577 intelligat,
801 4511 827 4560 ct
844 4505 948 4561 obscu-
961 4526 985 4590 D
1000 4509 1139 4570 nuntium,
1156 4509 1321 4578 quincenti,
1337 4512 1363 4563 et
1376 4507 1621 4579 comprehendetur
1634 4522 1734 4579 pecore
1749 4520 1828 4562 omne

118 4597 206 4653 ritate
220 4598 381 4663 dictorum,
397 4595 492 4668 magis
509 4596 544 4650 ad
560 4595 706 4650 insaniam
724 4599 904 4667 provocetur.
1003 4612 1058 4663 cor,
1075 4600 1100 4649 et
1116 4597 1302 4651 dissolventur
1313 4599 1452 4654 nociturae
1463 4604 1609 4662 insanusne
1623 4595 1831 4651 eeanirrmtitur

155 4689 235 4757 (Gap.
249 4685 321 4741 Xh'l.
333 4716 368 4726 -
382 4684 462 4742 Voss.
481 4685 494 4739 1
513 4684 588 4756 seq.)
598 4685 631 4738 Di
644 4686 732 4755 [oetan
745 4687 784 4738 est
797 4699 886 4739 sermo
896 4684 949 4740 Do·
1004 4687 1093 4740 ornnis
1104 4701 1167 4740 raro
1181 4687 1305 4741 etemnis
1315 4687 1470 4758 spirituas!
1484 4687 1578 4740 omnin
1588 4686 1694 4754 femora
1701 4682 1829 4753 polluen-

119 4776 198 4829 sm'ui
209 4776 246 4831 ad
258 4791 312 4840 sne,
327 4774 420 4829 dicens
437 4791 444 4829 ε
461 4774 519 4829 riti
533 4772 664 4837 heminis,
675 4789 745 4842 pone
757 4775 858 4844 [aciem
871 4776 949 4827 tuom
1006 4781 1051 4829 tur
1065 4773 1187 4829 laureare.
1204 4775 1269 4829 Erec
1292 4776 1366 4830 veniit
1390 4778 1415 4829 ct
1430 4776 1493 4841 erit,
1509 4773 1576 4828 dicit
1601 4772 1733 4827 Dominus
1748 4773 1830 4827 Deus.

118 4862 157 4919 nd
167 4864 333 4933 Ierusalem,
348 4870 374 4918 et
385 4863 460 4918 stilio
473 4861 509 4917 ad
523 4864 690 4925 snrnctunrin,
705 4864 730 4917 et
741 4862 873 4933 propheto
883 4878 950 4918 con·
1007 4862 1137 4916 Primum
1155 4862 1267 4918 dixerut
1284 4879 1290 4918 :
1306 4865 1469 4929 canticinium,
1484 4861 1527 4918 vel
1542 4860 1625 4917 stillo
1640 4861 1675 4915 ad
1692 4861 1832 4929 Austrum,

118 4959 163 5008 trs
186 4954 304 5008 humum
319 4953 415 5021 isreel,
430 4954 456 5007 et
475 4951 547 5006 dices
566 4955 649 5007 terre
674 4950 758 5005 lsrael
772 4968 781 5003 :
797 4950 860 5007 iiiuc
883 4949 952 5007 dicit
1008 4951 1132 5022 Africum
1142 4955 1168 5006 et
1183 4951 1333 5019 dimidient,
1345 4956 1370 5007 et
1384 4952 1419 5007 od
1429 4950 1533 5006 snitum
1544 4951 1739 5006 meridianum.
1752 4949 1834 5015 Quod

120 5044 256 5099 Dominus
275 5043 349 5098 Deus
363 5059 373 5096 .·
389 5042 456 5097 Ecce
475 5056 522 5110 eqo
546 5039 582 5095 ed
606 5047 640 5107 te,
656 5049 681 5094 et
696 5040 806 5110 ejiciam
828 5039 953 5109 qtonlium
1010 5038 1836 5113 quiavidchaturobscurum,etdictapropheteopopulus

120 5148 212 5189 mum
225 5131 261 5186 de
276 5132 378 5199 uoqina
393 5147 455 5197 sua,
472 5138 497 5185 et
511 5127 634 5185 occidam
658 5145 688 5184 nn
703 5137 730 5184 te
739 5129 846 5199 justum
860 5131 885 5184 et
900 5130 954 5183 im·
1012 5128 1169 5193 nesciebat,
1180 5130 1309 5185 secundo
1324 5129 1444 5202 ponitur
1454 5129 1638 5186 manifestius
1652 5129 1760 5186 saltum
1776 5143 1837 5184 mc-

120 5222 410 5295 piumProeoautem
422 5218 492 5291 qued
502 5218 590 5274 occidi
599 5218 629 5272 in
639 5218 806 5289 tejustumet
816 5218 955 5287 impium:
1012 5212 1160 5273 'ridiunum
1175 5218 1457 5285 essedorusalcm,et
1467 5234 1570 5275 omnes
1580 5219 1778 5275 infructuosus
1789 5231 1838 5272 an-

122 5310 233 5367 ida'reo
245 5309 404 5381 eqredietur
417 5307 526 5377 qlndius
540 5324 616 5364 meus
631 5306 664 5361 de
679 5309 778 5377 rapina
790 5324 842 5362 suu
858 5306 892 5362 ad
902 5322 961 5363 em·
1016 5308 1100 5363 hores
1115 5309 1151 5362 ad
1166 5322 1291 5378 quarum
1303 5307 1415 5362 radices
1425 5308 1537 5365 securis
1548 5308 1644 5380 posita
1658 5307 1838 5379 sit(ldat.1u,

125 5414 333 5465 remeassem,
349 5397 385 5453 ab
398 5398 498 5453 Austro
514 5411 599 5470 usqne
613 5393 648 5451 od
661 5396 832 5468 Aqndleaem.
848 5397 881 5453 Et
894 5398 962 5454 sciet
1016 5398 1078 5453 Luc.
1094 5396 1146 5467 ιιι),
1162 5392 1285 5469 intelligi
1297 5395 1446 5455 habitores
1457 5397 1735 5472 ejustgladiumque
1749 5394 1841 5454 inter·

162 5628 962 5709 (nJInterscrititabanus‚quodSeptnaqimnpesuerunt.

296 5757 431 5827 Parnon.
463 5759 558 5827 XXV.
