3840 6098
58 292 184 381 ,we

749 314 1204 383 ammmmmmml
1307 290 1309 293 ’

1729 310 1804 382 {ibit
1841 332 1847 338 ·

105 454 181 511 scire
191 449 338 524 jndicium
355 452 432 525 quod
443 456 488 511 eet
503 454 628 525 abyssus
640 452 751 511 multa:
768 456 796 511 et
807 452 927 526 prutun·
942 454 971 521 Α
985 451 1074 509 tium:
1094 461 1237 525 propterea
1250 466 1306 509 noc
1318 451 1393 510 nobb
1407 453 1461 509 erit
1471 466 1523 526 pro
1536 450 1647 509 uitione
1661 447 1719 525 [al.
1733 451 1802 508 tadi·

107 540 305 611 dominatitie
316 542 381 614 ejus
392 559 476 599 meus
487 561 576 617 prava
586 561 644 601 non
655 543 774 600 invenit.
791 546 846 598 tut
856 559 928 614 quo·

106 631 193 686 modo
204 630 327 704 potestis
336 632 688 705 scirejudiciumDei,qui
696 631 799 689 odistis
808 632 928 701 honum,

104 721 133 775 et
148 719 278 790 quaeritis
295 719 417 787 malum,
429 721 478 793 qui
494 721 680 778 detestamini
693 726 810 777 sanctas
821 736 929 792 paupe·

104 822 160 878 res,
172 813 201 863 et
211 807 361 864 honoratis
372 808 475 865 divites
486 818 661 881 peccatores.
670 808 820 881 Simulque
831 808 929 865 oonsi-

104 897 641 970 deremusverhorumsignificantiam
651 916 658 953 ι
668 900 806 955 honenon
819 911 928 968 amare,

104 985 215 1059 peccati
230 991 293 1042 est:
312 986 411 1058 quanti
429 986 547 1043 sceleris
561 987 649 1043 etiarn
666 987 787 1043 odisse?
802 991 830 1043 et
844 1003 929 1042 econ-

104 1073 204 1139 trario,
213 1074 235 1130 si
250 1073 326 1129 mala
336 1090 393 1129 non
406 1074 584 1146 tugere,vitii
595 1080 640 1131 est
652 1092 659 1130 :
673 1082 787 1148 quanta
798 1075 930 1146 impieta-

102 1163 291 1218 tisestetiam
303 1162 930 1236 diligenterinquirere?Posthecdescribi-

105 1252 154 1303 tur
169 1249 281 1305 saevitia
291 1250 439 1320 judicum,
455 1255 483 1306 et
499 1251 528 1307 in
545 1253 692 1324 subjectus
707 1252 873 1308 crudelitas.

142 1338 220 1393 460
232 1338 302 1393 LXX
315 1356 321 1393 :
340 1339 506 1411 Diripientes
519 1339 607 1412 peltes
622 1342 759 1397 eorumab
770 1343 818 1409 eia,
829 1344 855 1395 et
866 1356 928 1395 car·

104 1441 151 1480 nes
165 1441 258 1482 corum
275 1427 433 1483 aborsibus
449 1444 551 1484 eornm.
569 1430 650 1485 Sicut
663 1430 858 1486 &rarescerent
868 1444 928 1484 ear·

983 543 1109 614 uteimn],
1125 547 1149 598 et
1164 543 1284 600 tenebra
1298 550 1378 598 erunt
1393 542 1466 598 uobis
1480 558 1515 598 ec
1528 541 1713 608 divinatione,
1727 549 1753 597 et
1764 557 1801 598 oe·

983 632 1089 687 cumbet
1103 632 1144 687 sot
1161 648 1244 704 ευμεν
1266 632 1419 703 propbetas,
1442 639 1468 686 et
1489 631 1709 686 contenebrescet
1730 646 1802 703 ευμεν

983 734 1027 776 eoa
1042 719 1109 775 dica.
1127 728 1152 776 et
1165 720 1368 791 contundentur
1377 718 1525 794 quivident
1537 720 1659 787 somnia,
1674 725 1701 775 et
1712 720 1802 776 irrite·

985 809 1088 864 buntur
1103 807 1216 878 bartoli,
1233 816 1259 864 et
1274 809 1422 881 toquentur
1435 796 1581 864 aduersum
1590 823 1635 863 eoa
1647 823 1741 863 ονυυεε
1753 809 1802 876 isti,

984 900 1049 969 quio
1059 914 1115 953 non
1124 900 1220 974 estqui
1230 897 1362 953 enan-diat
1374 913 1427 967 eoa,
1444 898 1502 952 niu
1512 912 1560 967 epa
1570 897 1722 969 impteoera
1732 897 1803 968 serd-

983 987 1106 1042 tudinem
1116 989 1146 1041 in
1156 988 1284 1059 spiritum
1294 987 1416 1052 Domini,
1427 993 1453 1041 et
1461 985 1600 1057 judicium
1610 993 1639 1040 et
1647 986 1803 1056 potentian,

983 1083 1014 1131 ut
1027 1078 1191 1131 annuntiem
1205 1076 1285 1132 Jacob
1301 1076 1453 1147 impietates
1467 1075 1536 1142 eius,
1560 1082 1586 1130 et
1601 1074 1689 1129 israel
1702 1082 1805 1146 peceato

983 1181 1043 1219 ano.
1061 1164 1197 1236 Legimus
1211 1163 1303 1219 fuisse
1317 1163 1587 1236 pseudoprophetes
1600 1161 1632 1217 in
1645 1162 1749 1230 lsrael,
1760 1163 1806 1234 qui

983 1259 1102 1325 propter
1116 1254 1192 1309 dana
1206 1269 1318 1325 pacem,
1332 1268 1395 1324 qua
1410 1252 1451 1308 eis
1461 1251 1531 1308 date
1545 1267 1604 1306 non
1616 1255 1693 1319 erat,
1707 1250 1807 1323 predi·

984 1342 1100 1409 cabant,
1116 1347 1143 1398 et
1159 1342 1184 1397 si
1200 1342 1266 1414 quis
1287 1357 1408 1397 munera
1433 1356 1490 1397 nan
1510 1339 1653 1406 dedisset,
1678 1339 1810 1411 quamvis

983 1435 1104 1486 sanatus
1120 1435 1207 1502 esset,
1223 1430 1298 1484 irum
1313 1429 1363 1485 Dei
1380 1428 1550 1484 nuntiarent
1564 1426 1607 1482 itti
1624 1443 1693 1484 ease
1708 1431 1811 1484 uentu·

102 1530 149 1569 nes
161 1515 260 1586 papati
274 1517 340 1583 mei,
357 1523 390 1590 et¹
394 1516 480 1587 pellea
494 1518 528 1572 ab
543 1518 582 1572 eia
596 1520 819 1584 excoriaverunt,
831 1521 858 1572 et
868 1532 930 1572 oasa
984 1536 1058 1576 ram.
1083 1519 1165 1575 Unde
1190 1535 1269 1574 nuno
1294 1517 1404 1574 dicitur
1428 1518 1465 1573 ad
1487 1533 1536 1574 eas
1557 1516 1638 1588 quod
1654 1515 1813 1588 loquantur

102 1619 198 1659 earnm
213 1603 419 1677 confregerunt,
435 1613 462 1660 et
476 1605 653 1662 conciderunt
662 1609 733 1662 sicut
743 1622 837 1662 carnea
848 1608 876 1661 in
888 1606 929 1661 te·
984 1608 1147 1677 mendacia,
1164 1612 1193 1662 et
1208 1622 1304 1662 sermo
1317 1621 1418 1661 eorum
1428 1621 1486 1662 uun
1498 1603 1666 1678 prephetia,
1678 1604 1733 1661 sed
1744 1603 1813 1659 divi·

103 1691 169 1760 bete,
192 1700 217 1749 et
231 1695 303 1748 tinet
316 1709 411 1749 eunies
426 1695 456 1749 in
471 1695 546 1750 otta:
561 1696 600 1750 aie
614 1696 774 1751 clamabunt
788 1695 823 1750 ad
836 1695 929 1750 Domi·
984 1697 1063 1752 natio
1074 1697 1112 1752 sit
1123 1695 1214 1752 salsa:
1231 1711 1331 1767 neque
1346 1694 1473 1750 habeant
1488 1692 1600 1760 lumen,
1613 1693 1668 1749 sed
1678 1693 1813 1749 tenebras

101 1797 180 1845 num,
195 1785 222 1837 et
235 1797 291 1837 non
305 1782 434 1837 exaudiet
448 1798 503 1850 eos,
528 1792 554 1839 et
568 1786 783 1854 auertettaeiern
797 1782 929 1839 suamab
983 1789 1012 1841 et
1026 1800 1164 1841 errarem.
1193 1784 1324 1856 Cumque
1345 1783 1374 1838 in
1399 1781 1578 1838 contrarium
1599 1798 1689 1838 versa
1704 1781 1813 1838 tuerint

101 1871 140 1925 eia
156 1871 184 1925 in
201 1877 322 1943 tempore
338 1870 396 1936 itta,
416 1887 446 1926 eo
462 1871 532 1941 qnod
544 1873 662 1943 pessime
675 1877 787 1943 eperunt
801 1874 831 1927 in
846 1871 926 1925 adin-
983 1889 1047 1944 qua
1062 1872 1266 1944 promiserant,
1279 1876 1350 1927 tunc
1360 1871 1528 1944 aperientur
1539 1869 1730 1942 contusione,
1743 1869 1809 1942 quia

103 1960 277 2014 cantionibus
287 1960 357 2014 auia.
369 1959 431 2014 Non
446 1961 599 2015 suffecerat
608 1960 750 2032 spoliasse
764 1961 929 2032 subjeetum
984 1978 1041 2017 nan
1059 1966 1130 2027 erat,
1147 1961 1253 2033 inquit,
1272 1976 1445 2032 responsum
1461 1959 1521 2016 Dei.

102 2061 241 2118 gregem,
269 2048 318 2102 sed
345 2062 467 2119 corpora
491 2064 607 2120 quoque
635 2065 736 2104 eorum
762 2050 931 2104 afflixerunt
1018 2051 1084 2107 tam
1097 2051 1238 2122 [rituam]
1248 2066 1300 2105 nec
1311 2050 1457 2105 demones
1467 2048 1614 2121 accipient
1624 2051 1810 2120 potestatem,

105 2136 178 2191 duro
192 2135 327 2208 imperio,
343 2140 372 2191 et
382 2152 449 2192 osse
459 2153 561 2193 eorum
576 2137 784 2206 contriverunt,
801 2142 834 2192 ut
846 2138 930 2209 quid·
985 2144 1072 2195 utens
1080 2139 1245 2194 snairaude
1257 2137 1496 2210 decipiant.Muta
1506 2141 1592 2192 erunt
1602 2136 1811 2208 oraauia‚taoe·

105 2223 175 2296 quid
192 2223 221 2278 in
237 2223 280 2279 eie
300 2224 374 2280 torte
399 2225 502 2294 iuerat,
528 2226 696 2298 frangerent
719 2231 806 2298 atque
829 2230 930 2282 caute·
984 2228 1027 2283 bit
1038 2228 1209 2283 immundus
1220 2226 1352 2298 spiritus,
1366 2232 1395 2281 et
1405 2223 1527 2280 illudere
1540 2242 1597 2280 non
1610 2225 1747 2281 audebit.
1758 2224 1809 2281 aaa

107 2317 217 2368 rarent.
243 2314 393 2377 Quomodo
417 2330 485 2386 erga
509 2313 551 2369 illi
576 2314 774 2387 spoliaverunt
788 2315 929 2388 poputum
986 2318 1020 2373 de
1035 2315 1308 2390 pseudoprophetia.
1326 2315 1454 2371 Rursum
1469 2314 1563 2369 oratio
1578 2314 1616 2368 de
1632 2314 1734 2385 seipsa
1750 2329 1809 2385 pre·

111 2417 222 2467 meum,
238 2408 265 2458 et
281 2403 464 2458 nudaverunt
474 2404 553 2459 omni
565 2403 781 2476 pulchritudine
791 2409 819 2460 et
829 2405 932 2460 decore
984 2406 1077 2478 phete
1088 2405 1234 2478 loquentis
1246 2405 1405 2472 inducitur,
1414 2402 1471 2459 illis
1484 2402 1557 2459 talsa
1567 2402 1809 2471 vaticinantibus,

103 2490 189 2558 eutis,
216 2496 245 2546 et
264 2507 370 2547 carnee
384 2496 413 2549 et
427 2508 494 2548 assa
511 2493 696 2549 miserantia
712 2493 799 2549 ollam
816 2494 931 2549 serven·
985 2498 1014 2551 et
1028 2495 1137 2567 apertis
1152 2494 1322 2550 contusione
1332 2497 1360 2549 et
1371 2492 1541 2565 ignominia,
1553 2507 1607 2564 ega
1620 2508 1688 2564 quae
1698 2491 1807 2564 loquar,

103 2585 177 2652 tem,
190 2596 280 2652 quam
291 2598 338 2637 rex
350 2581 644 2654 accendithssyrius,
654 2583 803 2639 tradentes
813 2597 931 2655 gregem
985 2589 1116 2640 asanctu
1139 2582 1248 2656 Spiritu
1268 2581 1420 2638 institutus
1435 2580 1548 2652 loquar,
1565 2585 1595 2636 et
1610 2579 1719 2653 loquor
1729 2581 1806 2653 judi·

109 2685 208 2725 meum
234 2668 360 2738 diaholo,
388 2674 417 2725 et
440 2669 552 2742 angelis
575 2671 663 2742 ejus:
688 2671 730 2726 sio
749 2676 778 2726 et
792 2671 848 2743 ipsi
864 2686 931 2725 cum
986 2673 1064 2728 cium
1079 2671 1194 2727 Domini
1209 2675 1239 2727 et
1253 2669 1392 2726 virtutem
1408 2669 1462 2740 [nt.
1476 2667 1655 2738 veritatemi.
1680 2669 1807 2738 Cumque

110 2758 221 2814 venerit
242 2758 303 2814 dies
324 2758 454 2828 ultionis,
471 2758 641 2814 clamabunt
656 2759 691 2814 ad
710 2760 876 2826 Dominum,
902 2763 932 2814 et
986 2759 1244 2832 pseudoprophete
1271 2758 1425 2814 mordeant
1440 2756 1588 2825 dentibus,
1609 2762 1640 2812 et
1656 2756 1808 2828 predicent

111 2862 169 2901 non
186 2846 388 2915 exaudientur,
403 2846 471 2918 quia
482 2863 535 2902 nec
546 2848 603 2920 ipsi
615 2854 750 2918 rogantes
761 2848 930 2903 audierunt:
985 2865 1097 2920 paoem,
1118 2864 1171 2921 ego
1186 2848 1298 2919 absque
1312 2845 1373 2902 uita
1388 2844 1543 2902 tormidine
1559 2845 1708 2901 annuntio
1722 2844 1806 2901 Jacob

107 2939 136 2991 et
150 2935 306 2991 extendent
320 2951 426 2990 manus
450 2951 520 2991 uuas
543 2937 579 2991 ad
608 2936 774 3006 Dominam,
804 2941 832 2992 et
854 2937 932 2991 Deus
985 2937 1081 2993 scelus
1101 2953 1199 3004 suum,
1223 2935 1519 3006 ctlsraelpeccatum
1536 2950 1647 3002 suum;
1676 2933 1806 3006 quiapra

104 3027 214 3080 avertet
255 3023 358 3079 faciem
373 3039 458 3079 suam
473 3023 509 3078 ab
525 3022 577 3092 cis,
594 3023 702 3094 quinat
711 3022 753 3079 illi
766 3025 933 3080 averterunt
986 3029 1053 3097 Deo,
1070 3026 1113 3082 vel
1129 3025 1207 3081 idaia
1221 3025 1348 3082 venerati
1364 3027 1444 3091 sunt,
1465 3021 1508 3078 vel
1523 3021 1575 3077 Dei
1588 3022 1702 3078 Filium
1717 3021 1806 3078 cruci-

106 3127 123 3166 a
139 3111 330 3183 precantibus
345 3110 470 3167 vultum.
493 3113 528 3167 Et
548 3111 609 3167 haec
624 3112 759 3168 universe
774 3112 931 3184 patientur,
985 3115 1120 3171 fixerunt.
1138 3116 1167 3171 Si
1184 3120 1281 3170 autem
1292 3115 1379 3185 juxta
1394 3111 1585 3184 Septuaginta
1596 3112 1679 3184 quod
1693 3111 1807 3174 dicitur,

107 3199 312 3271 quiapessime
323 3200 597 3273 egeruutinstudiis
607 3200 928 3273 etvoluptatibussuie:
944 3187 967 3255 G
985 3204 1021 3259 de
1035 3203 1179 3259 hereticis
1194 3202 1373 3258 valuerimus
1388 3200 1529 3272 accipere,
1545 3199 1596 3270 qui
1608 3215 1677 3256 vere
1688 3199 1808 3273 pseuda-

107 3293 136 3344 et
150 3305 207 3343 non
221 3304 304 3361 reges
319 3289 410 3360 suere,
426 3290 477 3344 sed
493 3289 629 3362 tyranni:
646 3304 699 3345 neo
714 3290 930 3362 prepositi,sed
984 3291 1132 3364 propheta
1158 3294 1239 3359 suut,
1264 3293 1293 3346 et
1312 3289 1423 3356 dicunt,
1440 3288 1501 3344 hec
1514 3287 1586 3344 dicit
1601 3289 1759 3358 Dominae,
1784 3292 1809 3342 et

108 3377 231 3435 leones:
258 3394 353 3450 neque
377 3378 512 3451 magistri
535 3377 761 3451 discipularum,
791 3380 840 3435 sed
868 3378 931 3451 lupi
984 3380 1128 3437 Dominus
1143 3396 1201 3435 nou
1216 3378 1298 3435 misit
1312 3394 1372 3448 eos,
1392 3393 1449 3433 non
1466 3376 1646 3433 errabimus.
1672 3377 1718 3432 iili
1735 3375 1807 3432 enim

109 3466 255 3538 evium‚et
263 3465 442 3523 satiaverunt
451 3483 483 3524 ae
492 3467 640 3534 carnibus,
648 3468 838 3524 etincrassati
849 3472 928 3536 sunt,
985 3470 1126 3543 populum
1139 3470 1287 3542 quondum
1301 3468 1349 3523 Dai
1364 3482 1462 3523 errore
1476 3465 1641 3538 decipiunt,
1657 3470 1687 3523 et
1700 3465 1754 3521 hoe
1769 3465 1806 3520 ta·

108 3561 136 3614 et
148 3557 225 3614 sicut
235 3556 431 3630 pinguissima
443 3556 538 3613 hostia
549 3555 851 3629 interfectionis,(a)et
861 3574 930 3630 sup·
985 3560 1076 3629 ciunt,
1093 3564 1126 3614 ut
1140 3558 1296 3614 comedant
1310 3572 1369 3622 eos,
1384 3554 1428 3611 vel
1439 3553 1616 3626 simpliciter
1627 3555 1657 3610 iu
1667 3552 1807 3624 accipien-

108 3643 203 3718 plieiis
218 3645 334 3702 Domini
350 3645 513 3718 preparati.
533 3648 691 3718 Hucusque
706 3649 807 3702 contra
821 3645 930 3718 princi·
985 3649 1031 3704 dis
1046 3648 1230 3713 muneribus,
1243 3645 1286 3700 vel
1303 3645 1424 3717 mystice
1439 3643 1468 3698 iu
1484 3641 1633 3698 occisione
1646 3641 1803 3698 animarum

107 3750 159 3807 pea
175 3734 289 3791 melos:
316 3751 442 3807 sequena
457 3751 523 3791 veru
539 3750 635 3790 sermo
650 3734 790 3790 adversus
806 3735 930 3806 pseudo·
984 3755 1096 3807 eorum,
1112 3743 1142 3793 et
1156 3736 1332 3809 promittunt
1345 3733 1387 3790 eis
1403 3749 1503 3805 pacem
1519 3736 1549 3787 et
1563 3748 1657 3804 regna
1670 3729 1806 3794 ueiestia,

108 3824 266 3897 prophetas
280 3828 325 3880 eet
338 3829 368 3880 et
382 3825 514 3881 doctores
540 3824 694 3896 pessimos,
714 3822 765 3895 qui
789 3823 933 3896 papulum
984 3831 1013 3883 et
1036 3827 1147 3892 dicunt,
1172 3841 1228 3879 non
1250 3839 1369 3879 neccsse
1383 3825 1428 3879 est
1442 3825 1475 3876 ut
1489 3820 1570 3876 vivas
1584 3821 1771 3877 contineater
1784 3822 1810 3874 et

107 3912 159 3969 Dei
174 3913 343 3969 adulatione
357 3912 558 3985 supplantant,
584 3912 755 3984 pollicentes
777 3912 930 3969 seientiam
985 3913 1310 3981 sancte,habet0s1dem
1325 3927 1415 3983 quam
1431 3910 1580 3976 dommus,
1592 3914 1624 3965 et
1634 3909 1808 3981 omniapro·

108 4001 337 4072 scripturarum,
985 4004 1078 4060 missa
1103 4001 1215 4059 [tatuini
1241 3999 1448 4071 consequeris:
1466 3997 1542 4054 408
1559 4014 1629 4071 quae
1643 3997 1807 4072 loquentes,

143 4090 235 4161 (Vers.
250 4091 269 4144 5
283 4088 358 4162 seq.)
383 4092 445 4146 unc
467 4091 535 4147 dicit
560 4092 692 4147 Dominus
715 4107 798 4163 ευμεν
817 4090 931 4163 propbe-
986 4092 1081 4165 magis
1094 4092 1248 4147 adversum
1260 4106 1309 4145 eos
1321 4089 1394 4144 iram
1406 4087 1521 4144 Domini
1534 4086 1810 4160 concitantem·

108 4186 161 4246 toa,
175 4180 223 4249 qui
236 4179 371 4235 seducunt
382 4179 516 4250 poputum
525 4195 638 4236 meum:
653 4181 703 4252 qni
712 4180 933 4236 mordentdenti-
984 4181 1058 4237 lium
1074 4180 1104 4235 in
1121 4178 1187 4234 illos
1202 4178 1396 4234 sanctificant.
1413 4176 1623 4242 Quamobrem,
1644 4193 1661 4232 o
1676 4172 1809 4243 heretici,

108 4266 156 4322 bus
169 4267 240 4332 suia,
263 4271 290 4322 et
307 4266 462 4338 praedicant
474 4284 588 4338 pacern:
603 4277 629 4324 et
642 4271 669 4324 si
681 4270 743 4340 quia
757 4285 813 4324 non
827 4264 932 4326 de'derit
987 4271 1036 4343 qui
1053 4268 1163 4341 putatis
1178 4267 1285 4322 hahere
1304 4283 1354 4321 vos
1379 4264 1572 4338 prophetiam,
1600 4269 1633 4321 et
1658 4263 1810 4321 imitamini

109 4443 200 4501 tium:
215 4448 358 4516 propterea
372 4461 429 4501 noc
443 4445 517 4500 uobis
530 4461 580 4517 pro
595 4447 702 4501 adriane
715 4444 770 4517 [al.
787 4446 932 4518 dientem]
987 4447 1060 4504 erit:
1078 4450 1106 4502 et
1116 4445 1165 4501 ubi
1174 4443 1292 4514 jactatis
1301 4442 1472 4498 vaticinium
1486 4441 1670 4514 prophetale,
1682 4442 1725 4500 ibi
1735 4439 1811 4515 spiri·

106 4533 170 4602 erit,
187 4536 212 4590 et
225 4534 342 4590 tenebre
357 4535 432 4590 nobie
444 4549 495 4606 pro
509 4533 690 4602 divinatione,
706 4539 733 4590 et
746 4535 884 4591 accumbet
898 4551 937 4607 aar
953 4557 975 4623 D
990 4541 1038 4592 tus
1054 4534 1190 4606 loquetur
1204 4532 1387 4588 immundus.
1404 4530 1521 4586 Occidet
1536 4530 1618 4587 enim
1633 4530 1681 4588 sol
1692 4530 1809 4604 justitie

103 4639 189 4694 ευμεν
208 4621 365 4695 propbetas,
381 4629 406 4678 et
420 4623 646 4679 obtenebrabitur
658 4639 742 4695 ευμεν
756 4639 799 4679 eoa
814 4623 882 4690 dica,
907 4628 933 4680 et
990 4641 1079 4697 super
1094 4622 1297 4696 hujuscemodi
1309 4619 1475 4693 prophetas,
1487 4624 1515 4676 et
1526 4619 1674 4676 videbunt
1685 4619 1810 4678 tenebrat

104 4711 308 4781 confundentur
316 4712 365 4782 qni
378 4711 472 4767 uident
484 4713 603 4768 uniones
616 4729 622 4767 :
638 4716 664 4768 et
675 4711 878 4782 confundentur
888 4713 932 4768 di·
987 4731 1057 4770 suas
1072 4718 1101 4769 et
1116 4712 1340 4768 confundentur.
1357 4710 1488 4781 Cumque
1503 4707 1595 4765 divini
1613 4709 1712 4783 magis
1727 4723 1808 4783 quau

105 4800 175 4871 uini,
191 4808 216 4855 et
230 4801 354 4871 aperient
368 4800 460 4855 vultus
472 4816 535 4857 ευοε
557 4817 659 4868 omnes,
685 4803 819 4873 quianon
833 4808 873 4857 est
888 4817 933 4857 re·
987 4801 1136 4873 Propheta
1166 4798 1274 4854 suerint
1301 4795 1494 4868 comprobati,
1519 4794 1701 4853 ridebuntur
1730 4809 1810 4869 super

106 4905 238 4962 sponsum
259 4889 317 4945 Dei.
345 4888 533 4944 Verumtamen
554 4905 600 4960 epo
617 4890 734 4962 repletur
747 4906 808 4945 snm
821 4891 933 4962 fortun·
987 4889 1110 4946 somniis
1126 4887 1199 4954 suis,
1215 4891 1243 4943 et
1258 4884 1357 4958 papuli
1369 4883 1419 4956 qui
1430 4884 1466 4940 ab
1478 4883 1519 4940 eis
1531 4884 1615 4956 prius
1631 4884 1747 4957 decepti
1756 4883 1808 4940 tue·

107 4977 173 5034 dine
182 4978 300 5049 spiritus
309 4978 430 5048 Domini,
433 4978 541 5048 jridirdo
552 4987 577 5035 et
587 4980 687 5033 uirtute
696 4978 750 5049 [ΑΙ.
762 4978 936 5052 εενίιυίε],υε
987 4981 1228 5047 rant,contrae0s
1238 4974 1406 5046 loquentur.
1416 4973 1499 5029 Tune
1509 4971 1597 5030 etiam
1610 4971 1669 5045 ipsi
1683 4967 1807 5047 magistri

109 5068 278 5123 annuntiem
301 5064 384 5124 ducah
406 5067 493 5122 scetus
518 5084 610 5134 sunm,
633 5070 660 5123 et
686 5067 770 5122 taraci
790 5071 933 5139 peceatum
987 5066 1187 5141 poenitentiam
1200 5055 1300 5138 agent,
1314 5067 1343 5120 et
1357 5076 1443 5118 nemo
1458 5077 1508 5118 eos
1523 5061 1672 5133 exaudiet,
1691 5061 1750 5118 aiei
1763 5072 1805 5132 ego

110 5154 313 5213 conmixti:
343 5156 406 5212 Haec
433 5155 499 5212 dicit
513 5157 644 5213 Dominus
667 5170 750 5228 ευμεν
772 5157 931 5229 propbetas,
987 5173 1075 5232 quem
1091 5154 1280 5210 attenderant.
1297 5151 1332 5207 at
1347 5150 1416 5223 quia
1431 5149 1559 5207 alemena
1581 5165 1664 5220 sum,
1691 5155 1723 5205 et
1749 5146 1804 5205 nula

111 5247 159 5317 qui
172 5243 304 5300 rodmunt
315 5245 448 5316 poputum
462 5246 536 5302 461
554 5261 655 5315 meum,
669 5249 695 5301 et
708 5246 833 5302 mordent
847 5245 934 5301 denti·
988 5249 1111 5303 mortem
1127 5241 1288 5316 peccatoris
1308 5238 1414 5310 (bamb.
1433 5241 1527 5307 xvrrr),
1552 5237 1603 5295 sed
1620 5236 1712 5311 cupio
1727 5240 1759 5294 at
1770 5249 1804 5291 ra·

110 5334 160 5390 bue
174 5335 242 5402 suia,
258 5337 284 5388 et
296 5333 448 5405 praedicant
462 5351 545 5406 ευμεν
559 5350 622 5390 eum
639 5349 744 5405 pacem,
769 5338 794 5388 et
817 5350 873 5391 non
895 5343 935 5391 eat
988 5339 1118 5392 vertatur
1131 5336 1160 5389 et
1173 5331 1260 5400 vivat,
1277 5345 1345 5384 cum
1359 5328 1513 5385 exaudiero
1529 5343 1590 5396 eae,
1607 5327 1687 5384 daho
1702 5327 1745 5384 eis
1758 5323 1804 5380 n'r·

108 5421 175 5480 data
189 5424 219 5478 in
233 5438 280 5479 ore
294 5438 398 5492 eorum,
422 5425 661 5495 sanctificaverunt
683 5439 766 5494 snper
784 5439 846 5482 eum
860 5440 933 5496 prae·
988 5429 1082 5480 tutem
1098 5421 1222 5495 spiritus
1238 5418 1306 5488 mei,
1330 5421 1360 5472 et
1373 5416 1502 5490 implebo
1515 5431 1566 5473 eos
1576 5415 1695 5487 judicio
1711 5430 1772 5472 meu
1782 5412 1803 5466 tt

148 5652 186 5727 (bt
200 5654 359 5728 marubii,
375 5655 471 5727 inquit
485 5654 640 5728 Victorius,
667 5671 701 5714 ex
721 5655 786 5730 ipsa
799 5653 934 5728 lectione,
954 5661 1018 5715 runt
1032 5653 1190 5730 legendum
1205 5666 1258 5725 pro
1271 5658 1299 5709 et
1312 5665 1323 5709 .·
1337 5650 1389 5711 sed
1403 5665 1475 5711 mee.
1491 5647 1551 5711 aaa
1566 5644 1778 5724 suffragantur.
1847 5654 1850 5663 ’
