3818 6104
87 307 143 381 Mt
392 313 763 382 GONNNNNdeORUM
786 317 826 379 lN
849 315 1098 380 uzuuuluutttt
1123 315 1195 380 tta.
1219 314 1256 380 V.
1278 313 1365 381 uae.
1383 306 1499 383 xxtt.
1738 314 1797 383 m

87 445 495 522 qaandcsldsrinthominem
503 454 639 510 sanctum
648 467 699 524 per
707 449 913 524 negligentiam
928 451 957 520 Α
970 448 1068 507 littore
1084 449 1257 508 ulutateset
1267 448 1386 509 castella
1397 451 1557 522 subvertet,
1572 452 1602 510 et
1611 449 1800 526 posteacbel·
1870 437 1872 440 ’

88 554 154 596 esse
168 538 341 612 prolapsum
357 544 385 595 et
394 541 524 614 gaudent
534 546 563 598 et
572 540 731 611 exsultant,
749 540 833 612 quasi
844 539 915 596 alia·
970 539 1032 595 deri
1043 540 1130 596 iaciat
1141 541 1261 613 Tyrum,
1271 539 1415 612 valletque
1427 557 1491 597 eam
1501 542 1797 617 exercitu‚etaggers,

85 645 153 685 rum
165 628 264 698 ruina,
274 646 330 685 sua
348 630 388 687 sit
407 631 590 688 resurrectio.
608 631 762 703 Propterea
773 628 916 693 Dominus
971 634 999 685 et
1011 629 1236 697 munitionibus,
1247 630 1399 703 vineisque
1411 631 1462 697 [el.
1475 630 1652 704 clypeisque}
1665 637 1693 688 at
1703 631 1799 689 arieti·

84 717 380 790 comminatur,quod
391 716 915 791 ipsecontrahujuscemodibominss
971 718 1026 775 bus
1041 720 1193 792 impugnet
1209 722 1349 775 murcset
1363 721 1507 787 destruat,
1519 725 1638 777 attenta
1653 722 1691 778 sit
1701 720 1799 777 multi-

84 805 215 877 dimicet,
231 811 260 862 et
274 807 433 864 ascendere
448 808 536 863 iaciat
550 812 651 864 contra
664 824 713 864 eos
724 806 817 863 instar
827 805 915 862 mari·
970 808 1041 863 tudo
1057 808 1190 880 equitum
1205 810 1280 879 ejus,
1302 813 1333 863 ut
1347 807 1466 879 pulvere
1481 808 1640 881 equitatus,
1655 813 1685 867 et
1699 809 1797 867 sonitu
1873 801 1881 817 ⁸

85 911 191 952 norum
208 894 353 951 lluctuum
368 894 512 968 plurimas
527 895 671 964 nationes,
688 913 752 968 quas
763 896 917 952 destruant
971 896 1114 954 ululantis
1139 896 1293 966 exercitus,
1319 903 1509 969 rotarumque
1532 899 1656 971 strepitu
1676 903 1705 956 et
1719 899 1795 956 m

84 981 117 1040 in
127 981 170 1040 eis
181 982 326 1056 quidquid
339 983 572 1040 munitissimum
583 989 612 1040 et
622 985 742 1041 firmum
752 984 877 1053 videtur,
887 988 915 1040 ct
970 1003 1112 1058 equorum
1129 987 1255 1054 hinnitu,
1274 987 1355 1043 urbis
1368 988 1559 1043 fundamenta
1570 992 1753 1059 moveantur,
1767 990 1797 1044 et

86 1072 130 1129 ita
143 1072 241 1129 omnia
255 1088 359 1129 eorum
370 1079 544 1146 argumenta
556 1075 716 1146 subvertat,
735 1079 767 1129 ut
777 1074 807 1129 iu
819 1073 916 1146 pulve·
969 1075 1012 1132 sic
1026 1075 1208 1148 ingrediatur
1218 1076 1366 1132 civitatem
1377 1075 1528 1148 dissipatis
1541 1075 1644 1146 muris,
1661 1077 1795 1150 quasi-dc

85 1161 916 1236 remmdigantur.segenasquoqueetretiaquihusprius
971 1182 1073 1237 campo
1093 1181 1214 1221 securus
1238 1165 1416 1238 ingrediens.
1442 1169 1582 1237 tantaque
1603 1164 1745 1222 securitas
1757 1166 1798 1221 sit

84 1250 237 1323 deceptam
248 1250 471 1307 multitudinem
482 1253 682 1325 piscabantur,
692 1256 807 1309 cessare
816 1251 913 1319 faciat,
970 1253 1112 1310 vincentis
1123 1254 1277 1322 exercitus,
1288 1258 1321 1310 ut
1330 1254 1442 1327 plateas
1453 1255 1521 1326 'l'yri
1530 1253 1798 1326 conculceuteqde·

83 1343 113 1398 ct
127 1339 158 1396 iu
173 1340 297 1396 deserte
313 1339 394 1396 urbis
409 1338 482 1409 solo,
506 1342 632 1414 expandi
650 1348 737 1414 atque
752 1341 865 1409 siccari,
883 1345 916 1397 ut
971 1359 1037 1398 rum
1047 1342 1174 1416 ungules,
1184 1347 1213 1398 et
1221 1342 1452 1415 omnispopulus
1460 1342 1489 1398 iu
1499 1343 1595 1400 medio
1604 1347 1723 1401 corruat
1733 1342 1799 1400 eivi-

83 1444 138 1501 pro
152 1427 216 1486 illis
230 1427 281 1486 alii
297 1429 421 1486 subeam
436 1431 606 1502 piscatores,
632 1447 705 1503 quos
722 1431 864 1487 [lominus
879 1430 914 1486 ad
970 1431 1050 1503 tatis,
1062 1436 1091 1488 et
1101 1437 1204 1488 statue
1215 1432 1363 1503 quondam
1375 1432 1499 1503 nobiles,
1511 1432 1572 1489 sive
1582 1431 1718 1489 uniuersa
1729 1431 1798 1489 suh·

83 1517 263 1591 pimmdum
275 1518 367 1574 misit.
379 1518 434 1575 Sed
448 1523 476 1575 et
486 1517 562 1576 filiae
572 1520 649 1591 ejus,
661 1536 725 1590 quae
737 1520 819 1592 prius
831 1518 916 1591 quasi
971 1521 1079 1577 stantia
1088 1522 1116 1576 in
1125 1526 1232 1577 terram
1244 1525 1371 1592 corruat,
1381 1519 1513 1594 nihilque
1522 1521 1714 1594 pristinarum
1724 1521 1797 1578 divi·

83 1605 255 1664 inthalamo
262 1606 552 1680 servabantur,etpro
560 1609 692 1682 mysticis
700 1608 916 1665 secretioribus·
970 1611 1079 1666 tiaram
1094 1611 1125 1665 in
1141 1615 1306 1684 expugnata
1318 1610 1391 1666 urbe
1404 1615 1546 1677 servetur,
1562 1611 1691 1668 sedeam
1702 1610 1798 1668 muris

82 1710 140 1767 que
154 1693 304 1751 doctrinis
318 1694 390 1750 nulli
406 1695 490 1751 l'acile
504 1696 710 1763 credebantur,
726 1713 916 1770 processuras
973 1699 1077 1755 domus
1094 1716 1210 1772 quoque
1225 1699 1339 1756 nobiles
1354 1700 1554 1766 destruantur,
1570 1704 1598 1756 ct
1611 1699 1746 1756 tentasti
1759 1698 1799 1756 vi·

81 1783 358 1856 protrahendasque
374 1784 404 1839 in
420 1784 583 1857 publicum,
599 1790 629 1841 et
640 1785 843 1842 Ecclesiastico
854 1802 916 1842 mu·
972 1789 1214 1856 ctorumsievitia,
1225 1788 1512 1862 utlignaetlapides‚
1523 1789 1574 1862 qui
1582 1789 1691 1845 residui
1701 1789 1800 1846 incen-

84 1889 175 1930 arone
190 1873 385 1943 truncandas,
408 1877 441 1931 ut
454 1873 622 1948 intelligant
636 1874 714 1947 quod
729 1875 792 1947 ipse
808 1874 847 1930 sit
861 1875 916 1931 llo-
973 1879 1021 1934 dio
1033 1877 1151 1945 luerint,
1163 1878 1193 1933 in
1205 1878 1334 1934 medium
1346 1894 1426 1935 mara
1438 1878 1642 1950 projiciantur,
1652 1878 1733 1935 stval
1745 1878 1800 1934 Na·

83 1961 199 2032 minus,
215 1960 268 2034 qui
283 1965 313 2018 et
324 1961 490 2019 ierusalem
503 1979 555 2035 pro
565 1964 692 2035 peccatis
703 1980 862 2037 parumper
872 1979 917 2020 re·
973 1967 1210 2035 buchodonosor,
1233 1966 1277 2023 vel
1302 1967 1365 2039 ipse
1388 1967 1532 2023 Dominus
1547 1967 1696 2040 quiescere
1711 1966 1800 2024 iaciat

75 2049 182 2124 liquit,
198 2057 229 2107 et
242 2051 311 2124 Tyri
325 2068 377 2124 pro
388 2051 578 2109 insultatione
590 2054 655 2124 ejus
666 2058 694 2109 et
704 2054 810 2125 gaudio
821 2051 918 2109 muni·
973 2056 1139 2112 universam
1155 2055 1236 2111 urbis
1252 2054 1394 2122 laetitiam,
1417 2072 1476 2127 qua
1491 2056 1574 2128 prius
1588 2055 1618 2110 iu
1634 2053 1757 2111 canticis
1770 2057 1800 2111 et

81 2145 185 2198 menta
202 2140 360 2197 destruxit.
973 2145 1121 2218 psalteriis
1135 2144 1321 2216 personabat,
1338 2148 1366 2199 et
1381 2145 1417 2200 ad
1432 2143 1528 2201 solum
1541 2161 1635 2217 usque
1646 2144 1799 2216 subversa,

122 2229 203 2287 m
219 2228 312 2301 (Vere.
327 2229 345 2284 6
360 2231 456 2302 seqq.)
472 2229 542 2298 Quia
556 2230 613 2286 baec
630 2229 697 2286 dicit
712 2231 843 2287 llomiuus
858 2229 916 2303 (a):
973 2235 1011 2291 ait
1022 2233 1140 2291 siccatio
1151 2249 1337 2305 sagenarum.
1354 2233 1494 2306 Quodque
1504 2233 1656 2306 sequitur:
1673 2231 1799 2290 Nouelli·

85 2319 156 2375 Brea
168 2334 218 2391 eeu
231 2317 367 2375 abducam
382 2317 417 2374 ad
434 2320 536 2391 Turum
561 2318 632 2391 (sive
647 2320 683 2375 ad
697 2327 724 2375 te
738 2320 803 2392 soa)
822 2319 917 2376 Naba·
971 2325 1096 2396 ficuberia
1109 2323 1192 2389 ultra,
1205 2322 1321 2377 videtur
1331 2322 1425 2378 faeere
1435 2322 1638 2393 questionem,
1649 2321 1797 2394 quomodo

86 2406 916 2480 edomueratrepemllatylcaisatiquilcaerepemrepum,
972 2430 1030 2469 non
1046 2413 1084 2468 sit
1099 2411 1250 2477 edificata,
1274 2426 1362 2482 quam
1386 2410 1472 2466 bodie
1486 2410 1637 2467 cernimus
1650 2409 1798 2467 thnicis

83 2512 151 2553 eum
164 2498 247 2568 epuli,
264 2505 290 2553 et
297 2498 438 2565 curribus,
454 2499 633 2569 elequitibus,
648 2502 755 2554 etcutu
763 2498 918 2570 populoque
971 2500 1186 2558 nobilissimam
1202 2503 1230 2555 et
1246 2498 1476 2570 pulcherrimam
1499 2498 1657 2556 civitatem.
1682 2500 1724 2556 llx
1738 2514 1797 2572 quo

81 2602 201 2660 meac.
217 2585 394 2654 filicetum,
411 2603 471 2658 quae
486 2589 550 2642 sunt
566 2589 595 2642 in
609 2603 685 2659 apro,
701 2587 793 2658 gladio
808 2586 917 2657 inlerfi·
971 2591 1092 2663 quidam
1108 2590 1212 2644 volunt
1225 2587 1256 2643 in
1272 2586 1375 2643 ultimo
1391 2591 1522 2660 ternpore
1536 2587 1598 2644 hec
1610 2587 1719 2660 Tyrum
1732 2602 1797 2644 essa

81 2677 146 2744 cia,
156 2680 183 2731 et
192 2674 376 2731 circumdabit
385 2678 411 2733 tc
418 2678 630 2746 munitionibus,
641 2681 667 2732 et
679 2677 861 2748 comportabit
869 2692 916 2745 aq·
972 2695 1136 2753 passuram,
1149 2694 1213 2750 quae
1228 2681 1330 2748 postea
1340 2693 1399 2732 non
1411 2676 1450 2732 sit
1460 2676 1642 2734 aedificanda.
1653 2676 1708 2734 Sed
1722 2691 1796 2749 que·

80 2778 174 2835 wem
184 2765 217 2820 iu
224 2779 303 2836 pyra,
313 2768 338 2820 ei
350 2765 451 2820 levabit
461 2769 558 2821 contra
567 2766 734 2837 teclypeum,
746 2766 882 2834 etuiueos,
891 2766 917 2819 et
948 2785 949 2789 ¹
971 2769 1057 2825 modo
1067 2767 1338 2824 Nabuchodonosor
1349 2781 1504 2838 personam
1514 2782 1631 2823 servare
1642 2769 1793 2838 poterunt:

82 2851 915 2925 aridumuelanceasltemperalitinmurcstuos,etturres
970 2853 1797 2931 presertimcumlegamusinconsequentibusNabucbu·

80 2941 527 3001 wdeewtiuarmaturasua.
535 2942 914 3016 lauudaticueequcrumejus
969 2949 1097 3004 donosor
1106 2960 1293 3018 oppugnasse
1303 2944 1424 3017 Tyrum,
1440 2942 1572 2999 ellebori
1584 2943 1630 3000 sni
1644 2959 1701 2999 non
1713 2957 1795 3000 acce

81 3033 184 3105 aperiet
199 3038 226 3087 te
237 3031 333 3104 pulvr's
346 3033 485 3099 eorum,‘a
495 3034 587 3088 souitu
597 3034 731 3103 equitum,
746 3040 771 3088 el
781 3036 913 3112 rotarum,
970 3036 1048 3108 pisse
1063 3034 1246 3090 mercedem:
1272 3038 1301 3089 et
1323 3037 1476 3104 propterea
1490 3031 1567 3087 tradi
1588 3031 1614 3088 ei
1629 3035 1794 3104 AEgyptum.

81 3124 258 3179 eteumum
265 3121 531 3176 mcuelmturmuri
541 3122 592 3189 tui,
603 3121 669 3176 dum
682 3123 913 3193 inpressmfuerit
969 3124 1039 3196 quia
1055 3123 1103 3178 llei
1119 3121 1269 3178 sententia
1285 3122 1314 3176 in
1329 3120 1395 3193 luri
1411 3119 1629 3193 oppugnatione
1644 3117 1795 3177 servierit?

79 3214 173 3283 partae
194 3215 263 3266 tuce
281 3209 363 3282 quasi
373 3225 425 3281 per
439 3211 585 3266 introitum
600 3212 675 3267 urhis
688 3210 826 3283 dissipatae
841 3197 949 3282 (siveC
968 3207 1792 3282 GrecasetPhoenicummaximequeNicolaillamasoeni,

81 3302 160 3375 quasi
173 3297 340 3370 ingrediens
354 3299 451 3354 urbem
464 3298 497 3356 de
509 3300 627 3371 eampo).
650 3299 768 3369 [lupulis
783 3317 915 3373 equorum
969 3307 998 3358 et
1008 3301 1083 3358 alias
1093 3300 1286 3356 Barbarorum
1299 3298 1382 3355 aiunt
1393 3315 1434 3371 sa,
1447 3297 1575 3370 quihuic
1585 3297 1713 3355 historie
1723 3313 1792 3354 con·

82 3405 194 3448 mrum
204 3388 379 3445 ammiralii
387 3403 479 3443 omnes
485 3388 596 3460 plateas
607 3393 683 3444 tues:
694 3389 827 3461 populum
836 3396 915 3445 tuum
968 3391 1126 3457 tradiount,
1138 3388 1244 3461 legisse
1254 3387 1402 3455 historias,
1417 3393 1445 3443 et
1455 3386 1528 3442 nihil
1540 3404 1630 3460 super
1639 3402 1792 3459 oppugna·

82 3478 172 3551 plodio
183 3476 283 3545 cadet,
298 3479 324 3532 et
337 3479 442 3535 statua
454 3486 507 3533 tue
517 3477 621 3534 nobiles
635 3479 664 3533 in
676 3487 778 3534 terram
787 3487 915 3535 ccmuem
969 3481 1047 3536 tione
1059 3477 1228 3535 stlbaldoeis
1241 3476 1488 3548 invenisss'lyria
1498 3475 1635 3541 civitatis,
1646 3491 1713 3531 cum
1724 3491 1791 3547 pro-

82 3567 154 3641 (eire
165 3567 354 3624 mmmm
364 3565 538 3635 tortitudinis
548 3571 608 3623 tuae
618 3567 649 3621 iu
661 3570 766 3622 terram
780 3566 913 3636 deducet).
962 3569 1039 3625 'bare
1048 3567 1197 3641 possimus
1206 3565 1298 3620 multa
1309 3564 1364 3620 dici
1377 3565 1406 3620 iu
1417 3564 1577 3636 Scripturis
1589 3563 1674 3633 iacta,
1686 3579 1752 3636 ques
1761 3562 1792 3619 in

82 3655 238 3714 tautum
251 3654 324 3727 (sive
336 3653 465 3726 vastabit)
480 3670 541 3726 opes
556 3661 627 3726 tuas,
644 3655 779 3727 diripient
791 3657 915 3726 nepotia-
969 3652 1793 3721 Gracisvoluminibuanoninveniantur;necdeberencs

83 3747 172 3803 auur
193 3747 259 3801 tuas
282 3743 356 3815 (sive
370 3743 499 3815 spoliabit
513 3746 697 3800 substantiam
720 3746 809 3816 tuom)
832 3747 857 3800 et
871 3745 915 3800 de·
970 3761 1071 3802 aarum
1083 3742 1249 3800 auctoritati
1260 3741 1457 3813 acquiescere,
1466 3756 1591 3812 quorum
1602 3740 1755 3812 perfidiam
1764 3742 1795 3796 et

81 3840 192 3893 terunt
205 3831 264 3902 (vel
283 3831 413 3904 destruet)
429 3848 521 3888 muros
536 3841 608 3904 tuas,
623 3840 649 3889 et
662 3833 753 3889 domos
767 3837 829 3889 tuas
840 3848 914 3905 prec-
970 3831 1122 3890 mendacia
1134 3831 1323 3888 detestamur.
1339 3829 1438 3886 Potest
1447 3845 1516 3901 ergo
1528 3829 1606 3900 quod
1616 3827 1733 3895 dicitur,
1743 3842 1794 3884 uec

81 3919 258 3991 dotamus
267 3921 474 3994 desiderabiles)
488 3922 640 3978 subvertent
650 3921 723 3995 (sive
732 3922 826 3994 vertet)
840 3931 866 3978 et
877 3921 917 3977 la·
971 3921 1151 3992 edificaberis
1163 3920 1247 3986 ultra,
1259 3918 1302 3974 sie
1314 3917 1418 3991 accipi,
1429 3917 1506 3991 quod
1520 3932 1705 3990 nequequam
1717 3916 1796 3975 ultra

83 4010 450 4085 pidumetlipnatuuet
458 4010 600 4083 puluerem
610 4010 916 4084 luumiumedicaqua·
971 4013 1011 4070 sit
1025 4011 1126 4083 regina
1140 4006 1328 4082 populorum,
1344 4023 1397 4063 nec
1412 4006 1563 4080 proprium
1579 4006 1686 4064 hebeat
1700 4006 1795 4080 impe·

86 4106 264 4172 normal
276 4099 448 4171 (sivemedio
463 4101 549 4156 maria
563 4100 693 4173 injiciet.)
708 4103 742 4157 ut
751 4102 918 4172 requiescere
973 4095 1498 4172 rium,quomodohabuitsubHiram
1508 4094 1796 4168 etcasterisregibue3

80 4189 409 4261 masticantem
416 4187 917 4262 cantorum[Vulg.cauticorum]tuc·
971 4190 1022 4246 sed
1037 4187 1081 4245 uel
1095 4184 1249 4257 chaldeis,
1264 4183 1308 4242 vel
1324 4184 1542 4257 Macedonibus,
1562 4183 1605 4241 vel
1622 4182 1797 4252 Ptolemais,

80 4277 236 4351 mteise
246 4279 383 4335 deutrum
393 4277 600 4335 multitudinem
609 4280 777 4334 musicorum
785 4278 916 4352 tuarum),
972 4283 1002 4334 et
1016 4279 1052 4334 ad
1067 4280 1249 4350 postremum
1275 4274 1414 4331 Romanis
1440 4272 1559 4346 regibus
1580 4272 1723 4330 servitura
1744 4271 1795 4327 sit.

79 4377 111 4428 a
119 4368 233 4426 natm
241 4367 414 4423 ethaeorum
424 4371 536 4422 tuarum
544 4366 673 4439 (siueuoc
681 4383 852 4438 arcanorum
861 4377 918 4424 luc
973 4366 1050 4424 Nulli
1061 4369 1160 4423 autern
1171 4364 1342 4436 ambiguum
1354 4362 1436 4435 juxta
1445 4378 1596 4436 anagogen
1606 4359 1797 4417 Nabuchodo-

79 4455 686 4530 mlecuuudieturampliueAEtdaboteia
695 4457 918 4529 limpidissimam
972 4473 1060 4514 nosor
1074 4471 1172 4528 regem
1184 4451 1350 4525 Babylonis,
1363 4450 1414 4524 qui
1429 4451 1508 4508 venit
1519 4450 1555 4506 ab
1569 4449 1722 4522 Aquilone,
1738 4448 1797 4506 dia·

77 4545 163 4620 idve
175 4545 387 4617 muamiamm)
399 4548 518 4617 petram.
533 4546 653 4601 siccatio
671 4561 837 4615 caprearum
851 4547 916 4618 eris,
932 4561 956 4628 Β
972 4543 1071 4601 bolum
1084 4540 1218 4613 intelligi,
1230 4542 1277 4594 cui
1286 4556 1352 4594 oum
1365 4537 1404 4595 sit
1417 4546 1522 4596 ventus
1534 4537 1712 4594 durissimus
1721 4540 1750 4593 et
1760 4534 1797 4592 si·

77 4634 332 4706 aedificaberit
345 4636 429 4703 utoa,
446 4635 512 4707 quia
521 4649 568 4705 ego
583 4633 688 4690 loculm
702 4650 773 4703 aum,
788 4633 856 4690 dicit
865 4635 915 4691 Dc·
971 4634 1072 4698 nister,
1102 4630 1220 4686 nomine
1248 4629 1344 4684 dener
1371 4630 1500 4694 vocatur,
1530 4642 1712 4699 presumens
1738 4624 1795 4682 sibi

80 4725 183 4783 κῆν
192 4723 274 4783 usu.
287 4723 448 4796 Utramque
461 4723 620 4779 editionem
631 4739 666 4778 ex
677 4738 757 4778 more
768 4723 915 4795 conjunxi,
972 4720 1100 4778 nominis
1111 4718 1328 4792 dignitatem,at
1336 4721 1381 4773 ast
1389 4733 1438 4772 rex
1448 4731 1551 4789 regum
1565 4714 1641 4771 288
1652 4712 1798 4771 omnium·

78 4817 117 4873 et
137 4812 171 4871 ia
188 4811 297 4887 quibus
311 4812 489 4884 discrepant,
504 4828 539 4868 ex
554 4811 645 4867 latere
659 4811 803 4884 copulavi,
820 4812 915 4868 bravi·
972 4826 1028 4882 que
1046 4824 1215 4880 regnorum,
1238 4822 1301 4878 quae
1317 4804 1445 4862 ostendit
1458 4803 1592 4872 Domino,
1614 4801 1797 4876 dixitquead

80 4899 333 4961 hfivolaminum
342 4900 590 4974 providensllrgo
600 4900 919 4972 quoddixerat,Asccn·
971 4913 1056 4955 eum:
1073 4897 1137 4954 llaec
1151 4897 1245 4951 omniu
1258 4896 1331 4951 milti
1344 4893 1447 4951 tradita
1460 4896 1535 4966 sunl,
1552 4908 1611 4964 que
1625 4891 1694 4950 dabo
1707 4892 1760 4948 titt
1772 4893 1799 4950 si

80 4991 161 5051 dm
183 4989 289 5048 taciem
313 4990 350 5046 ad
375 4992 528 5061 tegentes
554 4987 662 5045 multas
687 4988 764 5044 sicut
787 4987 919 5045 ascendit
970 4986 1115 5060 procidens
1137 4984 1294 5040 adoraveris
1319 4999 1362 5039 mc
1383 4983 1488 5055 (earm.
1512 4980 1612 5054 1v,9).
1639 4981 1697 5039 Iste
1711 4981 1799 5040 habel

81 5078 346 5149 meminens,
362 5082 391 5136 et
405 5079 461 5135 erit
475 5079 569 5151 Tyrus
579 5077 610 5135 in
621 5077 816 5150 direptionem
827 5076 919 5150 genti·
972 5091 1065 5148 equos
1086 5078 1116 5129 et
1136 5088 1251 5139 currus,
1277 5070 1438 5143 dequibus
1454 5069 1676 5142 scriptumest:
1701 5071 1800 5139 Fallax

80 5170 161 5238 hue,
172 5173 244 5227 tuso
255 5169 336 5242 ponit
350 5167 548 5237 manifestius,
559 5166 638 5238 quod
649 5165 920 5223 Nabuchodonosor
973 5180 1058 5236 equus
1073 5163 1104 5218 in
1114 5164 1231 5218 satutem
1244 5161 1301 5232 (Pe.
1314 5175 1401 5225 xxxta,
1418 5159 1473 5233 17).
1486 5158 1538 5214 llt:
1554 5158 1798 5218 hemicranium·

80 5272 193 5332 mem
209 5255 363 5330 Babylonis
372 5256 499 5314 adducet
510 5256 652 5312 [lominus
664 5256 699 5310 ab
711 5253 866 5327 Aquilone,
878 5271 921 5312 re-
973 5253 1094 5324 sesqui
1116 5249 1297 5306 ascenderunt
1320 5262 1402 5319 equas
1425 5247 1482 5320 (Pe.
1512 5253 1607 5318 cxxv).
1633 5247 1668 5304 ut
1686 5246 1717 5304 in
1741 5246 1799 5305 alic

81 5363 159 5424 pan
174 5360 289 5421 ragnum
305 5361 373 5403 cum
387 5344 511 5418 equisat
524 5343 671 5413 curribus,
687 5348 793 5399 etcum
805 5340 922 5398 infinita
974 5341 1058 5398 loco:
1076 5342 1182 5411 Equum
1196 5341 1221 5393 et
1235 5352 1407 5393 aecemcrem
1419 5338 1535 5410 projecit
1558 5339 1589 5394 iu
1602 5349 1680 5392 mare
1702 5333 1798 5408 (deod.

82 5435 238 5497 aeratus
252 5433 454 5505 multitudine,
478 5431 529 5506 qui
550 5431 633 5506 prius
648 5431 786 5489 subditas
801 5430 876 5504 Tyro
890 5430 921 5487 ia
975 5447 1023 5501 xv,
1035 5431 1072 5503 1).
1088 5429 1144 5486 lste
1155 5426 1233 5484 filias
1243 5425 1321 5500 Tyri,
1334 5425 1450 5482 animas
1462 5425 1492 5482 in
1502 5422 1717 5499 angustiastiu
1727 5438 1800 5498 quc·

125 5643 168 5718 (a)
183 5637 520 5713 AdditVictoriuslleua,
536 5636 706 5741 exvulgata
716 5633 919 5710 Hebraicoque
936 5637 1027 5693 textu.
