3818 6104
103 384 157 457 8⁰9
391 390 767 462 commessationem
789 377 834 460 m
851 393 1104 460 aasentttutt
1126 396 1200 461 tte.
1223 398 1261 463 X.
1284 396 1369 462 cte.
1391 394 1511 464 XXXll.
1744 389 1805 461 3¹0

103 524 189 583 iusrit
196 525 383 600 obscuratus,
393 527 465 588 luna
473 548 562 605 quam
570 530 773 588 hereticorum
782 530 925 587 sentimus
939 534 967 600 Α
981 529 1222 602 omniajumenta
1235 532 1324 602 illius,
1339 550 1403 605 qua
1415 537 1499 591 erant
1508 547 1598 606 super
1610 545 1702 606 aquas
1713 526 1807 606 pluria'

103 615 272 685 Ecclesiam,
299 624 327 674 et
342 636 406 692 que
422 638 439 676 a
453 620 515 677 sole
535 621 612 677 888
637 620 800 692 iniquitatis
824 619 924 676 lumen
979 635 1053 688 mas,
1071 625 1101 676 et
1117 637 1173 676 non
1190 622 1377 678 conturbabit
1391 639 1441 679 eas
1456 639 1507 696 pes
1523 621 1653 678 bominis
1669 619 1756 677 ultra.
1775 620 1806 678 Si

102 705 261 777 putabatur
270 708 412 780 accipere,
428 726 486 764 non
497 708 579 765 dabit
589 709 687 765 iumen
701 726 799 775 suum,
816 725 868 764 neo
879 704 926 764 de·
979 708 1057 763 enim
1080 709 1183 765 beatus
1205 712 1255 782 qui
1279 712 1404 767 seminat
1419 728 1508 784 super
1522 728 1625 783 aquas,
1642 709 1692 766 uhi
1707 709 1760 765 bos
1775 712 1805 766 et

102 794 186 866 cipiet
201 796 354 852 credentes
370 796 435 854 salsi
452 798 580 854 nominis
591 799 720 853 scientia.
738 797 843 853 Omnia
853 815 924 870 quo·
978 795 1079 852 asinus
1089 798 1180 853 calcat
1190 801 1253 867 (ian.
1267 799 1369 870 xxxiii:
1381 816 1397 855 e
1409 797 1664 855 contrarioinlelir
1675 797 1804 871 quinim-

102 897 152 953 que
167 881 330 939 luminaria
346 890 375 941 et
385 886 526 957 quidquid
540 886 653 941 videtur
664 886 694 940 in
706 885 850 942 hereticis
861 902 924 941 esse
978 884 1068 956 piices
1083 886 1200 958 quidem
1216 905 1269 944 suo
1285 888 1362 944 ultra
1378 889 1485 960 poterit
1499 904 1595 944 errore
1610 888 1743 954 retinere,
1761 888 1803 944 ita

100 971 247 1038 doctrina,
274 961 417 1030 exstincto
433 975 570 1044 dracone,
597 975 764 1041 siccabitur,
781 975 841 1030 sive
856 991 923 1029 mae-
978 977 1011 1027 ut
1032 990 1082 1044 pes
1103 975 1232 1031 hominis
1257 993 1315 1033 non
1330 977 1421 1033 calcet
1436 978 1466 1032 in
1482 977 1535 1043 eis,
1552 993 1609 1049 quo
1631 993 1667 1032 ne
1681 976 1801 1049 signum

101 1059 213 1128 nebunt,
235 1061 368 1133 principe
384 1063 507 1134 perdito,
530 1063 571 1119 ita
586 1068 618 1118 ut
632 1063 695 1136 ipse
710 1063 851 1119 Dominus
865 1068 922 1118 ter·
978 1062 1096 1132 quidem
1108 1065 1256 1135 sapientiae
1265 1071 1351 1138 atque
1360 1065 1482 1122 rationis
1490 1065 1720 1138 aquaeAEgyptiae
1730 1065 1760 1120 in
1769 1081 1802 1122 se

101 1163 157 1203 ram
173 1148 379 1206 haereticorum
395 1151 507 1223 operiat
519 1153 657 1219 tenebriS,
674 1152 839 1225 ignorantia
850 1151 925 1207 scili·
978 1149 1085 1206 habere
1095 1151 1258 1208 videantur.
1274 1154 1388 1227 Ungula
1402 1171 1518 1226 quoque
1526 1155 1729 1225 jumentorum
1739 1170 1799 1209 non

102 1240 140 1292 eet
162 1237 309 1308 veritatis,
337 1245 370 1294 ut
390 1240 456 1294 caeei
472 1256 563 1295 cacos
578 1240 685 1295 ducant
703 1241 732 1295 in
750 1241 871 1311 foveam,
896 1244 924 1295 et
977 1239 1109 1295 turbabit
1124 1258 1183 1306 eas,
1200 1248 1233 1298 ut
1251 1243 1287 1298 de
1301 1242 1518 1315 limpidissimis
1535 1248 1623 1315 atque
1638 1241 1801 1299 nitentibus

102 1324 279 1382 habitatores
294 1333 377 1382 terra
390 1328 545 1383 mittantur
560 1329 589 1383 in
607 1330 741 1385 tenebras
756 1330 922 1394 exteriores,
978 1328 1065 1384 iaciat
1077 1330 1210 1386 turbidas
1222 1336 1308 1403 atque
1320 1348 1462 1388 coenosas.
1475 1333 1556 1387 Tunc
1569 1332 1732 1388 redduntur
1742 1347 1801 1388 non

103 1412 145 1468 ubi
160 1419 208 1469 est
222 1415 310 1470 fletus
324 1419 352 1471 et
363 1416 623 1471 stridordentium.
641 1417 782 1472 Posthac
796 1417 921 1471 dicitur:
978 1416 1014 1471 ab
1030 1416 1096 1486 alio,
1113 1420 1164 1475 sed
1179 1421 1216 1474 ab
1229 1419 1292 1492 ipso
1306 1420 1441 1491 Domino,
1453 1437 1536 1492 aque
1548 1420 1724 1492 purissime,
1736 1436 1801 1491 ques

102 1501 264 1559 litirritabo
275 1519 322 1559 eor
332 1503 508 1575 populorum
520 1506 692 1572 muitarum,
704 1522 771 1561 cum
783 1506 923 1561 induxero
977 1505 1113 1562 draconis
1129 1508 1244 1563 fuerant
1258 1508 1457 1565 dominatione
1480 1509 1624 1565 turbata:
1641 1506 1685 1563 ita
1698 1512 1731 1563 ut
1746 1507 1801 1563 ilu-

102 1590 315 1655 coutritionem,
345 1593 405 1649 sive
428 1593 624 1664 captivitatem
645 1598 726 1650 tuam
742 1594 923 1666 ingentibus
978 1594 1172 1651 minaeorum
1186 1595 1804 1669 labanturquasioleum,etsintverilumi-

102 1684 310 1752 superterram
326 1696 416 1752 quam
433 1681 538 1749 nescis,
562 1687 594 1738 ut
609 1684 660 1755 qui
682 1683 764 1754 prius
780 1683 923 1739 Pharaoni
978 1683 1024 1739 nis
1047 1685 1270 1742 nutrimentum.
1296 1691 1361 1742 Hac
1375 1691 1474 1742 autem
1489 1687 1569 1754 ssent,
1596 1701 1663 1741 cum
1687 1684 1802 1741 dederit

101 1770 267 1840 servierant,
283 1771 448 1826 irascantur
463 1776 564 1827 eontra
578 1789 657 1837 eum,
683 1773 814 1828 videntes
830 1773 922 1844 capti·
977 1772 1121 1829 Dominus
1146 1779 1255 1831 terram
1274 1776 1385 1848 AEgypti
1402 1773 1574 1842 desolatam,
1599 1777 1628 1830 et
1642 1773 1802 1846 perdiderit

100 1856 214 1913 vitatem
230 1858 297 1929 ejus
312 1858 349 1913 ad
365 1858 451 1914 aliam
468 1864 587 1926 terram,
603 1877 692 1931 quam
709 1861 796 1916 draca
813 1861 922 1917 nescie·
978 1860 1197 1919 multitudinem
1214 1846 1288 1934 ejus,
1305 1863 1474 1936 etpereussi
1486 1863 1708 1918 fuerintomnes
1720 1861 1803 1917 bebi·

100 1944 142 2001 hn
154 1961 234 2016 esse,
248 1947 432 2018 perductam.
449 1948 658 2005 Necdebemus
670 1948 818 2022 ambigere
831 1950 924 2005 bonae
977 1953 1085 2006 latores
1111 1950 1201 2023 illius,
1226 1957 1258 2007 ut
1283 1952 1339 2008 isto
1355 1952 1487 2025 proiectu
1504 1948 1578 2007 scire
1593 1950 1709 2022 possint
1723 1950 1801 2022 quod

100 2049 155 2091 cese
169 2038 280 2102 terras,
304 2052 379 2108 quas
402 2036 513 2092 Pharao
529 2037 649 2101 nesciat,
674 2037 783 2093 scilieet
806 2039 922 2109 quando
976 2037 1039 2109 ipse
1054 2039 1093 2094 sit
1107 2040 1259 2096 Dominus.
1277 2041 1358 2108 Quod
1374 2044 1472 2096 autem
1483 2039 1639 2113 jungitur:
1660 2037 1802 2095 Planctus

99 2124 249 2196 captivitas
258 2123 420 2180 Pharaonis
430 2124 662 2198 aliaeaptivitate
671 2130 811 2194 mutatur,
821 2127 923 2198 dequa
977 2131 1032 2193 est,
1044 2133 1073 2183 et
1085 2127 1225 2202 plangent
1234 2145 1301 2184 eum
1315 2128 1380 2185 filiae
1392 2130 1523 2201 gentium
1536 2144 1625 2200 super
1634 2128 1801 2200 AEgyptum‚

100 2211 201 2269 dicitur
216 2214 253 2269 ad
270 2203 451 2269 Sal'uatorem
466 2231 472 2269 :
489 2215 656 2271 Ascendens
672 2215 701 2269 in
713 2214 815 2285 altum,
832 2216 922 2287 capti·
977 2223 1004 2272 et
1013 2231 1101 2287 super
1112 2216 1332 2272 multitudinem
1343 2219 1407 2289 ejus
1418 2216 1556 2290 plangent
1566 2233 1644 2287 eum,
1654 2216 1696 2271 ait
1704 2215 1803 2273 Domi·

100 2315 164 2356 mm
176 2301 260 2356 duxit
274 2301 491 2374 captivitatem:
518 2303 630 2374 accepit
653 2303 733 2374 (sive,
747 2305 832 2374 juxta
849 2311 922 2373 nno·
977 2320 1034 2360 nus
1052 2305 1136 2370 Deus,
1153 2305 1320 2377 perepicum
1332 2310 1376 2362 est
1387 2306 1502 2362 animas
1513 2305 1644 2362 omnium
1656 2303 1803 2376 gentium,
1873 2349 1875 2353 ,

103 2387 206 2445 stolum
220 2389 331 2462 (Epher.
348 2407 385 2455 ru,
401 2391 440 2461 8),
455 2390 545 2461 dedit)
561 2391 638 2446 dona
652 2391 821 2448 hominibus
834 2392 921 2461 (Ptol.
977 2408 1040 2463 quae
1065 2393 1147 2462 prius
1171 2409 1316 2465 oppressa
1343 2395 1457 2449 fuerant
1479 2393 1538 2449 sive
1553 2409 1655 2448 carum
1668 2392 1801 2464 gentium

102 2494 181 2544 mur,
198 2478 255 2547 19).
282 2480 318 2534 m
332 2483 508 2551 stupescere,
538 2479 643 2552 inquit,
670 2480 776 2535 seciam
792 2485 923 2552 superte
977 2495 1040 2551 quae
1058 2496 1241 2552 nequaquam
1258 2482 1288 2536 in
1299 2485 1421 2553 AEgypto
1435 2480 1636 2545 morabantur,
1653 2476 1745 2534 sedin
1757 2493 1800 2532 re-

99 2567 354 2639 popuiosmultas,
368 2574 398 2622 ut
409 2568 460 2639 qui
473 2567 555 2640 prius
566 2569 725 2625 Pharaonis
735 2570 921 2625 admiraban·
977 2568 1062 2640 gione
1077 2568 1245 2638 viventium,
1269 2570 1454 2624 intersectum
1479 2568 1635 2624 draconem
1651 2565 1801 2638 plangere,

98 2660 142 2711 tur
157 2657 332 2729 potentiam,
348 2663 452 2728 postea
466 2673 532 2712 eum
549 2656 731 2714 admirentur
746 2659 784 2719 de,
796 2675 849 2713 suo
864 2658 923 2714 cul·
976 2660 1006 2712 et
1020 2673 1138 2713 omnem
1153 2657 1374 2714 multitudinem
1386 2659 1467 2728 eJus:
1485 2673 1541 2712 non
1558 2672 1609 2728 spe
1619 2653 1735 2720 salutis,
1751 2653 1803 2710 sed

98 2745 173 2802 mine
186 2745 343 2801 cecidisse.
360 2746 453 2817 Reges
468 2761 584 2816 quoque
605 2746 781 2818 populorum
803 2747 922 2803 horrore
979 2746 1055 2817 quod
1071 2747 1108 2803 de
1122 2751 1203 2802 tanta
1218 2746 1348 2820 potentia
1361 2763 1414 2803 sua
1429 2745 1498 2802 vitio
1513 2748 1542 2801 et
1555 2742 1692 2816 superbia
1707 2742 1801 2813 dejec-

95 2833 406 2907 nimiouiormidahunt
421 2850 511 2905 super
524 2850 602 2900 eum,
619 2851 745 2906 quorum
762 2851 851 2908 regna
866 2836 921 2891 Do·
976 2838 1024 2890 tus
1040 2835 1122 2890 sitin
1138 2840 1245 2891 aeterna
1260 2835 1417 2908 supplicia.

95 2921 174 2978 mino
187 2922 328 2978 diabolus
343 2922 483 2989 ostendit,
500 2928 528 2978 et
542 2924 579 2978 de
593 2924 702 2995 quibus
712 2923 741 2978 in
752 2924 866 2995 psalmo
877 2925 920 2979 di·
1011 2923 1104 2995 (Vere.
1117 2926 1159 2993 17,
1172 2927 1266 2998 saep)
1278 2948 1292 2975 α
1313 2926 1338 2980 't
1349 2924 1460 2980 iactum
1471 2921 1555 2978 estin
1566 2919 1739 2977 duodecimo
1751 2936 1801 2975 an-

93 3010 188 3067 eitur:
206 3011 360 3067 Astierunt
372 3027 453 3083 reges
467 3016 560 3079 terra,
577 3017 605 3066 et
620 3013 767 3084 principes
778 3029 920 3069 convene·
976 3031 990 3059 «
1007 3027 1055 3077 no,
1072 3011 1100 3066 in
1117 3012 1348 3083 quintadecima
1364 3010 1484 3075 mensis,
1500 3010 1611 3065 sactum
1624 3013 1669 3065 est
1677 3008 1799 3064 verbum

94 3105 162 3156 runt
175 3099 208 3155 in
225 3116 320 3155 unum
337 3101 393 3172 (Pa.
410 3118 441 3166 ιι,
452 3103 491 3168 2).
507 3106 566 3156 Hoc
579 3105 677 3156 autem
688 3102 813 3156 fieteum
825 3102 921 3157 volare
977 3119 991 3148 (ι
1008 3099 1122 3155 Domini
1137 3101 1172 3156 ad
1190 3117 1247 3169 me,
1263 3101 1384 3157 dicens:
1401 3099 1454 3155 Pili
1469 3097 1610 3164 hominis,
1624 3113 1696 3154 cane
1712 3096 1799 3170 lugu·

94 3188 342 3262 emperitgladius
354 3187 468 3244 Domini
480 3205 569 3261 super
582 3190 671 3245 facies
684 3206 796 3259 eorum,
812 3191 920 3246 subau-
976 3209 990 3237 «
1007 3187 1057 3243 bre
1071 3204 1160 3260 snper
1175 3189 1394 3245 multitudinem
1410 3188 1534 3261 AEgypti,
1550 3191 1579 3243 et
1598 3185 1720 3242 detrahe
1732 3201 1798 3242 eam

94 3277 175 3332 ditur
189 3293 306 3350 regum,
322 3278 382 3333 sive
398 3278 584 3350 populorum.
609 3277 731 3334 Gladius
753 3284 849 3333 autem
865 3279 921 3334 Do·
937 3266 958 3333 C
977 3296 992 3325 «
1008 3275 1114 3348 ipsam,
1139 3282 1167 3333 et
1192 3278 1267 3334 filias
1286 3278 1417 3351 gentium
1434 3277 1621 3333 robustarum
1637 3275 1673 3331 ad
1687 3278 1797 3332 terram

95 3365 168 3421 mini
183 3364 395 3439 intelligendus
411 3370 455 3421 est
470 3366 570 3422 vivens
587 3382 681 3422 sermo
696 3367 754 3438 Dei,
770 3372 798 3422 et
810 3367 922 3435 efficax,
978 3385 993 3414 «
1008 3363 1155 3430 ultimam,
1171 3381 1238 3422 cum
1256 3367 1301 3422 hie
1315 3367 1365 3438 qui
1381 3365 1603 3422 descenduntin
1613 3364 1721 3420 lacum.
1738 3365 1801 3429 Quo

94 3460 124 3509 et
137 3458 246 3510 acutus
261 3471 352 3526 super
365 3471 483 3510 omnem
499 3454 629 3528 gladium
646 3471 681 3510 ex
696 3460 820 3527 utraque
843 3460 924 3526 parte
979 3475 992 3503 n
1009 3453 1214 3525 pulchriores,
1235 3455 1389 3519 descende,
1404 3459 1433 3510 et
1447 3453 1542 3508 dormi
1558 3469 1626 3508 cum
1641 3451 1801 3507 incircum·

96 3548 230 3607 acutum,
241 3543 292 3614 qui
303 3542 381 3599 volat
391 3548 480 3614 atque
490 3542 631 3598 discurrit
641 3548 670 3599 et
681 3544 851 3616 perstringit
862 3561 922 3599 cer·
978 3564 993 3592 «
1009 3541 1087 3597 cisia.
1105 3548 1134 3598 tn
1150 3544 1245 3599 medio
1260 3543 1478 3599 interfectorum
1494 3541 1591 3614 gladio
1603 3541 1727 3597 cadent:
1743 3537 1804 3613 gla-

95 3630 231 3699 nentium
241 3630 343 3686 oculos
353 3630 510 3702 vultusque
523 3632 658 3697 deterret,
672 3637 703 3687 ut
715 3633 923 3703 obstupescen-
979 3653 992 3680 n
1010 3631 1077 3686 dius
1092 3631 1178 3687 datus
1194 3637 1254 3688 est:
1271 3635 1454 3687 attraxerunt
1467 3645 1543 3697 eam,
1560 3633 1589 3686 et
1599 3645 1702 3685 omnes
1713 3644 1806 3700 popu·

95 3722 140 3775 tes
155 3736 245 3792 super
259 3719 348 3775 ruina
364 3719 536 3787 Pharaonis,
562 3736 594 3776 se
609 3721 639 3775 in
655 3721 704 3776 illo
728 3721 845 3777 videant
859 3737 925 3777 esse
979 3741 993 3768 «
1009 3715 1806 3790 losejus.hoquentureiinpotintissimirobustorumde

96 3807 235 3879 dejectos.
251 3808 289 3864 itt
305 3808 420 3864 Domini
442 3808 561 3879 quidem
577 3809 703 3881 gladius,
719 3810 755 3865 de
778 3826 835 3881 quo
850 3810 924 3864 scri·
980 3828 994 3855 n
1009 3807 1105 3862 modia
1121 3807 1239 3878 interni,
1264 3808 1314 3880 qui
1330 3822 1397 3863 cum
1422 3805 1647 3862 auxiliatoribus
1668 3805 1733 3876 ejus
1753 3803 1804 3876 [ct.

96 3901 182 3967 ptum
192 3900 251 3952 est:
263 3897 337 3952 Dece
348 3896 394 3952 bie
405 3897 519 3969 positus
529 3897 613 3954 estin
625 3897 739 3954 ruinam
755 3902 783 3954 et
793 3914 925 3954 resurrc-
981 3917 995 3946 «
1010 3895 1084 3967 suis]
1101 3895 1325 3964 descenderunt,
1347 3900 1376 3951 et
1390 3895 1574 3951 dormierunt
1587 3893 1665 3950 888
1681 3893 1720 3964 (c)
1735 3907 1803 3948 cum

100 3983 225 4039 chocem
238 3985 401 4041 multorum
417 3985 493 4056 (Luc.
510 4002 541 4051 ιι,
557 3987 616 4057 34),
630 3987 764 4057 jacentes
779 3985 880 4054 elevat,
898 3990 926 4042 et
979 4005 994 4034 α
1011 3982 1235 4050 incircumcisis,
1252 3984 1471 4054 interfectisque
1485 3981 1593 4055 gladio.
1611 3981 1653 4038 lbi
1668 3983 1762 4038 Assur
1776 3982 1806 4036 et

102 4068 181 4126 male
193 4077 311 4141 erectos,
327 4071 494 4129 humilitate
505 4078 676 4129 commutat.
693 4073 815 4129 Gladius
826 4078 925 4130 autem
980 4095 994 4122 «
1010 4072 1107 4128 omnis
1122 4072 1280 4129 multitudo
1295 4073 1370 4144 ejus,
1386 4071 1556 4128 incircuitu
1572 4070 1652 4128 illins
1667 4069 1802 4142 sepulcra

101 4159 178 4232 regis
192 4159 347 4234 babylonis
360 4161 457 4217 veniet
471 4178 561 4234 super
575 4162 733 4218 draconem
747 4151 924 4235 AEgyptium,
981 4183 995 4211 «ι
1012 4159 1103 4227 illiue,
1119 4176 1221 4217 omnes
1236 4161 1391 4230 interiecti,
1407 4165 1436 4216 et
1450 4160 1499 4231 qui
1516 4160 1684 4216 ceciderunt
1695 4157 1805 4232 gladio,

101 4252 131 4303 ut
145 4247 174 4303 in
185 4247 293 4322 gladiis
306 4249 441 4319 tortium,
454 4250 514 4306 sive
524 4249 688 4323 gigantium
699 4250 817 4322 dejiciat
827 4250 925 4307 Domi·
980 4272 995 4301 (ι
1011 4265 1137 4322 quorum
1154 4250 1222 4306 date
1236 4254 1305 4306 sunt
1321 4249 1457 4322 sepulcre
1469 4249 1499 4303 in
1511 4248 1680 4304 novissimis
1690 4246 1762 4302 laci:
1777 4250 1807 4302 et

104 4352 157 4393 nus
171 4337 394 4394 multitudinem
408 4340 483 4409 ejus,
501 4339 551 4411 qui
563 4355 660 4411 regem
673 4339 787 4412 AEgypti
798 4340 927 4396 sectaba·
980 4359 995 4387 «
1010 4337 1087 4393 iacta
1101 4346 1145 4393 est
1157 4337 1314 4394 multitudo
1329 4339 1393 4409 ejus
1409 4353 1575 4410 pergyrum
1586 4334 1714 4408 sepulcri
1729 4334 1804 4405 ejus,

106 4429 159 4480 tur.
169 4425 428 4499 inexpugnabiles,
441 4426 545 4498 inquit,
562 4426 622 4483 sive
633 4427 801 4499 pestilentes
811 4428 846 4484 de
856 4444 925 4500 gen·
981 4448 995 4476 r
1011 4426 1138 4483 universi
1153 4426 1296 4482 interiecti
1313 4426 1510 4496 cadentesque
1532 4423 1630 4496 gladio
1650 4421 1700 4494 qui
1716 4420 1807 4477 dede-

107 4512 181 4570 tihua
199 4530 304 4571 omnes
319 4514 380 4585 isti,
392 4519 425 4570 ut
437 4515 517 4571 aaa
532 4514 601 4571 maii
619 4516 653 4571 ad
670 4515 851 4588 puniendum
867 4522 926 4572 tra·
982 4535 996 4565 ι
1010 4520 1077 4570 rant
1090 4515 1238 4587 quondam
1251 4514 1436 4569 formidinem
1447 4513 1477 4566 in
1488 4516 1566 4568 terra
1575 4509 1747 4567 viventium.
1760 4506 1804 4565 lbi

109 4599 207 4658 matur
221 4603 385 4676 pejoribus,
401 4603 437 4659 de
452 4603 561 4674 quibus
572 4604 714 4676 seriptum
729 4610 792 4660 est:
810 4605 926 4661 Immis·
942 4627 964 4692 ὓ
981 4625 995 4653 «
1011 4603 1104 4659 AEiam
1114 4604 1248 4659 ctomnis
1259 4601 1416 4657 multitudo
1427 4602 1491 4672 ejus
1502 4617 1554 4673 per
1564 4614 1667 4673 gyrum
1677 4595 1803 4669 sepulcri

109 4687 211 4747 donem
227 4707 280 4763 per
292 4691 422 4763 Angelos
437 4692 584 4763 pessimos
606 4693 662 4763 (Ρι.
687 4709 790 4763 nxxvu,
811 4692 866 4764 ts).
893 4694 927 4749 itt
981 4712 997 4741 α
1013 4690 1093 4747 illius
1109 4692 1203 4763 [Vale.
1220 4691 1296 4762 sui]:
1313 4705 1416 4746 omnes
1432 4688 1461 4744 hi
1474 4685 1618 4744 interlecti
1629 4689 1807 4756 ruentesque

109 4779 277 4849 sparetus:
303 4781 382 4845 Quos
398 4779 515 4849 tradidi,
538 4780 644 4854 inquit,
671 4780 794 4850 Satanae,
815 4787 848 4837 ut
862 4782 924 4837 dis·
982 4801 997 4831 a
1011 4779 1118 4850 gladio,
1136 4781 1186 4851 qui
1202 4779 1417 4835 descenderunt
1431 4773 1629 4832 incircumcisi
1645 4773 1682 4830 ad
1698 4776 1808 4829 terram

111 4871 168 4921 mat
179 4882 238 4923 non
250 4866 472 4940 blasphemare,
494 4867 538 4924 vel
555 4868 585 4923 in
601 4869 754 4925 interitum
770 4872 877 4941 carnis,
893 4874 925 4926 ut
980 4890 994 4917 α
1013 4867 1167 4922 ultimam:
1185 4867 1234 4940 qui
1252 4871 1413 4940 posuerunt
1428 4870 1567 4921 terrorem
1579 4878 1667 4918 suum
1684 4860 1714 4917 in
1730 4864 1810 4918 terra

113 4953 221 5024 spiritua
233 4955 336 5012 salvus
353 4955 404 5011 ilat
430 4958 453 5028 (i
468 4957 526 5012 Tim
553 4975 574 5024 ι,
588 4959 645 5028 20).
670 4957 743 5013 Cum
759 4962 857 5015 autem
875 4975 926 5032 per
980 4977 995 5005 «
1011 4955 1185 5010 viventium:
1199 4959 1228 5010 et
1238 4959 1426 5028 portaverunt
1437 4949 1629 5025 ignominiam
1644 4966 1727 5008 suem
1738 4965 1807 5007 cum

112 5036 302 5113 hemmoni
339 5044 492 5102 ministros
519 5046 632 5117 dejecta
671 5048 758 5103 luerit
786 5048 926 5120 superbia
980 5037 1802 5115 «bisquidescendnntinlacum.1nmadiointerta·

113 5127 221 5206 AEgppti,
246 5138 276 5191 et
299 5133 460 5190 multitudo
484 5133 565 5190 illins
588 5134 741 5209 dissipata,
766 5138 926 5209 perdentur
981 5154 995 5182 o
1012 5137 1125 5189 olorum
1136 5136 1297 5204 posuerunt
1306 5130 1401 5186 cubile
1414 5129 1478 5201 eius
1488 5128 1518 5184 in
1531 5128 1677 5186 universis
1687 5126 1805 5201 populis

140 5343 174 5415 (a)
188 5348 228 5402 De
243 5361 327 5402 more
340 5343 487 5402 Victorius
503 5363 569 5402 cum
586 5347 710 5419 Vulgata
723 5352 752 5403 et
773 5347 924 5416 Hebraico,
981 5346 1110 5418 amplius
1121 5362 1195 5419 opus
1207 5362 1264 5401 non
1275 5347 1355 5411 erat;
1368 5343 1459 5398 immo
1471 5342 1564 5425 magis
1576 5340 1765 5425 conveniebat
1775 5343 1810 5423 ut

114 5410 276 5475 merant
290 5418 483 5473 incircumcisi
495 5419 636 5488 interfecti
644 5419 746 5486 plodio.
764 5419 798 5473 Et
809 5435 925 5491 sensus,
982 5424 1140 5490 exponeret
1155 5422 1264 5490 postea,
1281 5416 1402 5488 quinam
1419 5419 1517 5470 essent
1531 5427 1729 5470 incircumcisi
1744 5415 1807 5481 retr,

116 5481 121 5493 '
156 5487 925 5569 uitipeospotentissimosrobustorumdescendisse
981 5481 1808 5611 cumquibusdormiredehebatlpotentissimipinquiens,

113 5558 136 5609 et
160 5573 284 5615 ormnssa
295 5558 529 5628 incircumcisos,
541 5560 779 5631 interfectosque,
790 5577 846 5616 non
858 5577 925 5616 curn
981 5558 1443 5631 robustorum,quiincireumcrsi
1470 5555 1810 5623 ormrerunt‚1nterlect1·

113 5621 315 5709 iacimumcisia
331 5629 561 5702 interiectisque.
582 5632 639 5687 lloc
657 5633 736 5687 enim
752 5647 820 5686 cum
836 5649 926 5704 supra
980 5647 1038 5758 pue
1052 5639 1129 5686 sunt.
1147 5631 1293 5702 lmprcssa
1307 5634 1406 5686 autem
1421 5627 1506 5685 lectio
1521 5627 1617 5701 magis
1633 5624 1707 5683 Lxx
1716 5640 1808 5698 qnam

113 5694 497 5768 maerensmaerens·
506 5703 787 5772 cemincircurncicia,
796 5708 926 5777 repetere
1007 5702 1152 5775 ieronymi
1164 5706 1219 5758 est.
