3840 6098
97 337 178 409 ttae
413 336 789 406 eouuunrnnroanu
811 337 852 403 m
875 332 1104 401 znossstsu
1124 336 1200 402 nra.
1222 339 1275 405 m.
1299 339 1386 404 oar.
1406 336 1488 406 xiv.
1722 328 1802 406 teto

98 478 184 547 ubit,
206 483 315 550 oporto
329 477 488 550 benjamin,
502 491 588 548 aeque
601 475 641 532 ud
652 484 759 547 portam
773 475 850 531 tm
864 491 923 546 prs·
938 470 966 539 Α
980 471 1123 530 Dominus
1137 474 1223 532 lesus
1238 491 1288 532 rex
1302 475 1390 532 luerit
1403 488 1493 548 super
1506 489 1623 534 omnem
1634 478 1753 544 terram,
1765 477 1802 535 de

98 583 186 634 mom,
196 567 328 639 usquead
336 575 445 638 portam
454 566 627 636 eupatorem,
639 569 665 620 ot
675 565 805 638 usquead
816 569 924 620 turrem
978 566 1036 634 quo
1065 564 1100 619 sd
1118 564 1231 620 Patrem
1255 565 1381 636 Spiritus
1397 567 1517 620 sanetus
1527 563 1657 637 loquitur
1668 580 1720 638 per
1731 570 1801 623 Pro·

99 655 423 728 (olinamuetmapuead
433 656 663 725 torculariurepis
673 655 922 724 habitabuntinea
978 652 1096 724 phetam
1113 671 1119 708 :
1139 659 1219 718 Deus,
1239 655 1382 724 judicium
1395 658 1474 710 tuum
1490 656 1550 723 rupi
1564 655 1609 720 do,
1625 662 1651 711 et
1659 656 1803 727 justitiam

99 745 433 804 aunuthemouttranoo
443 746 506 814 erit,
516 750 542 798 et
552 743 692 799 habitabit
701 744 853 800 iuuante-m
862 758 924 798 eou-
978 747 1057 797 tuom
1070 742 1127 814 titio
1140 745 1214 814 repis
1229 744 1313 814 (Prot.
1332 747 1406 809 suxi,
1420 742 1446 814 1)
1460 761 1467 799 ι
1486 746 1554 798 tuno
1568 760 1646 799 unus
1661 744 1804 802 Dominus

99 834 197 908 fidens.
213 833 446 892 Exstruotionem
463 833 544 888 urhis
558 832 732 899 Jerusalem,
742 837 771 888 et
781 848 924 904 uquarum
979 833 1043 896 erit,
1059 833 1168 904 dequo
1184 833 1399 905 scriptumest:
1415 832 1516 889 Scitote
1531 835 1662 904 wentam
1671 835 1803 891 hominm

99 939 253 998 egressum
264 923 405 978 demedio
416 922 491 993 ejus,
503 939 567 993 quea
578 923 614 977 ad
626 921 927 994 utrumquedelluant
979 922 1038 993 ipae
1052 931 1092 977 eat
1106 923 1176 977 Deua
1190 923 1278 994 (Dour.
1296 939 1334 992 iv,
1351 923 1396 993 35)
1410 938 1417 977 :
1438 923 1472 977 Et
1487 937 1578 977 unum
1603 939 1709 979 nomen
1727 925 1802 996 ejus,

101 1029 192 1079 mare,
209 1012 303 1071 Judaei
319 1016 348 1068 et
362 1011 518 1067 Christiani
530 1011 726 1082 judaizantes,
749 1011 852 1066 ultimo
869 1010 925 1066 sibi
981 1011 1061 1066 omni
1078 1028 1167 1082 prava
1181 1010 1319 1085 religione
1334 1010 1452 1079 calcata,
1464 1009 1631 1082 juxtaillud
1644 1012 1721 1084 quod
1735 1012 1804 1069 Pro·

99 1105 233 1174 tempore
257 1100 477 1173 repromittunt,
501 1100 618 1172 quando
633 1115 753 1155 rursum
768 1100 928 1156 exercenda
980 1099 1069 1172 pheta
1084 1101 1236 1157 decantat:
1257 1103 1382 1164 Domine,
1398 1101 1529 1156 Dominus
1542 1109 1644 1171 norm,
1656 1117 1739 1175 quom
1753 1102 1806 1158 od·

101 1188 286 1248 oiroumeisio
302 1188 350 1258 sit,
366 1193 395 1243 et
410 1187 596 1243 immolandae
619 1187 753 1258 victima,
776 1193 804 1244 et
827 1188 927 1244 omnis
980 1189 1108 1244 mirabile
1119 1198 1266 1245 cernamur
1279 1197 1356 1244 tuum
1366 1189 1617 1244 inuniveraaterra
1628 1188 1753 1260 (Parni,
1763 1188 1805 1263 ll!

102 1278 189 1347 Legis
204 1281 348 1349 precepta
362 1277 514 1344 servanda,
531 1280 635 1332 utnon
650 1276 743 1332 Judoei
759 1276 926 1348 Christiani,
980 1277 1016 1332 lit
1028 1294 1166 1333 rursum:
1184 1276 1366 1350 liupuificoeti
1377 1293 1562 1350 superamare
1574 1286 1807 1335 numentanorum

101 1368 154 1425 sed
169 1365 327 1423 Christiani
341 1365 435 1421 Judaei
461 1366 542 1420 flant.
569 1366 601 1420 ln
621 1366 678 1429 die,
698 1366 848 1439 inquiunt,
865 1365 926 1432 illa,
982 1370 1060 1422 tuum
1085 1369 1142 1438 (Pa.
1163 1383 1286 1434 cxxxmr,
1303 1366 1341 1438 3).
1358 1367 1393 1422 itt
1408 1365 1476 1422 alibi
1491 1383 1497 1421 :
1515 1366 1806 1436 simpronianum,

102 1453 362 1529 quaudoChristus
373 1453 674 1510 inJerusalemaurea
683 1459 770 1526 atque
780 1460 928 1527 gemmata
982 1456 1062 1521 Deus,
1079 1458 1123 1511 ita
1137 1461 1164 1511 et
1178 1457 1237 1511 tous
1251 1457 1341 1512 tuoin
1351 1457 1480 1511 univerae
1491 1459 1567 1510 terra
1577 1455 1633 1528 (Pa.
1644 1472 1729 1524 nami,
1743 1457 1805 1528 ¹¹l²

101 1544 212 1602 sederit
229 1547 416 1615 regnaturus,
432 1558 490 1598 non
506 1546 593 1598 erunt
606 1541 684 1598 idola
700 1559 753 1598 neo
766 1543 928 1600 divinitatis
982 1545 1018 1600 de
1033 1560 1091 1617 quo
1106 1551 1133 1600 et
1148 1544 1264 1600 Abaeuo
1278 1543 1431 1616 loquitur:
1456 1543 1561 1601 Laudis
1583 1544 1642 1616 ejas
1665 1546 1750 1618 pirna
1769 1552 1810 1602 eat

101 1632 218 1691 oultura
233 1633 360 1698 diversa,
376 1631 428 1687 sed
440 1630 496 1687 erit
511 1631 651 1686 hominus
665 1648 753 1701 unus,
769 1636 798 1688 et
809 1637 930 1689 reverte·
983 1644 1058 1691 terro
1072 1633 1164 1702 (albae
1181 1650 1224 1704 111,
1239 1635 1277 1702 5).
1303 1638 1342 1690 De
1364 1634 1451 1704 eujus
1475 1632 1568 1707 gloria
1592 1633 1722 1691 nominis
1744 1633 1809 1706 ipse

101 1724 151 1777 tur
174 1720 271 1777 omnis
296 1725 374 1778 terra
399 1736 491 1792 usque
513 1721 549 1776 ad
566 1720 764 1788 solitudinem,
782 1722 880 1791 idest,
898 1723 928 1778 iu
985 1727 1061 1779 Deus
1075 1722 1226 1795 loquitur:
1244 1723 1348 1795 ltaque
1362 1739 1406 1779 me
1419 1738 1475 1778 noa
1488 1725 1556 1779 aries
1565 1725 1662 1788 mum,
1672 1732 1699 1780 et
1706 1730 1811 1796 prater

102 1808 929 1883 antiquumeurumponitquelocorumvoaabutaaquo
945 1843 969 1909 B
983 1827 1081 1868 eonion
1105 1828 1208 1880 meum,
1233 1811 1305 1884 quod
1329 1813 1540 1883 mupuificatum
1562 1821 1601 1868 ert
1619 1828 1701 1884 super
1713 1827 1810 1869 manes

100 1897 167 1954 looo
183 1913 276 1970 usque
291 1897 431 1969 adquam
447 1896 543 1953 looum
560 1897 729 1954 edificanda
753 1897 791 1954 sit
810 1899 929 1955 Jerusa-
986 1900 1063 1973 (troi.
1079 1916 1154 1965 suiv,
1168 1900 1207 1968 8).
1224 1899 1306 1955 Tune
1321 1903 1480 1955 revertetur
1494 1899 1591 1956 omnis
1604 1904 1694 1969 terra,
1706 1900 1737 1957 ln
1753 1917 1810 1971 qua

102 1985 182 2043 lem:
198 1987 235 2043 da
249 1985 321 2042 eolle
336 1986 479 2043 Remmon
495 1985 561 2058 (hoo
574 1986 652 2042 euim
664 1986 762 2043 Gubau
772 1992 867 2056 sonat,
880 1989 930 2045 ubi
984 1989 1152 2045 habitavere
1167 1987 1260 2044 ludaei
1277 2004 1372 2060 usque
1385 1988 1422 2044 ad
1434 1989 1593 2057 desertum,
1609 1988 1638 2044 ld
1650 1992 1706 2057 est,
1716 2005 1811 2064 usque

103 2076 192 2133 arbor
205 2074 390 2148 maligranati
405 2080 461 2142 est,
477 2091 570 2147 usque
585 2092 618 2130 ao
633 2075 792 2132 australem
814 2076 930 2149 plagam
985 2077 1021 2133 ad
1038 2075 1178 2149 populum
1197 2076 1348 2149 gentium,
1372 2078 1422 2148 qui
1438 2076 1520 2149 prius
1536 2075 1670 2134 desertus
1684 2082 1761 2144 erat,
1782 2081 1812 2135 et

101 2163 278 2222 Jerusalem.
290 2163 431 2236 Quodque
443 2164 577 2236 sequitur
589 2181 595 2218 :
611 2164 720 2220 Rhama
729 2174 822 2221 autem
833 2167 863 2220 in
875 2167 931 2222 toro
987 2166 1068 2240 Legis
1079 2165 1213 2221 notitiam
1224 2182 1281 2221 nou
1291 2165 1432 2222 habebat:
1446 2165 1572 2222 aGabaa
1580 2182 1673 2238 usque
1683 2167 1720 2223 ad
1728 2167 1812 2224 Rem·

102 2270 152 2310 auo
165 2253 347 2325 perdurabit,
364 2252 478 2309 melius
501 2253 709 2326 interpretatus
723 2257 768 2310 est
781 2254 888 2326 Aquila
903 2258 933 2310 et
986 2271 1066 2322 mon,
1088 2255 1143 2311 hoo
1158 2258 1217 2325 est,
1235 2253 1338 2310 aoolle
1354 2270 1448 2327 usque
1463 2253 1499 2310 ad
1514 2255 1672 2326 excelsum,
1689 2255 1810 2328 quiade

102 2341 211 2413 oaeteri,
236 2343 287 2414 qui
305 2346 477 2413 posuerunt,
492 2342 679 2398 exaltabitur:
696 2341 810 2397 Rhama
823 2342 932 2415 quippe
985 2347 1063 2400 terra
1075 2347 1102 2400 et
1112 2345 1148 2399 de
1159 2343 1273 2399 deserto
1284 2343 1320 2398 ad
1330 2342 1430 2407 eolles,
1445 2345 1475 2397 et
1488 2342 1525 2398 de
1540 2341 1665 2399 oollibus
1675 2343 1713 2399 ad
1724 2359 1810 2401 mou·

102 2431 237 2488 exultatio
252 2429 367 2496 dieitur,
386 2431 471 2500 juxta
485 2428 558 2485 illud
575 2429 747 2502 prophetale
760 2437 788 2486 et
803 2431 931 2503 llvange·
986 2438 1055 2489 tane
1069 2432 1287 2504 consurgimus.
1303 2430 1385 2487 Unde
1395 2435 1424 2486 et
1434 2446 1561 2503 sponsus
1573 2431 1602 2486 in
1613 2430 1731 2488 Cantica
1742 2446 1810 2489 oan-

102 2519 216 2577 liuum:
236 2521 292 2576 Vox
306 2521 333 2574 iu
350 2519 455 2576 stema
470 2518 567 2575 aedita
580 2524 630 2589 eat,
646 2518 766 2585 horest,
776 2521 806 2575 in
820 2521 932 2577 ueretris
986 2521 1111 2578 tioorum
1126 2519 1255 2576 transilit
1270 2518 1358 2576 eolles
1373 2520 1424 2592 qui
1439 2518 1568 2576 minores
1584 2523 1663 2590 sunt,
1690 2524 1719 2576 et
1742 2520 1813 2578 salit

104 2611 203 2667 sonuit
218 2608 321 2681 (dorth.
340 2624 369 2674 ιι,
387 2609 441 2676 18).
459 2606 749 2680 Exultabituriteque
758 2609 932 2678 Jerusalem,
987 2627 1077 2682 super
1098 2612 1211 2665 montes
1237 2608 1367 2665 excelsos
1382 2609 1479 2680 (Cant.
1496 2609 1528 2680 1),
1544 2609 1580 2664 de
1594 2607 1704 2681 quibus
1718 2609 1811 2683 serip-

104 2704 134 2757 et
148 2697 340 2755 aedificabitur
353 2697 384 2752 iu
400 2695 464 2752 loeo
479 2696 616 2768 pristino,
632 2712 649 2751 a
663 2701 748 2769 porta
768 2697 931 2769 Benjamin,
987 2703 1129 2754 tumeat:
1145 2697 1243 2753 Montes
1257 2696 1358 2753 rareto
1371 2699 1462 2752 seruis
1476 2698 1533 2771 (Pa.
1549 2697 1622 2770 ern).
1638 2697 1690 2754 Sin
1713 2701 1812 2756 autem

104 2803 201 2858 usque
216 2787 251 2842 ad
268 2790 381 2857 portam
393 2800 456 2858 qua
466 2785 770 2858 dieiturangulorum‚
785 2790 813 2842 et
827 2791 935 2842 aturre
987 2789 1128 2853 Remmon,
1146 2785 1379 2859 malogranatum
1391 2785 1521 2858 aeoipore
1534 2784 1672 2843 volumus
1686 2786 1812 2858 (omum-

104 2872 233 2931 Anaueel
258 2874 328 2945 (non
345 2877 377 2929 ut
392 2872 483 2930 Greci
498 2877 527 2928 at
542 2873 636 2929 Latini
652 2874 728 2930 male
743 2873 844 2947 legunt
862 2879 934 2931 tua·
989 2875 1128 2948 queenim
1141 2873 1813 2947 apudltebroeoaiuterpretatur),hoodioamus,

105 2962 200 3032 muel)
225 2979 317 3034 usque
341 2964 378 3018 ad
402 2961 559 3018 toreularia
575 2962 652 3033 regis
670 2979 676 3018 :
702 2963 780 3033 quod
796 2963 934 3020 Hebraioe
988 2965 1065 3038 quod
1083 2965 1155 3019 flues
1172 2962 1305 3020 Coolesia
1320 2963 1356 3019 de
1370 2961 1495 3019 collibus
1511 2962 1663 3036 incipiant,
1675 2965 1814 3023 utomnis

105 3051 251 3122 seriptum
262 3055 307 3108 eat
316 3067 471 3108 iuuenes
483 3035 590 3137 (phinni
602 3051 655 3122 [tt.
667 3050 826 3123 Amaleohl.
838 3057 871 3107 ht
881 3052 934 3108 ha·
988 3054 1059 3110 ordo
1074 3042 1295 3109 Coelesiestioue
1310 3057 1507 3119 ooustruatur,
1519 3052 1555 3108 de
1567 3068 1626 3123 quo
1641 3068 1730 3126 supra
1738 3052 1814 3110 dixi·

106 3139 254 3211 hitabuut,
278 3140 385 3212 inquit,
410 3140 441 3195 in
456 3156 500 3207 ea,
519 3139 572 3195 hou
586 3145 641 3206 est,
660 3140 688 3195 in
703 3141 867 3197 Jerusalem
882 3159 889 3197 :
906 3146 935 3197 et
989 3139 1811 3216 mus‚quandointerpretatisumusplanetumunigeniti,

106 3228 265 3286 anathema
274 3228 403 3301 amplius
415 3245 473 3285 non
488 3229 561 3284 erit:
580 3228 679 3286 nullus
690 3229 825 3286 videlieet
838 3234 934 3286 metus
949 3208 971 3276 (ἶ
989 3236 1017 3289 et
1032 3235 1167 3289 senatum
1184 3230 1497 3286 sioutAdrademmou.
1513 3229 1572 3286 Neo
1585 3227 1640 3286 hoa
1654 3234 1700 3286 est
1714 3230 1812 3287 lisele·

104 3316 223 3374 hostilis
238 3317 376 3390 impetus,
389 3315 471 3373 nulla
484 3316 626 3384 tormid03
643 3317 696 3373 sed
707 3319 821 3374 sedebit
832 3318 875 3375 vel
887 3320 936 3376 ha·
989 3320 1034 3376 aia
1045 3320 1102 3374 llne
1116 3322 1265 3383 eonteuta;
1282 3316 1334 3373 sed
1350 3316 1498 3390 perveniet
1512 3333 1607 3389 usqua
1621 3318 1658 3374 ad
1672 3319 1812 3376 Austrum

104 3405 426 3463 hitabiturleruaelem
447 3410 640 3476 aeternapuoe
656 3407 853 3477 requiescens.
870 3408 936 3464 llaee
989 3408 1019 3463 in
1035 3407 1099 3463 luae
1115 3405 1297 3478 plenissima,
1314 3404 1594 3477 superquodudum
1610 3405 1812 3478 exposuimus,
1851 3474 1855 3479 Ι

104 3493 293 3566 Judsijuxta
303 3493 432 3551 litteram
444 3494 604 3560 somniant,
619 3499 648 3550 et
668 3493 760 3551 nostri
781 3490 933 3568 χιλιασταὶ,
989 3501 1018 3552 et
1031 3511 1109 3550 nuuc
1123 3493 1231 3550 ideireo
1245 3493 1412 3562 retinemus,
1429 3509 1465 3549 ne
1480 3493 1582 3548 eadem
1597 3493 1705 3566 sepius
1719 3493 1814 3550 inaul-

106 3580 160 3656 qui
175 3598 294 3638 rursum
309 3582 411 3639 audire
425 3581 612 3639 desiderant:
630 3581 748 3638 Crescite
760 3587 786 3639 et
796 3585 934 3656 muttipti·
989 3587 1099 3652 euntes,
1114 3581 1214 3639 leotari
1229 3580 1324 3638 simus
1338 3581 1465 3637 fastidio.
1482 3585 1516 3636 st
1527 3580 1703 3638 exaltabitur
1713 3582 1810 3639 lluole-
1837 3574 1843 3585 ’

104 3672 223 3742 ermini,
248 3680 275 3727 at
290 3670 393 3743 replete
406 3674 510 3728 uuum
524 3670 600 3743 (Cen.
618 3688 639 3736 r,
654 3672 711 3742 28),
727 3677 756 3727 et
771 3689 822 3743 pro
844 3673 936 3744 hujus
989 3673 1034 3729 sia
1045 3689 1110 3744 qua
1123 3671 1210 3743 eupit
1224 3686 1242 3727 a
1255 3669 1389 3736 collibus,
1406 3674 1435 3726 et
1449 3669 1626 3743 pervenitad
1638 3670 1790 3727 meridiem
1801 3688 1808 3739 ς

105 3758 173 3815 viis
189 3759 371 3816 rontinentia
386 3758 524 3831 brevique
535 3759 663 3830 jejunio,
688 3759 793 3816 bulbos
808 3761 880 3833 sihi,
906 3767 936 3818 et
990 3767 1019 3818 et
1039 3760 1186 3817 habitabit
1208 3759 1238 3814 in
1260 3758 1324 3815 looo
1337 3774 1403 3828 suo,
1418 3758 1454 3813 de
1469 3774 1527 3830 quo
1543 3757 1685 3831 seriptum
1701 3763 1763 3816 est:
1778 3760 1812 3817 ln

106 3847 935 3922 vulvm,etaves(h)Phasidisetattagenem,nequaquam
990 3852 1046 3908 toro
1068 3849 1148 3906 m
1168 3862 1281 3922 pascum
1300 3848 1342 3903 ibt
1359 3863 1404 3903 me
1422 3847 1563 3903 collocavit
1576 3847 1634 3920 (Pa.
1650 3862 1719 3918 xxii,
1738 3848 1813 3920 ί).Α

107 3940 147 4008 (e)
163 3935 303 4002 lonicum,
315 3937 367 3993 sed
381 3936 538 3994 Judaioum
549 3936 768 4010 repromittunt,
781 3939 937 4011 dequibus
990 3945 1074 4012 porta
1088 3937 1253 4011 Benjamin,
1268 3936 1319 4010 qui
1334 3936 1542 4009 interpretatur
1555 3934 1632 4006 filiae
1640 3935 1771 4004 dexterae,
1782 3939 1812 3993 et

105 4041 177 4082 vere
200 4029 296 4098 potest
320 4025 461 4082 Dominus
476 4025 593 4082 dioere:
620 4031 681 4083 Non
692 4029 866 4099 perennabit
880 4031 936 4101 epi·
991 4045 1049 4095 non
1075 4029 1151 4100 filios
1174 4027 1292 4093 dierum,
1317 4031 1349 4081 ut
1370 4023 1446 4082 male
1464 4024 1586 4097 quidam
1601 4024 1810 4098 suspieentur:

106 4115 181 4170 ritus
208 4130 285 4172 meur
313 4116 344 4171 in
372 4113 528 4171 huminibus
556 4116 631 4183 istie,
661 4117 729 4188 quia
751 4132 848 4173 carnes
873 4127 939 4176 auat
991 4113 1538 4182 aliudastenimsiinuoulltteram‚
1563 4113 1642 4171 aliud
1663 4113 1812 4173 sllnusa

105 4202 186 4275 (aaa.
197 4220 237 4274 vi,
248 4204 287 4275 3).
304 4203 372 4260 Caro
386 4205 462 4260 enim
474 4208 581 4276 pupaat
594 4207 691 4260 contra
704 4206 844 4276 amulum,
859 4206 937 4264 028
991 4207 1120 4262 finiatur.
1137 4205 1171 4262 ltt
1185 4205 1332 4278 perveniet
1347 4220 1441 4276 usque
1455 4202 1490 4260 ad
1505 4202 1602 4261 looum
1618 4207 1706 4277 portas
1720 4204 1814 4261 orien-

105 4294 134 4348 et
146 4293 265 4363 spiritua
277 4297 374 4349 ooatm
386 4309 497 4349 comm
512 4293 617 4364 (Galat.
640 4310 668 4357 v,
690 4293 745 4366 17).
769 4294 827 4351 Neo
848 4311 938 4368 oppo·
990 4294 1098 4351 taliset
1113 4294 1230 4367 prioris,
1246 4308 1341 4365 usque
1352 4293 1388 4349 ad
1399 4296 1513 4366 portam
1528 4292 1712 4364 angulorum.
1724 4293 1747 4348 Α
1757 4292 1814 4348 vir·

106 4386 181 4437 nant
196 4380 283 4439 nobis
294 4381 420 4438 loannis
433 4381 639 4455 Apoealypsim
656 4381 732 4454 (Cup.
750 4385 808 4452 xx),
825 4384 896 4455 quia
909 4390 939 4440 et
990 4388 1055 4440 tute
1068 4383 1245 4454 inoipimus:
1263 4383 1317 4438 hoo
1336 4381 1444 4455 quippe
1468 4382 1586 4438 dextera
1601 4380 1766 4453 significan
1786 4384 1816 4437 et

106 4468 938 4542 ipsaspiritualiterdisserendaest.Nosautemomlestem
992 4472 1178 4546 pervenimus
1193 4487 1288 4544 usque
1303 4471 1338 4526 ud
1354 4475 1467 4543 portum
1483 4469 1620 4541 priorem,
1637 4472 1669 4525 ut
1684 4484 1735 4541 per
1748 4485 1814 4526 eam

106 4557 274 4616 Jerusalem
298 4558 787 4632 interpretemurEeelesium,qua,
806 4559 837 4616 in
851 4571 976 4638 omnen
990 4560 1192 4635 ingrediamur
1204 4559 1241 4616 ad
1257 4564 1376 4616 auteres
1388 4575 1394 4614 :
1405 4556 1565 4630 statimque
1588 4557 1673 4614 nobis
1688 4557 1815 4615 ooourrit
1838 4605 1842 4612 .

106 4646 276 4717 ambulans,
293 4664 350 4704 non
365 4647 436 4705 vivit
449 4649 612 4705 secundum
628 4665 757 4716 earnem,
773 4650 860 4722 eujus
870 4667 936 4707 mu·
989 4653 1074 4723 porta
1087 4647 1274 4721 angulorum,
1291 4647 1340 4702 ubi
1355 4645 1507 4720 angularia
1521 4645 1596 4720 lapis
1611 4649 1665 4714 est,
1679 4661 1811 4718 parauera-

107 4735 247 4808 nioipatis
262 4735 293 4793 iu
308 4735 381 4794 eolo
403 4740 448 4794 est
463 4736 595 4810 (Philipp.
612 4737 665 4809 ιιι).
682 4741 841 4809 Postquam
856 4740 935 4796 euim
987 4738 1178 4813 probauerant
1189 4735 1369 4807 aedificantes,
1384 4737 1410 4791 et
1423 4736 1511 4806 [aetas
1524 4741 1565 4790 eat
1578 4735 1609 4790 ia
1622 4737 1704 4806 eaput
1713 4733 1813 4804 eupuli

144 4875 185 4949 (a)
201 4874 264 4933 Duo
279 4894 351 4934 mss.
368 4879 499 4948 Anonoel,
512 4878 560 4936 hio
574 4894 790 4952 quoquepeuee
806 4880 888 4950 hXX3
906 4881 936 4938 in
991 4879 1107 4936 nautis:
1125 4893 1159 4933 ex
1173 4893 1208 4933 ea
1223 4893 1289 4934 nam
1315 4893 1350 4933 ue
1366 4875 1483 4948 regione
1504 4876 1534 4932 in
1560 4876 1700 4933 Granium
1715 4879 1811 4933 trans·

108 4946 178 5005 aliis
192 4946 288 5004 libriis
303 4949 441 5006 Anomeet.
990 4954 1120 5024 portatas
1130 4948 1242 5004 dieunt.
1253 4893 1326 5004 vida
1337 4946 1462 5004 Martini.
1475 4947 1526 5004 lib.
1537 4965 1599 5013 xiii,
1613 4949 1658 5003 72.
1673 4947 1767 5004 Maur.
1778 4977 1814 4990 -

146 5018 186 5089 (b)
198 5024 265 5075 ttss.
274 5020 389 5077 oodiees
397 5019 499 5094 legunt
507 5019 649 5092 phasidem
660 5019 711 5075 sed
722 5019 874 5078 retinenda
884 5021 938 5079 leo·
989 5023 1080 5094 AEque
1103 5021 1186 5084 hene,
1210 5020 1354 5093 quidquid
1372 5019 1539 5076 Martianaeo
1553 5019 1697 5091 videatur,
1712 5018 1815 5092 legunt

108 5088 311 5149 tiolibrorum
326 5091 471 5149 editorum
492 5109 559 5149 anea
573 5091 715 5163 phasidis:
730 5093 800 5163 quia
812 5093 937 5165 phasidis
992 5110 1065 5151 mss.
1081 5091 1221 5147 Phasides.
1380 5158 1387 5172 ο

108 5162 155 5217 eat
167 5176 274 5218 nomen
284 5163 503 5223 substantivum
513 5180 601 5220 oaaus
611 5162 808 5235 genitivi,non
820 5181 939 5221 arouse-
1026 5165 1063 5236 (c)
1078 5163 1210 5219 lonioum
1225 5160 1312 5227 dixit,
1359 5177 1408 5216 uia
1420 5162 1488 5216 Atta
1508 5174 1543 5216 en
1559 5159 1674 5217 ionious
1689 5161 1817 5218 maxime

107 5230 187 5288 tirus
202 5233 672 5316 pluralisnumeriatadjeotirum
688 5250 804 5316 nomen.
816 5236 872 5292 Sed
883 5236 934 5292 ad·
990 5234 1175 5291 celebratur:
1192 5232 1311 5315 consule
1325 5177 1449 5314 Pffinium
1469 5175 1521 5287 lig.
1542 5248 1577 5296 x,
1602 5248 1666 5305 oap.
1694 5232 1738 5316 ⁴⁸:
1765 5235 1816 5289 list

110 5302 221 5361 damus
234 5321 266 5363 in
280 5306 431 5364 oodioibus
446 5322 518 5364 mss.
530 5321 638 5379 saepius
648 5310 791 5378 seriptum
806 5323 870 5363 esse
880 5307 937 5364 ele·
990 5323 1057 5362 vero
1072 5310 1206 5378 Atttagen
1221 5320 1283 5360 avis
1297 5304 1434 5371 Asiatica,
1450 5318 1540 5373 quam
1552 5319 1605 5359 nos
1616 5303 1814 5360 lrauoulrnum

110 5379 247 5433 mentum
262 5376 274 5433 l
289 5393 342 5449 pro
357 5378 389 5449 ll,
404 5382 433 5435 et
443 5377 573 5435 vicissim
587 5378 609 5434 s
623 5393 674 5449 pro
689 5377 713 5442 l,
726 5379 826 5460 utjam
840 5379 938 5451 sapis
991 5378 1128 5443 dioimus‚
1145 5392 1185 5432 un
1198 5375 1355 5447 pancotim·
1370 5372 1482 5446 speeies
1503 5374 1636 5445 quasdam
1662 5374 1814 5445 phasiani,

110 5442 940 5528 simedoouissemememiaiantoqunmnanraouaestio
1012 5450 1125 5520 uasjam
1136 5447 1166 5502 in
1177 5444 1749 5528 Galliaetllispaniaoupituretmaxime
1763 5462 1818 5521 per

109 5532 182 5577 natm
196 5518 489 5594 tliemsymiauarum
502 5520 623 5578 loannis
633 5519 735 5577 Clerici
747 5521 897 5590 prodirent
906 5521 937 5577 in
990 5466 1088 5592 alpes.
1111 5520 1234 5591 Attagan
1254 5516 1323 5573 olim
1347 5520 1529 5572 existimatus
1542 5515 1620 5573 iuter
1635 5534 1716 5576 raras
1731 5534 1813 5593 aves,

109 5584 223 5653 lutam·
245 5591 322 5652 Suet
344 5608 435 5666 porro
454 5609 518 5651 ouer
535 5592 671 5666 praedo,
690 5592 784 5648 nostri
797 5591 936 5665 plurima
992 5596 1027 5651 ut
1040 5608 1075 5649 ea
1089 5590 1144 5649 hoo
1160 5589 1226 5649 loeo
1238 5586 1395 5663 oolligitur.
1411 5587 1505 5646 Maur.

109 5674 180 5717 aves
194 5663 268 5720 nota
282 5680 300 5720 a
314 5662 401 5722 Phasi
416 5663 504 5724 durio
519 5665 555 5722 ad
570 5680 624 5725 nos
638 5663 778 5722 traduote
793 5663 938 5738 abasgo—
