3840 6098
85 238 169 302 aler
468 244 842 310 counuurauloallll
866 248 905 307 ΙΝ
928 240 1120 308 illullAEnll
1143 246 1216 307 clu.
1241 248 1265 308 l.
1289 246 1376 308 CAP.
1398 246 1423 309 1.
1718 236 1796 312 llub

86 371 253 444 possidebit
271 374 393 431 domum
404 375 573 434 idololatria
587 380 746 449 urbemque
760 379 914 433 mendacii.
932 385 957 445 Α
974 386 1041 432 sunl
1055 381 1089 433 lle
1101 376 1273 449 alienigenis
1284 380 1313 433 et
1327 376 1376 432 alii
1386 374 1593 450 (multassnim
1603 374 1692 434 babet
1702 379 1795 453 regie-

86 476 153 533 quae
163 461 192 516 in
204 461 443 535 supplantatione
453 465 509 521 luit
518 467 636 539 regibus
654 465 753 522 lsrael.
768 466 848 530 Quod
861 482 913 521 au·
969 484 1021 522 nes
1032 473 1060 521 et
1070 468 1156 522 nrbes
1169 465 1391 538 allophylorum
1402 464 1562 539 provincia)
1586 463 1637 538 qui
1652 482 1704 538 per
1719 469 1796 526 mula

24 582 28 591 ·
82 552 145 606 tem
155 550 386 623 dataequitur:
397 554 774 612 Adbucloeredemcdduaam
786 556 914 626 libaque
968 570 1055 625 opera
1070 558 1098 609 et
1113 570 1217 610 sensus
1228 554 1388 610 contraries
1404 554 1460 609 Deo
1482 552 1662 626 loquuntur:
1681 554 1796 612 Destru-

82 637 237 694 tabitasin
252 638 367 706 liuram,
384 641 505 712 pulchre
520 643 620 699 allusit
641 644 676 699 ad
702 659 827 700 nemen:
845 643 913 715 quia
967 645 1121 711 elisamae,
1137 643 1184 698 aad
1200 647 1366 699 revertentes
1388 642 1553 714 aedificemus
1576 657 1640 714 quau
1659 643 1797 702 destructa

82 726 163 783 enim
177 744 304 796 uranei,
320 730 466 786 baereditas
489 732 605 799 dicitur,
632 732 788 788 adventum
802 732 832 787 in
847 748 913 787 eam
967 740 1040 788 sunl.
1056 732 1137 787 Unde
1152 736 1180 786 et
1194 736 1335 788 vocantur
1348 731 1467 786 termini
1482 730 1652 804 impietatis,
1664 736 1692 789 et
1706 749 1797 808 pepu-

81 814 215 872 boslinm
226 833 279 888 pre
291 817 629 892 haeredibusappcilavit,
641 818 912 892 etusqueOdellam
967 818 1015 877 lus
1029 821 1076 877 cni
1092 820 1185 876 iratus
1201 825 1245 876 est
1259 819 1412 877 Dominus.
1429 819 1541 876 Dicitur
1554 821 1589 876 ad
1610 836 1678 878 eos:
1696 823 1751 892 Qut
1764 823 1796 880 in

83 904 187 960 urbem
197 904 279 961 ludae
290 907 385 962 veniet
396 925 506 964 anessa
519 908 628 981 (buln)
638 909 666 963 id
679 909 913 976 estimantes:
967 908 1084 964 Baetim
1099 909 1183 964 actile
1209 909 1349 978 <adificare
1377 907 1409 963 de
1434 907 1657 965 amedaeum.
1673 909 1793 968 Bacblm

82 983 149 1063 que
159 991 262 1048 Odclla
275 991 403 1065 gloriosa
414 995 496 1050 estin
508 995 736 1068 urbibusic)snis
747 996 848 1052 lsrael.
859 997 912 1052 De·
968 995 1065 1069 (0³22)
1077 997 1115 1070 (d)
1125 996 1154 1052 in
1166 1001 1266 1054 nostra
1275 997 1375 1070 lingua
1388 997 1533 1069 planctum
1546 1000 1574 1053 et
1593 999 1689 1068 fidum
1698 1002 1792 1057 sonat.

82 1080 175 1153 nique
186 1084 215 1136 et
230 1081 425 1154 Symmachus
436 1084 477 1140 ite
488 1085 641 1141 transtulit
653 1085 726 1140 :'Erl
737 1081 912 1159 κληρονόμον
966 1083 1096 1156 Denique
1110 1084 1237 1158 exceptis
1257 1085 1457 1159 Septuaginta,
1473 1101 1575 1142 omncs
1596 1081 1747 1159 κλαυθμὸν,
1763 1087 1792 1145 ld

82 1165 140 1238 ἄξω
149 1168 194 1222 καί
209 1171 385 1224 eclanensis
397 1172 517 1248 Μαρέσα,
526 1168 579 1234 ’ἕως
591 1170 794 1245 Ὀδολλάμῆξει
805 1180 856 1242 τῆς
868 1170 913 1228 δά·
967 1177 1012 1228 est
1025 1173 1119 1242 {letum
1129 1173 1352 1230 transtulerunt.
1365 1173 1418 1240 Qui
1432 1173 1503 1231 estis
1512 1173 1643 1247 igiturin
1654 1175 1793 1248 hujusce·

72 1255 790 1332 ‘inclapsibhocest,adbucboeredemadducam
811 1264 912 1331 altili,
968 1261 1200 1334 medioperibns
1223 1266 1310 1335 atque
1336 1262 1499 1331 sententiis,
1529 1278 1593 1335 que
1616 1264 1793 1343 lletudigna

81 1345 674 1420 habitatiodlcresc,asquaodellcmueniet
694 1354 789 1423 gloriae
811 1353 911 1423 iarael,
967 1351 1148 1421 suni,nolite
1159 1350 1793 1425 edificationempessimamiuslaurarc,nsa

80 1434 139 1491 hoo
149 1439 202 1506 est,
213 1452 277 1508 quae
287 1437 414 1510 gloriosa
426 1455 456 1494 es
467 1440 495 1493 in
511 1440 634 1496 urbibus
647 1440 746 1497 lsrael.
763 1442 797 1496 lla
808 1441 856 1497 ubi
868 1441 911 1497 di·
968 1455 1088 1495 sensum
1098 1445 1227 1496 vestrum
1237 1440 1447 1496 extructionem
1457 1439 1508 1496 Dei
1528 1440 1723 1510 arbitremini,
1739 1458 1793 1500 ns·

79 1524 274 1593 citurqlorioe,
287 1526 433 1598 genitivus
449 1545 534 1583 casus
555 1529 593 1583 sit
613 1530 727 1586 numeri
742 1528 911 1603 singularis,
967 1541 1024 1596 que
1039 1525 1186 1582 aedificetis
1201 1543 1289 1599 super
1318 1542 1437 1582 arenam
1465 1527 1568 1599 (Malli.
1593 1529 1657 1601 vn),
1673 1544 1710 1586 na
1724 1544 1791 1587 cum

79 1612 164 1684 bajus
173 1614 277 1684 plone,
291 1621 319 1669 et
330 1631 386 1670 non
399 1616 598 1672 nominativus
607 1617 740 1690 pluralis,
753 1619 794 1674 dae
804 1619 909 1689 glorier.
966 1617 1125 1688 tempestas
1137 1616 1258 1683 venerit,
1270 1616 1538 1689 demusquevestra
1548 1616 1716 1692 conciderit,
1725 1634 1793 1676 ees·

79 1700 135 1756 Vol
147 1707 223 1758 cerie
234 1702 275 1757 ila
285 1701 483 1777 intelligamus
496 1723 502 1761 :
515 1706 672 1778 captivitas
691 1706 777 1763 lsrael
788 1723 853 1779 quae
863 1722 910 1763 ve·
925 1747 951 1814 B
968 1720 1017 1759 sus
1027 1703 1110 1759 labor
1120 1705 1212 1760 risum
1223 1705 1391 1761 videntibus
1402 1707 1538 1777 praebeat.
1551 1704 1626 1772 Quin
1638 1707 1736 1780 potius
1746 1709 1791 1765 in·

82 1789 128 1845 nit
141 1789 171 1844 in
187 1790 304 1857 Lachis,
319 1797 349 1848 et
363 1793 446 1862 tietb,
461 1797 489 1848 et
504 1793 626 1864 Marma,
657 1811 751 1867 usque
779 1795 911 1852 Odoilam
967 1791 1130 1865 telligentcs
1147 1792 1369 1849 aedificationem
1393 1798 1520 1850 vestram
1531 1795 1652 1868 dignam
1662 1812 1727 1853 esse
1742 1797 1790 1854 ds·

80 1894 201 1951 quoqne
211 1879 315 1936 veniet.
328 1880 499 1954 Etpressius
509 1882 912 1956 legendumplorloelaraeaut
966 1880 1039 1948 risu,
1056 1881 1150 1937 ruinis
1166 1883 1231 1953 ejus
1245 1885 1274 1938 et
1289 1881 1406 1954 pulvere
1427 1884 1611 1957 conspergite
1632 1885 1730 1958 capita
1742 1901 1790 1942 ve·

79 1966 911 2045 maddvrlppaenignominiavelvastitassentiatur.P0rrn
966 1972 1037 2041 stra,
1053 1974 1082 2026 ct
1096 1970 1173 2043 agite
1191 1969 1401 2043 paenitentiam,
1429 1972 1507 2044 quod
1532 1971 1644 2044 absque
1667 1973 1791 2031 consilio

80 2056 161 2128 quod
177 2073 267 2131 supra
282 2059 385 2114 urbem
401 2061 548 2132 prophete
572 2062 705 2118 Mereatur·
719 2063 912 2120 lraereditaoem
966 2059 1233 2115 casuramdemum
1244 2059 1386 2115 aedificare
1400 2059 1793 2134 voluistis.Sequitur:Quae

79 2145 264 2218 interpretati
279 2163 394 2219 sumus,
411 2148 485 2204 sciat
498 2148 590 2205 lector
604 2151 633 2205 in
650 2151 751 2207 eedem
767 2151 910 2208 versiculo
965 2147 1075 2202 lulum
1089 2147 1155 2202 bene
1169 2149 1199 2202 air
1215 2149 1371 2204 utilitatibus
1385 2151 1453 2218 sais,
1468 2166 1525 2204 aaa
1540 2158 1579 2206 eal
1593 2165 1700 2222 eureus
1710 2151 1791 2208 lala·-

79 2235 911 2313 quemposuimus:Prcptereadubilemissarioasuperlraere-
966 2244 1026 2291 laus
1038 2237 1069 2290 in
1078 2236 1206 2291 Serenam.
1219 2236 1300 2302 Quod
1314 2236 1386 2292 mihi
1396 2237 1596 2294 videturhane
1606 2238 1714 2296 habere
1723 2256 1790 2297 sen·

78 2322 196 2379 dilatem
202 2322 279 2388 dell,
287 2324 317 2380 in
326 2325 500 2399 Hebraeepro
507 2329 670 2384 haereditate
678 2328 752 2394 Gella,
761 2346 910 2386 annisum
965 2325 1086 2380 tentiam
1101 2324 1187 2391 :Vos,
1199 2325 1249 2396 qui
1259 2325 1420 2397 superbitis
1431 2326 1461 2381 in
1472 2326 1557 2398 Geth,
1569 2330 1598 2382 et
1612 2327 1642 2383 in
1656 2327 1790 2399 Bachim,

77 2427 152 2467 earn
162 2422 301 2475 ninum
317 2413 373 2485 [ΑΙ.
390 2419 569 2486 rncanssern]
586 2418 724 2490 positum,
741 2418 803 2473 Eue
817 2434 911 2490 usque
965 2412 1074 2468 lrustra
1084 2413 1204 2468 domum
1215 2413 1404 2486 risudignam
1414 2413 1556 2470 aedificare
1566 2415 1789 2474 conaminim·

79 2501 246 2556 secuudum
257 2502 676 2575 Hebraicumutpotuimus,et
686 2505 910 2564 utnobisvisum
965 2500 1074 2573 pergite
1090 2517 1140 2557 vos
1154 2500 1281 2573 pulvere,
1296 2505 1325 2556 θῐ
1340 2503 1416 2575 agile
1435 2503 1647 2575 lloelliiflsstitml
1667 2504 1789 2576 quiail-

78 2590 639 2660 est‚certeutabllebraeisaudivimus,
658 2594 910 2666 quasiinlnnsnna
965 2606 1037 2645 num
1049 2589 1219 2646 detestabile
1230 2606 1371 2662 premere,
1384 2591 1643 2648 etaedisicationem
1657 2596 1791 2650 Deccon·
1868 2623 1872 2630 ·

77 2680 109 2733 et
116 2678 305 2735 acutissimas
313 2681 451 2751 scopulos
459 2681 624 2736 naviculam
631 2684 909 2754 nostramreximus,
963 2678 1084 2734 icarium
1094 2682 1263 2736 construere
1274 2678 1417 2735 voluistis·
1428 2678 1588 2736 Euclesiam
1599 2684 1698 2738 aulem
1710 2680 1791 2738 Chri·

80 2770 258 2839 quaeutrum
270 2767 419 2823 intraverit
430 2774 557 2840 portum,
575 2786 612 2825 an
632 2770 727 2827 adhuc
740 2772 769 2827 in
782 2772 843 2828 salo
855 2773 908 2828 ilu-
965 2767 1014 2836 sti,
1031 2784 1094 2840 quae
1109 2768 1222 2825 habital
1236 2768 1319 2837 bene,
1345 2771 1373 2825 et
1401 2767 1431 2825 in
1459 2773 1519 2825 tcto
1549 2769 1619 2826 orbe
1645 2770 1791 2828 Ecclesiae

78 2857 171 2922 must,
183 2855 300 2912 lectoris
310 2857 536 2950 eritprudenliae
543 2858 689 2930 judicare.
705 2860 790 2916 Nunc
801 2862 909 2917 oratio·
964 2857 998 2930 (c)
1009 2856 1149 2930 possidet,
1162 2856 1285 2929 spiritus
1295 2856 1406 2913 unitate
1416 2858 1574 2930 conjuncta
1590 2861 1645 2930 est,
1664 2863 1693 2916 et
1702 2859 1792 2916 habet

78 2943 910 3018 nibusvestrispergamusadaliosiluetns,etimminente
963 2947 1039 3004 ub
1052 2945 1139 3002 urbes
1150 2945 1246 3018 Legis,
1257 2945 1476 3017 prophetarum,
1497 2946 1657 3020 Evangelii,
1669 2952 1698 3004 et
1720 2963 1789 3022 apo·

82 3033 353 3106 expositionishine
365 3035 431 3091 inde
442 3036 594 3109 naufragio
605 3037 628 3092 sl
641 3054 798 3109 possumus
808 3039 910 3095 evada·
964 3034 1116 3101 stolorum,
1133 3050 1191 3089 non
1207 3038 1251 3090 est
1264 3051 1383 3107 egressa
1392 3034 1428 3090 de
1439 3035 1549 3091 llnibus
1559 3035 1632 3102 suis,
1644 3035 1673 3091 id
1687 3039 1742 3106 est,
1753 3035 1798 3097 de,

79 3136 160 3178 mus.
184 3138 255 3178 curu
272 3123 331 3194 (lli)
347 3124 556 3196 interpretatur
583 3128 714 3195 torcular,
738 3127 786 3200 qui
803 3142 855 3201 ego
875 3127 906 3184 in
922 3116 944 3183 C
963 3123 1121 3197 Scripturis
1137 3124 1265 3191 sanctis;
1282 3125 1333 3179 sed
1349 3128 1474 3196 caeptam
1503 3124 1609 3182 retinet
1624 3125 1788 3196 possessio-

77 3209 166 3279 Geth,
182 3211 209 3267 id
227 3216 281 3281 est,
298 3212 327 3267 in
343 3213 482 3269 torculari
498 3218 577 3282 sunt,
602 3220 740 3287 putantes
759 3216 905 3273 sevinde-
961 3230 1048 3282 nem;
1065 3212 1133 3285 quia
1147 3210 1304 3269 habitatin
1324 3212 1444 3280 Scenae,
1475 3212 1552 3284 quod
1581 3213 1788 3285 interpretatus
1889 3236 1892 3240 ¹

77 3299 189 3356 miasse
205 3300 333 3357 lructum
348 3301 422 3369 vilae,
439 3306 468 3358 el
484 3302 612 3360 calcasse
641 3305 758 3361 botrum
773 3305 809 3360 de
823 3305 907 3362 vinea
961 3307 1014 3369 est,
1032 3307 1168 3374 utsupra
1183 3301 1321 3370 diximus,
1347 3302 1542 3374 Symmachus
1568 3303 1787 3366 abundantiam:

79 3389 180 3460 Screc,
196 3389 375 3445 extolluntur
391 3390 421 3446 in
442 3392 621 3464 superbiam,
645 3394 813 3464 ignorantes
830 3394 906 3465 qued
961 3391 1050 3447 babet
1064 3391 1142 3446 enim
1157 3390 1284 3457 Patrem,
1299 3394 1328 3445 et
1348 3388 1464 3459 Filium,
1490 3396 1518 3445 et
1541 3390 1684 3462 Spiritum
1699 3407 1783 3447 sauc-

79 3477 907 3571 botrusterraadudaeaeinllllopbylorumfinibusnonrs·
961 3476 1784 3551 tum,cumquihusomnesspiritualesgratiecopiaque
1821 3530 1825 3540 Χ

79 3566 221 3639 periatur.
236 3566 342 3635 Nolite,
358 3569 466 3641 inquit,
481 3567 578 3624 extolli
594 3569 644 3640 qui
659 3569 730 3625 estis
741 3569 770 3625 in
781 3569 927 3645 torsula·
962 3569 1104 3624 virtutum
1119 3575 1200 3622 sunl.
1218 3567 1298 3622 Unde
1313 3566 1421 3621 dicitnr
1437 3567 1473 3622 ad
1501 3582 1584 3622 eam:
1612 3567 1674 3623 rial
1685 3583 1743 3639 pax
1753 3568 1785 3624 in

78 3656 167 3712 ribus
179 3673 186 3711 :
198 3656 270 3721 Quia
280 3658 316 3712 de
327 3657 411 3713 vinea
421 3658 613 3713 Sodomorum
637 3658 721 3715 vinea
743 3662 839 3715 vestra
853 3664 907 3728 est,
962 3659 1064 3713 virtute
1074 3660 1133 3721 tua,
1144 3660 1170 3711 et
1179 3655 1354 3712 abundantia
1364 3655 1395 3710 in
1406 3655 1532 3710 lrlrridus
1543 3657 1599 3711 lais
1608 3653 1694 3728 (Psoi.
1708 3672 1783 3724 cxxi,

83 3748 117 3801 et
129 3761 257 3819 propage
270 3749 368 3801 vestra
383 3747 418 3803 de
444 3736 666 3803 llomrncrrhis:
696 3751 724 3803 et
745 3764 801 3803 uva
814 3751 910 3805 vestra
962 3747 1002 3818 7).
1018 3745 1076 3802 Vos
1094 3760 1171 3812 vero,
1188 3744 1237 3816 qui
1261 3742 1398 3799 habitatis
1418 3743 1505 3814 juxta
1528 3743 1667 3811 Sennam,
1684 3745 1785 3815 idest,

82 3831 302 3903 amaritudinis,
319 3839 348 3890 et
364 3836 466 3892 botrus
483 3835 557 3892 lellis
572 3836 665 3902 vobis,
680 3841 710 3893 et
722 3837 911 3894 furordracc-
959 3836 1046 3906 justa
1060 3833 1258 3889 abundantem
1275 3831 1445 3899 Ecclesiam,
1461 3831 1630 3901 cheretim,
1646 3837 1787 3890 econtra·

80 3937 155 3977 num
170 3921 424 3994 vinnmvcslrum,
456 3925 536 3981 lurer
560 3925 696 3998 aspidum
725 3925 909 3983 insanabilis.
964 3923 1169 3996 riadogmuta,
1199 3921 1328 3995 plangite
1355 3937 1417 3989 vos,
1448 3922 1496 3995 qui
1521 3921 1688 3979 aedificastis
1706 3922 1789 3980 vobis

78 4010 156 4066 Nam
173 4011 197 4067 si
212 4011 300 4068 stiam
316 4013 442 4069 leocritia
454 4014 581 4070 fructum
598 4013 748 4086 (quoniam
762 4015 912 4071 vindemia
965 4014 1085 4068 domum
1096 4009 1126 4066 in
1140 4011 1280 4076 derisum,
1292 4014 1320 4067 et
1337 4010 1487 4084 pressistis
1508 4009 1636 4068 torcular
1646 4011 1675 4068 in
1687 4028 1789 4086 super·

76 4102 179 4155 vestra
190 4102 355 4157 nouaclum
368 4105 404 4158 de
414 4103 540 4158 Sodoma
550 4106 628 4159 Md
639 4107 667 4160 et
677 4103 847 4176 Gemcrrbe,
859 4104 910 4160 sed
964 4101 1056 4172 biam,
1068 4116 1121 4156 uec
1131 4101 1161 4155 in
1173 4099 1343 4172 scripturis,
1354 4099 1444 4156 sedin
1454 4099 1561 4157 vicinia
1570 4101 1790 4175 scripturarum

76 4188 116 4244 de
126 4189 247 4262 AEgypto
257 4207 375 4263 quoque
387 4197 430 4248 est
444 4196 472 4248 et
484 4192 596 4248 eaeleris
617 4192 745 4249 inimicis
762 4193 910 4266 gentibus)
965 4191 1087 4247 domum
1097 4193 1235 4261 vestram,
1241 4191 1303 4261 jam
1313 4205 1370 4245 nen
1380 4189 1453 4258 risu,
1464 4189 1515 4246 sed
1526 4190 1647 4263 planetu
1658 4189 1790 4264 dignam,

77 4276 166 4333 dabit
178 4279 320 4336 Dominus
330 4280 453 4354 aerugini
465 4282 595 4337 fructum
605 4287 746 4350 vestrum,
758 4287 786 4338 ei
795 4281 912 4338 labores
966 4283 994 4335 et
1007 4277 1145 4351 lacrymis
1160 4277 1376 4335 construxistis.
1393 4276 1475 4334 Unde
1489 4278 1691 4352 subjungitur,
1708 4278 1792 4351 plan·

79 4366 336 4441 vestroslocustae,
355 4374 383 4425 et
406 4370 519 4425 cecidet
542 4369 572 4424 in
596 4369 737 4442 grandine
750 4370 850 4426 vineas
864 4385 911 4425 ve·
966 4367 1378 4439 gitedemumqneesljuxta
1391 4384 1467 4436 eam,
1492 4367 1521 4422 id
1545 4370 1598 4437 est,
1619 4368 1706 4438 juxta
1720 4366 1792 4423 Sen-

78 4458 172 4523 stras,
188 4458 330 4514 elmerus
345 4461 457 4515 vestros
474 4459 502 4512 in
519 4458 633 4531 pruina.
652 4459 715 4516 Non
726 4475 776 4514 ves
787 4458 913 4531 decipiat
927 4483 951 4548 D
966 4473 1046 4513 nam.
1058 4456 1112 4511 Sed
1124 4460 1152 4511 et
1162 4454 1217 4511 hoe
1227 4455 1305 4527 qnod
1318 4455 1445 4524 additur,
1470 4457 1585 4528 amipiel
1595 4471 1630 4512 ee
1641 4455 1792 4527 volupia·

76 4542 244 4601 similitudo
256 4547 328 4615 vini,
340 4547 508 4604 necdicatis
520 4564 654 4603 amarum
674 4547 759 4603 dulce
774 4565 780 4602 :
797 4550 912 4620 gustate
965 4562 1029 4617 qam
1042 4544 1153 4612 dolere,
1170 4544 1206 4599 ad
1221 4545 1339 4600 eosdem
1363 4542 1513 4600 haereticos
1540 4542 1657 4611 dieitur,
1684 4542 1793 4615 qulbus

78 4632 237 4706 diligenter
248 4635 349 4691 vinum
361 4640 502 4704 vestrum,
514 4641 543 4693 ct
556 4636 708 4692 invenietis
719 4653 771 4709 pre
781 4637 847 4692 vinc
863 4636 913 4692 Sc·
967 4633 1128 4706 imperatur
1140 4637 1173 4688 ut
1187 4630 1329 4705 plangant
1347 4632 1467 4687 domum
1494 4631 1620 4688 vicinam
1648 4630 1792 4705 Ecclesia,

78 4736 143 4788 rec,
157 4721 284 4780 iurarem
297 4726 457 4781 draconum
471 4729 499 4781 et
515 4741 656 4780 venenum
668 4725 816 4796 aspidum.
832 4724 913 4781 Unde
967 4723 1045 4794 quod
1059 4721 1200 4776 inimicus
1216 4724 1244 4776 et
1259 4719 1336 4775 ultor
1350 4719 1495 4789 diabolus,
1513 4720 1558 4776 cui
1575 4719 1711 4777 trudendi
1724 4724 1794 4778 sunt

79 4809 175 4867 nolite
185 4814 347 4885 superbire,
361 4815 411 4870 sed
424 4815 519 4886 magis
531 4813 730 4869 humiliamini
740 4813 913 4886 subpetenti
967 4811 998 4867 in
1010 4809 1199 4882 supplicium,
1211 4809 1274 4882 ipse
1285 4808 1327 4865 ele
1338 4807 1444 4865 inierat
1454 4809 1565 4883 plagae,
1583 4813 1612 4866 et
1625 4812 1795 4882 extorqueat

83 4914 177 4956 manu
194 4902 318 4975 Domini,
335 4908 364 4958 et
379 4905 414 4959 ad
431 4903 503 4959 illud
519 4903 641 4958 transite
656 4900 784 4957 torcular
805 4901 840 4958 de
855 4918 912 4973 quo
968 4917 1020 4972 pro
1035 4898 1226 4955 aedificatione
1240 4898 1370 4970 pessima
1393 4897 1546 4972 plagarum
1570 4897 1711 4955 delorem.
1727 4900 1794 4965 Qua

83 4990 248 5047 ascendens
263 5009 297 5048 en
312 4994 414 5060 Edem,
436 4997 464 5048 et
478 4992 661 5048 rubicundus
689 5008 723 5056 eu
752 4991 842 5047 Bosra
859 4991 912 5063 [Al.
969 4992 1120 5062 propterea
1136 4987 1312 5055 inseruntur,
1329 4991 1362 5042 ut
1376 4988 1534 5044 sentientes
1550 4992 1741 5061 peccataque
1755 4987 1796 5043 le·

85 5077 201 5151 Bosor],
218 5079 349 5153 loquitur
364 5083 393 5137 in
410 5082 484 5138 lenia
496 5081 653 5154 propheta:
671 5081 801 5137 Torcular
810 5080 916 5136 calcavi
969 5080 1077 5144 serant,
1089 5081 1178 5148 agant
1189 5075 1399 5148 paenitentiam,
1411 5080 1440 5132 et
1453 5076 1589 5134 dolorum
1599 5077 1743 5134 habitatio
1755 5075 1798 5133 sit

80 5168 170 5235 aelus,
184 5177 210 5225 et
219 5169 387 5242 meantibus
399 5187 453 5227 noli
462 5176 502 5227 eal
516 5171 557 5226 nir
569 5186 683 5226 luccam.
707 5170 836 5226 Rursum
846 5169 916 5241 quia
969 5167 1011 5223 sis
1021 5167 1164 5223 bonorum
1175 5163 1298 5221 occasio.
1312 5164 1377 5222 Sive
1388 5164 1522 5223 Ecclesia
1540 5166 1690 5225 indicatur
1702 5165 1798 5239 dolor,

119 5346 160 5418 (a)
176 5345 246 5403 Mss.
265 5349 466 5416 Palattacenl,
476 5351 534 5405 auia
546 5364 552 5402 τ
566 5365 634 5404 mox
644 5347 679 5404 nd
690 5347 858 5418 Symmachi
870 5348 916 5404 in·
1005 5346 1042 5419 (l)
1057 5344 1162 5401 Conler
1177 5343 1297 5399 Librum
1311 5343 1347 5399 de
1357 5343 1419 5399 Situ
1430 5348 1459 5400 el
1471 5345 1640 5402 nominibus
1652 5346 1796 5404 Locorum

81 5420 324 5490 terprctntioncm
338 5422 454 5495 bispida
464 5437 516 5492 pro
533 5419 647 5493 Μαρέσει
663 5418 775 5492 legunt,
791 5423 820 5474 et
837 5415 916 5473 leel·
969 5418 1005 5475 ad
1018 5433 1117 5473 vocem
1132 5414 1256 5471 lunatim
1270 5414 1306 5470 de
1321 5414 1489 5487 Regnorum
1502 5416 1595 5473 libris.

83 5484 156 5563 λάμ.
173 5505 225 5564 pre
241 5508 298 5563 quo
314 5493 448 5549 Martian.
467 5489 584 5563 ὀδολάμ.
606 5492 687 5564 Saepe
702 5507 769 5548 vero
784 5489 868 5566 levia,
885 5491 914 5551 id
1005 5489 1038 5564 (a)
1053 5487 1134 5546 Unus
1148 5485 1284 5560 Palatia,
1300 5486 1433 5544 arelatae
1444 5488 1585 5562 poema
1597 5487 1722 5550 Christus
1736 5489 1802 5551 uai-

81 5575 181 5641 genus
196 5564 305 5621 menda
317 5563 398 5621 taciti
412 5565 602 5639 castigamus.
968 5565 1034 5632 tate,
1053 5563 1109 5621 ele.

254 5690 386 5759 Persou.
408 5691 507 5760 xllll.
1599 5690 1641 5777 il,
