3840 6098
347 267 719 337 (ΞΟΜΜΕΝΤΑῙΙΙΟΗΗΜ
742 273 783 335 ΙΝ
803 266 957 336 totttstt
977 270 1108 338 LIBER.
1129 272 1216 338 GAP.
1237 267 1277 336 tl.
1421 284 1425 291 '
1560 272 1661 340 '962

81 442 89 457 .
105 401 150 469 ts,
164 401 224 474 20.)
240 401 278 458 lu
292 409 327 471 te,
344 403 465 475 Domine,
476 404 618 462 clamato:
634 406 783 477 quintanis
797 414 825 475 Α
839 407 1191 476 quoscervusdesiderat.
1203 406 1237 461 st
1248 404 1402 477 dequibus
1416 404 1556 463 Dominus
1567 408 1661 481 toqui·

84 493 208 563 speciosa
221 492 329 561 deserti,
340 499 366 547 et
375 494 488 563 tiammo
496 494 635 550 succendit
646 496 740 550 omnia
751 495 784 550 u·-
838 494 1130 566 turperieremiam:
1144 497 1183 552 tle
1192 495 1417 567 derelinquerunt
1425 497 1613 569 fmtemuquae
1622 500 1663 555 ui-

81 581 143 638 bnis
149 597 161 643 ,·
174 581 255 637 sedet
268 581 369 650 terte,
381 585 453 653 apri,
463 585 543 653 quusi
552 599 617 639 area
626 586 721 640 sitiens
730 585 783 639 im·
838 597 881 639 ue
895 584 960 655 (ier.
976 601 1008 653 rr,
1026 585 1080 657 13).
1104 584 1227 641 siccatis
1249 587 1346 640 autem
1362 583 1491 641 tontibus
1505 601 1660 657 aquarum,

81 679 244 742 morunt
255 669 291 726 ad
304 673 348 725 te:
366 673 495 741 quoniam
505 675 636 728 exsiccati
649 681 713 729 sunt
721 676 783 746 son·
839 672 889 743 qui
906 672 1018 728 arentia
1031 689 1154 744 quaeque
1169 673 1387 745 irrigentstque
1398 673 1581 746 refrigerant,
1593 690 1662 731 con·

81 773 153 825 rum,
163 762 189 815 et
199 761 277 828 ionis
289 760 429 816 devorarit
440 762 683 832 speeiosadeserti.
695 763 781 818 LXX:
840 765 996 832 sequenter
1010 760 1154 833 quidquid
1169 762 1197 815 in
1215 760 1299 818 nobis
1315 759 1470 832 pulchrum
1494 762 1559 831 tuit,
1586 762 1663 836 ignis

81 848 782 923 omine‚ciamato,qnoniaminnisconsnmpsitspe-
840 849 943 904 ardore
957 854 1166 921 consumptum
1182 853 1237 915 est,
1253 849 1361 921 dequo
1376 849 1518 907 Dominus
1532 850 1663 924 loquitur

81 937 156 1006 serti,
172 941 199 992 et
212 938 324 1006 tiammo
333 938 473 994 succendit
485 941 579 994 omniu
590 941 667 1012 tipno
676 943 748 1010 apri,
759 949 785 997 et
838 935 868 992 ia
884 937 1059 1011 Evangelio:
1079 938 1207 994 Videbam
1223 937 1356 993 &tanam
1367 940 1446 1009 quusi
1454 940 1554 1014 sulpur
1562 941 1662 998 ouden-

81 1027 190 1095 tmmpi
202 1028 384 1097 suspexerunt
398 1027 433 1082 oct
447 1035 481 1095 te,
505 1031 637 1099 quoniam
652 1033 785 1099 arelaotae
837 1028 891 1082 tem
905 1026 938 1082 de
951 1027 1016 1083 coeto
1031 1028 1109 1099 (tuo.
1125 1043 1153 1097 x,
1170 1027 1225 1098 18).

81 1115 199 1171 mnes
212 1131 358 1188 aquarum,
374 1120 401 1172 et
415 1118 491 1185 ipnis
505 1119 650 1174 deuoraoit
663 1121 784 1190 speciosa
874 1115 955 1187 (Cep.
972 1115 1006 1172 ll.
1023 1146 1056 1157 —
1071 1116 1154 1171 Vers.
1173 1117 1184 1169 l
1203 1118 1298 1187 seqq.)
1325 1114 1420 1172 doniis
1441 1117 1505 1172 tubo
1527 1119 1557 1174 in
1577 1118 1665 1178 Sion:

82 1202 227 1275 Propheta
239 1203 383 1260 clamante
392 1205 427 1260 ad
439 1204 607 1274 Dominum,
621 1207 665 1262 vet
676 1207 785 1280 populo
837 1205 945 1260 utulate
959 1207 989 1260 in
998 1208 1194 1260 montesancto
1206 1220 1286 1260 meo:
1302 1205 1498 1261 conturbentur
1513 1223 1605 1264 omnes
1614 1208 1663 1265 bo·

81 1292 285 1365 trpropbetsm
298 1309 304 1349 :
321 1293 389 1363 quia
398 1294 475 1365 ignis
486 1296 643 1352 comederit
653 1296 785 1369 speciosa
840 1295 968 1349 bibitores
981 1297 1072 1361 terrm
1087 1295 1153 1366 quia
1165 1295 1241 1349 uenit
1251 1294 1309 1350 dies
1321 1294 1441 1359 Domini,
1455 1296 1522 1366 quic
1531 1303 1664 1369 propeert

84 1379 245 1437 stflamme
254 1383 437 1438 succenderit
446 1383 546 1439 omnis
558 1383 783 1459 ligneregionis,
839 1382 1665 1459 diestenebrurumetantipinis‚diesnubs'setturbinis,·quari

81 1470 333 1545 sijumentaagri,
350 1471 409 1527 sive
422 1473 528 1545 compi,
545 1476 784 1545 suspexerunted
838 1486 920 1526 mane
929 1486 1081 1542 expansum
1088 1474 1291 1542 supermontes,
1296 1472 1414 1543 populus
1421 1473 1523 1529 multus
1530 1475 1663 1546 aesortis,

81 1572 129 1627 tm,
144 1559 230 1631 qussi
246 1559 341 1616 creole
356 1561 460 1617 sitiens
473 1560 608 1618 imbrem.
632 1563 691 1618 Hoc
706 1564 785 1620 enim
839 1560 1507 1633 similiseinonsuitoprincipio,etpurteumnon
1517 1565 1570 1618 erit
1580 1580 1665 1638 usque

81 1635 276 1721 busignitlcat
284 1647 391 1720 Aquila
401 1649 510 1717 dicens,
522 1653 561 1719 (ut
573 1647 727 1723 ἐπρασῑώθη
739 1669 745 1707 :
758 1657 786 1708 et
841 1650 870 1702 in
882 1663 967 1703 annos
978 1650 1166 1717 venerationes
1177 1657 1202 1704 et
1213 1650 1406 1720 generationis.
1420 1649 1488 1706 Ante
1495 1652 1596 1722 facim
1606 1657 1664 1725 ejus

81 1739 157 1793 munt
169 1737 204 1792 ad
221 1753 300 1802 enm,
316 1739 455 1809 quoniam
471 1745 611 1795 aruerunt
625 1741 730 1811 tontes,
742 1741 784 1798 vel
840 1738 913 1808 a'pnis
929 1753 1039 1795 carons.
1056 1744 1150 1808 etpost
1164 1753 1228 1792 eum
1242 1752 1362 1793 exurens
1369 1739 1499 1808 flamma:
1513 1743 1596 1812 quasi
1604 1740 1666 1799 bor-

81 1838 135 1880 uss
149 1840 305 1896 aquarum,
330 1831 360 1881 et
383 1827 460 1898 iguis
484 1828 632 1885 devoravit
655 1830 789 1901 speciosa·
841 1830 884 1880 tus
897 1827 1045 1897 voluptatis
1058 1828 1132 1881 terra
1146 1841 1238 1882 coram
1251 1842 1292 1896 eo,
1308 1829 1404 1898 etpost
1419 1843 1481 1882 euru
1492 1828 1609 1885 solitudo
1618 1829 1663 1888 de-

107 1919 187 1985 quod
214 1913 326 1970 scilicet
348 1915 403 1970 hoo
428 1932 524 1986 eruca,
550 1921 579 1972 et
607 1917 731 1986 locusta,
760 1921 788 1973 et
840 1915 929 1969 serti:
953 1929 1041 1986 neque
1062 1927 1101 1969 est
1123 1916 1173 1985 qui
1195 1915 1309 1986 ellopiat
1332 1931 1417 1971 eum:
1443 1918 1521 1988 quasi
1541 1926 1666 1990 aspectus

81 2016 95 2057 s
108 2000 230 2058 tenenat
244 2008 272 2058 et
295 2004 410 2076 subige,
434 2005 512 2075 quod
528 2004 605 2077 ignis
621 2007 649 2060 in
665 2005 785 2079 stipula,
841 2018 983 2075 equorum,
999 2010 1123 2075 aspectus
1138 2019 1243 2070 eornm,
1258 2007 1284 2059 et
1297 2005 1376 2075 qua-si
1386 2006 1664 2079 equitessicourrent‚

81 2089 129 2146 tin
150 2091 297 2163 vepribus.
324 2092 461 2164 Speciosa
475 2097 573 2149 autom
588 2095 707 2162 deserti,
723 2111 788 2166 quae
841 2094 913 2148 sieut
925 2094 1031 2148 suardus
1044 2092 1244 2163 quadrigarum
1253 2109 1337 2164 super
1347 2095 1438 2164 capita
1448 2096 1666 2152 montiumecsi·

81 2194 104 2235 te
117 2179 256 2236 dicuntur
269 2198 362 2236 unare
387 2182 489 2253 (nint),
515 2182 714 2255 intelligemus
738 2187 789 2240 sut
842 2181 919 2250 tiont,
935 2183 1007 2237 sicut
1019 2183 1126 2236 sonitus
1139 2182 1261 2250 flammeo
1271 2182 1345 2250 ipsis
1358 2181 1513 2239 detrorantis
1523 2185 1666 2257 stipulum,

81 2282 250 2341 stuporum,
267 2274 318 2326 aut
332 2275 481 2342 pratorum
504 2271 647 2338 florentis,
674 2277 725 2328 eut
745 2272 788 2327 vi-
840 2269 914 2325 oeiut
927 2269 1044 2341 populus
1064 2272 1144 2341 fortis
1157 2277 1331 2341 praeparatus
1344 2271 1385 2326 ud
1397 2272 1540 2342 praetiam,
1564 2290 1583 2329 a
1595 2275 1667 2344 lucie

81 2356 173 2414 serbis
188 2358 260 2422 toea,
277 2375 338 2430 que
353 2375 463 2429 pascue
473 2359 621 2432 prebuere
631 2362 786 2432 jumentis.
841 2359 900 2425 eius
916 2359 1116 2414 cruciabuntur
1128 2359 1240 2431 populi:
1255 2374 1346 2414 omnes
1359 2360 1625 2430 mtrmreaiaentar
1635 2365 1666 2419 in

81 2460 97 2503 e
121 2451 218 2502 autem
244 2448 279 2503 ud
297 2449 452 2503 Dominum
469 2466 520 2520 per
535 2450 717 2522 prophetam,
738 2452 788 2522 ju·
841 2445 935 2517 otiam,
951 2447 1024 2502 siout
1036 2448 1120 2517 sortes
1128 2450 1250 2518 current,
1267 2449 1346 2518 quasi
1354 2449 1410 2504 uiri
1421 2448 1561 2506 bellatores
1571 2467 1665 2507 aseen-

81 2533 114 2591 ad
127 2550 195 2591 eum
211 2537 358 2608 suspicere
375 2537 440 2593 tecit
454 2538 542 2610 ignis,
567 2539 617 2610 qui
640 2540 789 2595 devoravit
841 2534 941 2590 demut
955 2533 1010 2603 [Al.
1026 2535 1180 2607 ostendent]
1195 2552 1331 2591 murum:
1346 2537 1402 2591 viri
1415 2537 1446 2591 iu
1459 2539 1512 2594 viis
1526 2541 1585 2595 suis
1599 2557 1664 2609 oru-

81 2622 224 2690 rdsserti,
239 2631 269 2681 et
279 2626 399 2682 flemma
409 2643 471 2698 quse
481 2627 632 2684 succendit
642 2628 788 2685 omnieti·
840 2623 951 2679 uenter
963 2623 1058 2698 [vulg.
1070 2627 1157 2681 oin...
1172 2624 1343 2698 praeietarl,
1360 2628 1386 2680 ei
1396 2641 1452 2682 uon
1462 2626 1664 2686 declinaturus

81 2711 174 2785 lionis,
196 2719 229 2769 ut
243 2730 345 2787 greges
361 2719 389 2771 ot
403 2733 490 2787 poma
504 2717 613 2788 puriter
625 2717 787 2788 interirent,
840 2714 948 2768 semilis
960 2714 1035 2768 tuti:
1051 2715 1237 2786 unusquisque
1250 2716 1366 2785 tratrem
1379 2730 1461 2770 tuum
1474 2732 1531 2772 nun
1545 2726 1664 2775 coarcte

90 2800 191 2859 siccmi
204 2808 274 2859 sunt
285 2804 379 2860 sontes
390 2821 544 2876 aquarum,
557 2806 594 2877 (ὁ)
605 2811 634 2862 el
644 2806 787 2879 quidquid
841 2800 890 2871 bit,
900 2801 1046 2871 sinputiin
1061 2803 1132 2858 cutte
1142 2818 1190 2858 suo
1204 2800 1398 2857 ambulabunt.
1414 2803 1467 2859 Sed
1477 2808 1503 2859 et
1514 2821 1565 2877 per
1572 2809 1664 2878 senm-

81 2893 120 2946 rto
130 2895 244 2963 poterut
253 2891 387 2962 inveniri,
402 2909 489 2949 vorux
502 2894 622 2950 domme
634 2910 789 2968 consump-
840 2892 899 2946 tras
912 2890 1019 2957 eadent,
1034 2898 1060 2947 et
1072 2907 1129 2946 non
1142 2891 1336 2962 demolientur,
1351 2891 1448 2948 urbem
1462 2894 1664 2969 inpredientur,

81 2977 184 3051 ruique
199 2981 428 3049 consideremus,
445 2983 521 3054 quod
537 2983 594 3039 nisi
609 2990 788 3057 propterea·
840 2979 871 3033 ὑὶ
883 2995 966 3035 muro
974 2989 1099 3048 wetti,
1114 2979 1206 3036 ‘¹0m08
1214 2979 1401 3047 wiliielmi·
1415 2997 1466 3053 W
1478 2983 1610 3054 imm-5
1621 2986 1666 3040 in-

81 3083 106 3137 n,
120 3070 150 3124 et
163 3068 338 3125 oblationem
354 3071 537 3139 deliciarum,
562 3089 614 3128 nec
636 3073 788 3147 propheta,
841 3068 956 3123 dabunt
969 3071 1052 3142 ‘lilim'
1064 3071 1112 3140 sur
1126 3085 1132 3123 :
1147 3069 1246 3140 (isacii
1258 3069 1319 3141 ejus
1328 3072 1493 3126 contremuit
1503 3074 1585 3140 ima,
1596 3074 1667 3132 moli

81 3155 131 3213 tiss
144 3155 322 3214 clamassent
336 3160 372 3215 ad
388 3161 555 3231 nominum,
572 3166 623 3216 aut
637 3163 673 3217 ad
691 3163 786 3219 pomi.
802 3148 823 3215 C
841 3163 905 3212 sunt
917 3156 988 3225 cerii,
1003 3158 1043 3215 sot
1058 3165 1083 3213 et
1098 3157 1165 3212 iuna
1179 3157 1350 3214 obtenebrati
1368 3166 1441 3227 sunt,
1465 3162 1493 3215 et
1515 3161 1601 3217 stella
1621 3178 1667 3218 re·

81 3245 345 3333 reperissentquod
357 3248 477 3319 quidem
488 3254 516 3305 et
526 3250 560 3305 ad
571 3251 687 3321 justum
699 3268 790 3326 quon·
844 3250 989 3302 traxerunt
1002 3246 1172 3318 splendorem
1185 3262 1274 3318 tvvm,
1300 3254 1326 3302 ei
1343 3247 1476 3303 Dominus
1488 3248 1565 3306 dedit
1578 3266 1669 3308 vocem
1768 3280 1786 3303 ο

81 3350 144 3391 rom
157 3335 257 3391 reterri
273 3340 378 3408 potest,
402 3338 453 3409 qui
478 3355 545 3395 cum
560 3339 747 3398 declinaverit
761 3346 791 3398 et
841 3351 926 3391 suam
940 3343 1003 3391 ante
1016 3338 1116 3407 taciem
1125 3337 1261 3392 exercitus
1270 3337 1325 3403 sui,
1337 3337 1403 3406 quio
1412 3338 1668 3397 multaruntnimis

81 3422 197 3496 netum,
213 3441 400 3497 nequequam
411 3426 437 3482 ei
447 3427 569 3484 virtutes
580 3429 709 3499 pristine
720 3448 790 3503 pro·
843 3428 932 3479 casira
947 3424 1014 3494 eim,
1030 3426 1095 3496 litia
1109 3427 1196 3493 [ortua
1210 3428 1238 3479 et
1249 3425 1381 3495 facientia
1395 3426 1508 3481 vetum
1528 3429 1598 3499 ejus.
1611 3429 1667 3484 Mu-

81 3536 89 3579 3
104 3512 156 3569 sed
164 3513 310 3584 judicabit
320 3515 537 3572 eumnomlnus
547 3517 577 3571 ln
592 3517 699 3588 qulbus
710 3519 788 3575 juve.
842 3529 912 3583 pnus
925 3514 1000 3568 enim
1013 3512 1072 3568 dics
1086 3513 1195 3569 Domini
1207 3515 1233 3568 et
1247 3512 1381 3568 terribilis
1395 3512 1486 3579 ualde,
1501 3517 1596 3587 etquis
1606 3532 1667 3572 sus-

81 3601 320 3675 tpeoiusadeserti
332 3603 478 3676 appellare
492 3622 662 3676 possumus,
679 3607 714 3663 de
727 3608 789 3679 qui·
843 3601 939 3656 tinebit
950 3604 1031 3657 euml
1047 3600 1115 3656 bXX
1129 3619 1135 3657 :
1154 3599 1248 3656 Cunite
1262 3601 1327 3656 tutu
1341 3601 1372 3655 in
1386 3602 1463 3667 Sion,
1478 3603 1626 3673 predicate
1637 3606 1667 3660 in

81 3689 188 3763 riptum
203 3695 247 3747 est
261 3710 267 3747 :
289 3694 388 3748 Plures
401 3692 459 3763 filii
472 3693 584 3750 deserte
598 3698 689 3766 mapis
704 3713 789 3766 quam
843 3693 933 3746 monte
946 3696 1037 3745 sunno
1052 3705 1129 3745 rnen:
1146 3688 1181 3760 (a)
1195 3687 1493 3745 conturberunromnes
1502 3690 1667 3749 mutatores

81 3778 192 3836 'tabet
207 3783 300 3837 oirrrm
324 3783 388 3853 (lsu.
409 3799 465 3848 niv,
482 3784 519 3855 1).
545 3784 677 3840 Flamma
690 3790 788 3841 atatem
841 3783 939 3835 tertie:
961 3780 1092 3851 quonium
1112 3777 1186 3833 adest
1208 3778 1265 3833 dies
1288 3777 1407 3846 Domini,
1432 3780 1565 3850 quoniam
1582 3781 1667 3851 juata

82 3869 195 3925 otendit
216 3871 315 3925 omnia
330 3869 409 3944 ligne
424 3871 560 3944 regionis,
580 3872 631 3928 illa
645 3889 710 3930 esse
724 3891 789 3931 ore·
842 3871 880 3923 θεῖ
895 3868 952 3923 diet
967 3868 1144 3923 tenebrarum
1157 3870 1184 3922 ⁶2
1196 3865 1337 3937 ‘'alstidi'’
1362 3865 1420 3922 ‘¹50³
1441 3867 1524 3923 'libii
1545 3873 1573 3924 02
1584 3872 1666 3941 limi·

81 3960 124 4025 ιιι,
139 3973 201 4029 quer
216 3957 387 4015 immittitur
397 3960 567 4016 ardentibus
577 3961 685 4018 diaboli
699 3963 787 4035 sagit-
842 3971 905 4019 nae;
920 3957 991 4012 Sitti
1003 3971 1085 4011 mant
1097 3954 1229 4026 [tuddul
1242 3970 1325 4027 tulit?
1337 3957 1440 4012 monier
1452 3957 1571 4029 populus
1592 3959 1667 4015 mul·

82 4044 157 4101 nibil
178 4046 209 4102 in
232 4048 316 4103 nobis
331 4048 475 4104 bonorum
491 4050 608 4121 frugum
624 4056 788 4121 remaneut;
842 4055 885 4103 tus
897 4046 971 4102 186
982 4045 1110 4120 essartis.
1120 4045 1257 4101 iimiliiti
1269 4043 1437 4115 (dloontuu
1450 4047 1628 4121 sprincipio,
1640 4055 1667 4107 et

81 4137 147 4190 ncta
168 4134 302 4191 inccndio
326 4142 546 4193 consumuntur.
577 4137 685 4196 Omnes
710 4140 788 4196 enim
841 4138 1048 4207 nostrumnon
1062 4133 1668 4210 eritusqueodunnospenerationispeneru·

81 4228 167 4280 nates
182 4223 235 4296 [rt.
252 4241 337 4281 omne
352 4242 453 4282 semen
467 4227 686 4302 adulterantisl,
705 4230 789 4301 quasi
844 4226 959 4279 tionum.
976 4226 1046 4280 Ante
1059 4239 1121 4279 eum
1134 4237 1293 4279 consumens
1310 4223 1393 4292 ionia
1410 4230 1435 4278 et
1446 4227 1580 4295 postenm
1587 4229 1669 4299 lium·

81 4328 101 4368 s
114 4314 204 4368 eorda
218 4329 336 4382 eorum;
353 4320 382 4369 ct
397 4331 454 4370 non
470 4313 566 4371 solum
582 4315 733 4388 propheta,
744 4317 789 4374 vel
843 4329 890 4368 mu
903 4328 1041 4370 succenso.
1056 4313 1133 4368 Sicut
1146 4311 1293 4385 paradisus
1307 4312 1455 4384 uoluptatis
1467 4321 1541 4370 terra
1551 4321 1615 4372 ante
1625 4319 1671 4389 la·

81 4416 161 4474 sper
175 4402 358 4475 prophetem,
384 4404 434 4476 qui
459 4404 599 4460 rationale
622 4407 791 4463 animatust
843 4401 1671 4478 aiemejusretposterioraittiur,sicuteumpussotitudinis,

81 4494 115 4562 r),
130 4491 180 4546 sed
192 4493 329 4562 jumenta
342 4508 469 4564 quoque,
494 4494 530 4548 de
555 4494 663 4565 quibus
678 4495 790 4552 dictum
805 4515 828 4579 Β
843 4493 933 4563 etqui
954 4492 1077 4548 soluetur
1097 4507 1152 4546 non
1167 4491 1220 4546 erit
1233 4491 1278 4557 ei,·
1291 4491 1363 4545 sind
1383 4492 1506 4561 aspectus
1527 4506 1670 4564 equorum,

81 4582 178 4637 rminer
192 4585 218 4636 et
228 4581 355 4652 jumenta
369 4582 457 4638 salvor
471 4584 567 4653 fames,
591 4586 709 4640 Domine
731 4584 789 4656 (Ps.
843 4585 966 4654 aspectas
980 4596 1085 4648 eorum,
1099 4589 1124 4635 et
1134 4581 1205 4635 sieut
1214 4580 1318 4651 equites
1332 4579 1672 4650 superserenissimo

80 4668 123 4741 u).
134 4669 170 4724 tte
179 4668 248 4723 olibi
261 4685 268 4723 :
285 4671 371 4737 Quasi
379 4672 537 4743 jumentum
545 4672 635 4741 lactus
644 4688 706 4727 sarm
718 4673 792 4744 apud
843 4686 900 4726 oon
913 4669 1110 4743 quadriennem
1124 4684 1207 4741 super
1218 4669 1333 4723 vertices
1346 4668 1483 4723 montium
1496 4670 1633 4742 exsilient,
1644 4675 1672 4729 et

81 4763 93 4814 ’.
107 4773 159 4826 ru,
174 4757 231 4830 23).
254 4759 290 4813 Et
304 4760 410 4814 iterum
425 4775 432 4814 t
457 4759 601 4815 Seminabo
622 4776 667 4816 eos
688 4764 792 4819 semine
845 4762 915 4815 siout
928 4774 981 4815 voc
993 4760 1117 4830 pamma
1131 4759 1204 4828 ipnis
1218 4756 1376 4831 deserueris
1389 4756 1531 4827 stipulum,
1559 4763 1587 4814 et
1599 4761 1672 4818 sicut

81 4860 111 4902 m
121 4854 150 4902 et
158 4847 352 4917 jumentorum
361 4849 427 4919 lter.
438 4865 515 4919 xxxr,
525 4849 581 4920 27),
598 4857 791 4922 suspexerunt
844 4847 962 4920 populus
976 4847 1079 4902 multus
1091 4849 1117 4901 et
1130 4845 1210 4917 sortes
1219 4847 1391 4916 praeparatus
1401 4843 1436 4900 ud
1448 4846 1587 4917 pralium,
1597 4863 1617 4905 o
1625 4850 1671 4919 fu-

81 4935 185 5003 tinum,
201 4940 230 4991 et
245 4953 339 4993 rorem
362 4936 441 4992 iltius
456 4937 661 4993 misericordie
677 4938 791 5012 flagita·
845 4940 887 4993 eie
900 4937 961 5008 ejus
975 4937 1149 4992 conterentur
1160 4933 1267 5006 popuii,
1283 4934 1373 4989 omnis
1385 4934 1476 4989 vuitus
1484 4936 1553 4991 sicut
1562 4935 1671 4995 adusto

81 5023 147 5098 quia
169 5025 304 5081 exsiccati
329 5032 399 5081 sunt
426 5027 519 5081 sontes
543 5041 697 5098 equarum,
714 5028 792 5084 184
845 5027 920 5091 otte,
936 5026 1008 5081 siout
1018 5027 1187 5096 pugnatores
1201 5026 1323 5090 currerit,
1338 5027 1365 5079 et
1379 5024 1447 5078 sicut
1459 5025 1515 5079 uiri
1528 5024 1670 5084 bellatores

80 5184 163 5225 rano
179 5168 319 5237 Palatino,
344 5167 499 5240 ἐπρασώθη,
521 5169 642 5295 Aquilo,
666 5171 791 5244 πρασιάω
881 5169 916 5239 (c)
931 5166 1051 5232 Victor„
1066 5166 1283 5237 con-funduntur,
1308 5183 1359 5237 pru
1374 5168 1582 5236 conturbentur,
1607 5167 1670 5226 vuit

81 5257 88 5295 ι
104 5244 189 5297 sonat
203 5242 318 5296 imbrem
326 5243 422 5296 sitire:
440 5256 497 5312 quo
508 5245 536 5295 et
573 5240 627 5296 sel.
643 5259 699 5308 xm,
715 5259 789 5299 vers.
844 5239 913 5312 logi,
929 5237 1004 5308 quod
1021 5236 1117 5292 Graece
1130 5236 1169 5292 sit
1183 5236 1408 5320 συγχυθήτωσαν.
1425 5241 1463 5292 At
1476 5253 1541 5296 varo
1556 5239 1587 5295 iu
1603 5239 1669 5296 eliis

84 5328 110 5381 r,
120 5311 170 5367 ubi
183 5328 236 5368 nos
247 5312 401 5375 habemus,
413 5312 646 5383 quemadmodum
656 5312 792 5370 desident
845 5308 1071 5381 exemplaribus,
1085 5313 1115 5364 et
1129 5324 1196 5363 cum
1213 5309 1316 5380 primis
1328 5307 1522 5365 Alexandrino
1534 5314 1577 5366 est
1588 5330 1668 5365 συνα-

81 5382 115 5440 rtt
128 5386 231 5455 sontem
245 5400 391 5455 aquaram,
408 5389 463 5439 etc.
845 5382 1002 5455 χθήτωσαν,
1017 5380 1047 5434 in
1062 5377 1261 5451 complutensi
1276 5384 1375 5435 entem
1394 5381 1666 5457 ουνταραχθήτωσαν,

81 5453 172 5511 iducit
188 5455 332 5512 Victorius
348 5464 373 5511 et
387 5455 535 5527 copulam,
558 5453 791 5511 Florentinorum
846 5453 922 5526 quod
934 5450 1055 5582 Iproprie
1071 5454 1156 5532 sonet
1168 5449 1382 5534 contunduntur.

81 5526 247 5583 ‚uctontatc
264 5528 332 5583 Erat
347 5543 463 5600 quoque
477 5525 557 5592 olim,
577 5529 704 5598 poterunt
718 5528 791 5584 inoe-
881 5525 919 5596 ld)
960 5520 1161 5587 saeratae..
1176 5523 1667 5601 semrtueinoncritmecfuiteto..

81 5613 109 5657 ro
119 5602 228 5673 poterat
243 5601 373 5658 inueniri.
845 5596 896 5673 qui
911 5601 939 5653 et
953 5595 1030 5653 intra
1042 5608 1196 5669 perperam
1206 5609 1224 5652 e
1233 5592 1331 5655 Graeoo
1345 5593 1483 5656 dissentit
1498 5590 1666 5679 archetypo.
