3818 6104
94 253 158 321 Ui
667 323 670 326 ,
728 253 760 317 S.
783 250 941 319 cosuett
961 251 1183 320 uteeeutttt
1734 245 1795 314 ist

99 390 189 462 nitor,
203 390 283 464 quud
307 389 441 447 excelsus
455 387 513 458 eit3
538 391 571 445 ut
583 387 748 446 volentibus
766 388 914 457 fornicare,
928 393 958 456 Α
971 389 1113 461 quotidie,
1128 392 1157 444 et
1169 403 1221 461 pan
1230 388 1353 446 virtntm
1362 390 1569 446 attenuantur:
1588 380 1629 444 ita
1638 387 1794 458 utaequi—

98 477 201 552 precul
215 480 356 550 appareat
367 475 568 534 fornicatiouis
581 476 674 545 locus,
688 482 719 533 et
732 493 790 533 nen
801 491 920 533 neeesse
975 494 1063 551 quam
1081 493 1148 534 oure
1162 477 1337 551 appelletur,
1352 479 1402 534 sed
1418 478 1555 551 spiritus:
1572 481 1602 533 et
1614 474 1795 548 loquuturi!

98 566 138 624 sit
151 566 252 639 queri.
265 566 349 632 Quod
363 564 454 622 semel
466 570 495 622 et
509 565 616 622 iterum
631 569 719 638 atque
729 566 836 622 iterum
846 563 919 620 dixi·
974 566 1105 639 psalmo:
1122 565 1217 624 stoue
1225 568 1397 624 animemed
1411 568 1452 624 od
1465 567 1678 638 telieeeguoet
1688 561 1796 620 multi·

97 670 177 725 mus,
192 654 412 728 inperpetuum
427 653 536 711 dixisse
557 653 695 723 sullioiat,
711 654 767 710 sub
792 669 921 725 persona
971 654 1094 728 pliciter
1107 655 1160 711 tibi
1173 669 1242 712 ecre
1255 672 1324 712 mec
1338 656 1427 727 (Psoi.
1439 671 1505 722 extr,
1521 654 1566 726 2t:
1584 654 1646 711 sive
1656 653 1700 726 tut
1714 663 1796 725 que-

98 742 231 812 muiieris
253 746 320 816 pest
335 742 429 799 multa
451 742 548 800 mariti
573 732 714 800 benetieia
734 739 918 808 fornicantis,
974 743 1042 799 dam
1057 743 1167 799 habent
1182 741 1798 816 (aieremplariatqaomodcceneempteest

97 831 224 891 dcsoubi
237 831 458 890 fornicationem
476 829 653 902 Jerusalem,
668 830 816 903 quomodo
832 845 850 885 a
865 830 919 884 lico
974 832 1052 887 168
1066 847 1137 888 eure
1151 847 1230 886 meo:
1246 834 1278 888 ln
1287 837 1370 888 terra
1381 832 1498 888 demeto
1506 836 1532 886 et
1544 830 1623 888 iouia
1634 838 1664 886 et
1679 831 1798 902 inaguo-

99 919 261 989 reeesserit,
275 924 306 977 et
315 921 420 992 juncta
445 920 485 976 eit
498 919 597 988 idolis,
616 934 670 975 nee
694 917 811 976 occulta
833 917 920 973 luerit
973 935 1020 975 au:
1036 921 1078 976 sic
1093 921 1428 992 tosenctceppuruttibi
1441 922 1464 991 (Ι
1475 920 1584 991 dccv).
1598 919 1797 986 Quamobrem

98 1007 290 1068 baubatibus
300 1012 438 1066 contento
449 1009 514 1078 3sed
525 1007 710 1064 edificaverit
719 1005 776 1064 eibi
784 1006 919 1078 lupanar,
974 1011 1003 1064 et
1014 1008 1184 1065 Corinthius
1203 1009 1361 1065 fornicator
1375 1009 1502 1065 traditur
1516 1009 1545 1064 in
1564 1008 1718 1064 interitum
1733 1020 1798 1063 ear·

98 1101 129 1157 et
141 1097 172 1155 ‘ro
186 1097 268 1154 omni
282 1097 330 1156 eia
351 1096 469 1171 siguum
485 1096 708 1154 transeuntibus
730 1094 871 1168 posuerit,
887 1098 920 1150 ut
974 1098 1031 1165 nis,
1047 1101 1081 1152 ut
1094 1096 1216 1168 spiritus
1231 1096 1329 1153 salvus
1345 1098 1403 1153 tint.
1430 1093 1469 1154 lte
1483 1098 1538 1154 bae
1554 1112 1641 1154 cerne
1651 1096 1799 1169 scriptam

98 1186 232 1245 remeent
252 1187 290 1243 ed
304 1190 446 1256 modum,
469 1191 498 1242 et
513 1186 654 1243 satiarent
677 1183 841 1254 libidinem,
860 1199 919 1239 non
973 1191 1037 1242 est:
1053 1188 1150 1244 Oronte
1163 1202 1234 1243 eure
1247 1188 1357 1257 senum,
1373 1192 1401 1242 et
1415 1188 1510 1243 munis
1526 1185 1626 1258 picria
1639 1186 1701 1258 ejus
1714 1184 1802 1257 quati

98 1278 161 1333 tam
175 1290 273 1343 suem,
287 1291 377 1346 quam
398 1275 541 1346 eiusque
570 1273 741 1330 divaricavit
756 1289 844 1328 crura
865 1287 921 1328 sua
973 1275 1025 1347 tior
1038 1275 1109 1345 ferei.
1124 1275 1207 1331 Arutt
1228 1276 1338 1345 senum,
1354 1283 1382 1331 et
1395 1275 1447 1346 tice
1468 1279 1532 1347 ejas
1545 1274 1666 1332 metuit:
1681 1272 1801 1330 verbm

99 1363 180 1423 omni
193 1364 367 1429 transeunti,
382 1367 412 1419 et
436 1361 665 1434 pulchritudinis
681 1360 919 1434 magnitudinem
974 1367 1074 1419 cutem
1088 1363 1203 1419 Domini
1215 1372 1312 1420 mereat
1327 1365 1359 1420 in
1370 1369 1513 1421 aeteruum
1523 1364 1592 1435 (lea.
1602 1378 1648 1431 xc,
1663 1363 1691 1432 6,
1702 1362 1745 1434 7).
1755 1362 1799 1419 tie

98 1451 302 1524 &comatoria
317 1451 520 1524 magnitudine
534 1451 716 1522 deturparit:
733 1454 762 1506 et
775 1450 851 1506 iuter
864 1465 919 1506 ce·
972 1466 1033 1522 qua
1042 1450 1425 1523 stapestoluslcquebatur:
1435 1451 1800 1523 carcetsouguirrspsrmt

98 1547 161 1598 tera
175 1539 264 1596 etiam
280 1539 422 1611 AEgyptiis
435 1540 540 1595 vicinis
554 1540 617 1595 suis
632 1554 730 1594 amore
745 1554 920 1611 magnorum
973 1539 1027 1596 liei
1038 1554 1094 1594 oco
1120 1540 1301 1608 posodeeoat
1323 1542 1347 1610 (Ι
1363 1541 1431 1596 Cor.
1447 1556 1494 1611 xv,
1518 1542 1575 1612 50).
1591 1544 1625 1596 et
1637 1540 1669 1595 in
1690 1528 1800 1596 (tmesi

96 1628 231 1699 matium
237 1628 439 1700 prestrataeit.
451 1629 619 1684 ittutomne
630 1626 920 1700 genesturpitudinis
974 1626 1102 1698 loquitur
1117 1626 1193 1683 Deus
1205 1645 1210 1683 :
1221 1630 1475 1697 Neopermcnebtt
1484 1621 1606 1700 spiritis
1615 1643 1696 1684 meuc
1710 1628 1800 1684 into·

92 1719 322 1782 commeruerat,
345 1715 501 1789 multiplici
524 1716 673 1788 spurcitia
696 1731 801 1788 genere
824 1715 919 1772 defor-
933 1751 959 1817 B
972 1717 1099 1772 minibus
1111 1717 1185 1780 istis,
1200 1717 1347 1788 quiaccro
1362 1726 1428 1773 eunt
1445 1717 1523 1788 (Gen.
1533 1735 1571 1785 vr,
1587 1716 1627 1788 3).
1643 1721 1678 1772 Et
1688 1716 1725 1772 ed
1735 1732 1800 1772 crs·

98 1809 179 1876 meta
192 1805 241 1863 sit.
252 1803 332 1863 Nulli
347 1809 446 1862 autem
456 1804 593 1872 dubium,
604 1805 681 1876 quod
693 1805 816 1878 AEgypto
825 1804 921 1859 cicino
976 1805 1077 1861 dentes
1092 1804 1217 1860 dicitur:
1235 1807 1291 1875 Qui
1304 1806 1334 1860 ie
1348 1822 1438 1862 carne
1451 1815 1527 1872 soret,
1543 1807 1599 1862 lieo
1607 1804 1729 1878 placere
1739 1821 1801 1861 orno

99 1895 139 1962 eit
152 1886 317 1963 Palaestina,
339 1894 456 1952 dicente
471 1893 593 1951 Domino
607 1895 684 1949 wi
701 1894 737 1949 ad
752 1893 919 1949 Abrabam:
974 1900 1102 1964 possunt.
1118 1897 1283 1950 vosautem
1296 1911 1355 1951 ooo
1366 1895 1472 1952 estisin
1486 1894 1802 1964 somersettensium

98 1986 182 2051 nebo
195 1985 250 2042 tibi
263 2000 375 2040 omum
388 1991 498 2040 terrem
509 2000 530 2040 u
539 1982 625 2055 ticcio
637 1982 869 2055 [teretiusque
882 1980 921 2036 ed
976 1982 1067 2053 (Rom.
1083 1998 1144 2047 vor,
1159 1983 1186 2048 8,
1198 1982 1236 2054 9).
1249 1981 1314 2037 Alia
1324 1987 1423 2040 autem
1434 2000 1501 2040 care
1512 1988 1683 2040 sanctorum
1696 1982 1802 2050 est,de

97 2073 218 2148 flumem
229 2089 370 2147 maguum
377 2075 551 2146 liuptrretem
560 2071 691 2144 (Germ,
703 2072 759 2140 te),
775 2076 850 2127 utex
862 2087 920 2127 une
977 2086 1037 2141 qua
1048 2070 1189 2142 scriptum
1203 2076 1264 2127 eet:
1282 2073 1384 2128 Omnis
1397 2088 1469 2130 cero
1480 2073 1593 2129 uidebit
1607 2071 1803 2130 memorabat

95 2166 183 2236 perte
196 2162 355 2235 Egyptics,
370 2166 447 2219 etex
461 2161 551 2219 altera
572 2160 678 2218 habeat
691 2159 836 2231 Assyrios,
852 2175 920 2215 cum
977 2157 1062 2230 (teci.
1079 2175 1124 2227 xc,
1141 2159 1181 2230 5).

99 2250 207 2324 quibua
217 2254 249 2307 et
263 2251 293 2307 ia
308 2250 520 2323 posterioribus
533 2249 643 2305 dicitur
656 2248 807 2304 tornicata.
819 2247 920 2304 Forni·
1013 2248 1108 2319 (vers.
1123 2247 1188 2321 27.)
1198 2252 1267 2304 Ecce
1276 2249 1553 2324 epoeueutttttutg.
1563 2249 1803 2323 amalecitarum·

101 2338 176 2411 catio
190 2334 922 2410 autemlerusatemoumAEgyptiie,idololatriaeo·
977 2353 1047 2394 uum
1055 2343 1285 2407 maturauere,
1294 2347 1321 2395 et
1330 2341 1470 2410 auserem
1472 2340 1803 2410 justifiectiesmtm

74 2421 77 2428 ’
100 2445 168 2503 rom
182 2427 308 2486 imitatio
335 2434 389 2486 est.
405 2428 450 2485 ed
473 2431 604 2485 nostram
627 2430 726 2483 autem
748 2424 920 2496 Jerusalem,
977 2425 1803 2504 [Vulgjuetucmteldebeteeuimir[Vulg.iocuictue}

99 2516 162 2575 siue
177 2516 419 2586 lidelmiam,sive
433 2517 613 2574 credentium
631 2515 756 2586 animas,
773 2515 799 2570 si
814 2514 923 2569 tuerint
975 2515 1132 2573 cdieutium
1156 2525 1194 2586 te,
1209 2518 1340 2586 filiarum
1360 2519 1596 2586 Palestinorum,
1625 2520 1801 2591 mauis·

100 2605 294 2680 negligentes,
313 2605 569 2663 stemnibusvitiis
580 2601 921 2676 patuerintduplexma·
976 2613 1058 2661 seret
1073 2604 1131 2678 [ΑΙ.
1146 2605 1308 2678 ardescunt]
1324 2608 1356 2662 te
1370 2607 1418 2663 cio
1432 2616 1483 2663 tua
1496 2607 1735 2664 sceteratauxx
1747 2623 1756 2664 z
1767 2607 1803 2666 et

101 2693 268 2759 &diodonis
278 2712 374 2752 sermo
384 2694 530 2767 dirigitur,
543 2698 575 2751 ut
585 2693 706 2750 audiant
717 2708 724 2749 ε
737 2692 790 2762 tae,
802 2707 841 2748 ee
857 2692 921 2761 tibi,
977 2699 1077 2750 erdem
1086 2694 1240 2753 tetendero
1249 2711 1369 2751 meeum
1379 2707 1617 2767 vocantuocant,
1627 2698 1802 2768 messere:

101 2784 149 2854 ait
161 2784 298 2840 Βωηὶεικε
310 2785 394 2851 lices,
413 2783 500 2854 juxto
514 2781 585 2839 illud
603 2781 681 2854 qood
702 2778 733 2837 in
747 2779 922 2853 Apocalypsi
978 2782 1103 2853 beitimc
1117 2784 1333 2850 cooperatore
1349 2785 1380 2839 io
1390 2786 1507 2841 enimes
1515 2785 1676 2841 odientium
1683 2792 1713 2842 te
1725 2787 1803 2857 titius

101 2871 227 2935 ioannis
241 2870 457 2944 scriptumest:
474 2873 620 2938 Vererer
634 2884 731 2924 omues
743 2868 923 2926 habitatores
977 2887 1044 2927 rum
1057 2872 1371 2946 alienigenarumque
1379 2882 1407 2929 te
1413 2873 1562 2930 docitem
1571 2874 1804 2949 secerwrtdesis

103 2970 192 3025 terem
215 2961 311 3034 ispe.
326 2977 387 3028 verr,
401 2959 457 3032 l3).
483 2958 515 3016 Si
529 2958 607 3014 enim
626 2962 746 3014 sanutus
761 2957 851 3014 dicit:
867 2959 925 3014 td·
978 2961 1118 3032 Quodque
1131 2961 1280 3032 sequitur:
1297 2954 1445 3032 ᾐσὲὸησας,
1463 2963 1516 3018 hoe
1531 2968 1585 3030 est,
1602 2964 1693 3035 impie
1706 2963 1803 3035 eoiret,

103 3048 923 3123 cesaeum,etperegrinuesicutemuerpatrasmeiffeut.
974 3048 1805 3124 JuxtaSeptuagintasequentioapitulocoaptatur,juxtts

104 3158 223 3209 mutu,
238 3141 300 3208 tet:
322 3155 415 3212 quare
437 3154 495 3195 non
519 3141 654 3211 peccator
675 3137 822 3193 habitator
838 3111 959 3194 terreC
978 3137 1804 3210 oeterostinissuperioriseet.Extenditautemllcminus

94 3224 169 3292 'esee
182 3229 313 3289 dicitur?
325 3229 458 3285 AEdilicet
472 3232 571 3284 autem
586 3225 642 3284 sibi
653 3225 788 3299 lupanar,
803 3227 854 3298 qui
864 3231 925 3282 tota
979 3242 1068 3299 super
1080 3227 1242 3283 Jerusalem
1258 3244 1379 3283 manum
1400 3244 1496 3295 suam,
1519 3233 1552 3284 ut
1566 3230 1693 3302 corrigat
1707 3228 1804 3286 delitu

104 3314 769 3390 eontulibentatadattnqntt;1uxtaittudqn0d
782 3315 925 3388 scriptum
980 3318 1128 3387 quantem,
1143 3318 1173 3371 et
1188 3315 1806 3389 notaratlegitimaejua,qnaqnanndiunat

100 3415 168 3472 eet-t
180 3413 393 3469 nectemus
408 3406 516 3463 censue
531 3405 743 3476 inprcsundum
751 3403 924 3476 iniquitatis,
980 3409 1123 3475 praecepta
1145 3404 1289 3472 servabat,
1318 3404 1453 3477 legitima
1476 3405 1592 3461 Domini
1615 3405 1805 3464 dicebantur:

99 3498 260 3565 wetmit
272 3498 369 3570 (Prec.
393 3511 474 3563 xviri,
489 3495 527 3567 3).
544 3495 580 3550 lit
600 3493 723 3550 exstruit
746 3492 926 3549 altissimum
980 3493 1100 3559 Quande
1115 3493 1321 3549 veroadoravit
1331 3493 1418 3565 idola,
1429 3499 1459 3550 et
1473 3494 1644 3567 religionem
1660 3495 1807 3569 inimpls·

102 3589 202 3649 locum
216 3587 247 3644 iu
257 3584 371 3643 eunetis
382 3583 500 3657 plateis:
518 3582 677 3640 tctoenim
692 3591 720 3639 et
728 3582 861 3655 spatioso
876 3581 927 3637 oia
979 3585 1069 3638 tatem
1080 3582 1214 3651 mumvit,
1225 3596 1412 3655 nequaquam
1424 3582 1688 3656 (illegitimaillius
1698 3583 1806 3658 appula

102 3686 146 3740 est
159 3690 224 3750 aete
232 3675 312 3733 decit
323 3673 504 3732 nemmem.
518 3671 782 3743 ittinomnicapite
797 3670 848 3726 vie
860 3669 926 3725 udi·
979 3670 1087 3727 tantur.
1102 3670 1184 3734 Quod
1200 3688 1257 3727 non
1275 3669 1370 3727 sotum
1385 3672 1415 3727 in
1430 3671 1493 3744 lege
1506 3675 1536 3727 et
1549 3671 1808 3743 cammoniigsed

103 3763 640 3837 eoat;utnu11apeeoaturungenara
659 3759 858 3832 derelinquat;
875 3758 926 3815 sed
980 3759 1008 3815 in
1025 3759 1154 3815 sabbatis
1169 3775 1284 3831 quoque
1300 3762 1329 3815 et
1352 3759 1457 3816 diebus
1485 3759 1568 3817 lestis
1596 3764 1625 3817 et
1639 3761 1806 3819 neomeniis

103 3854 369 3914 imitanaaoortun
393 3850 624 3920 Proverbicrum,
649 3850 803 3906 manifeste
817 3848 848 3904 in
863 3847 925 3922 pla·
979 3847 1183 3919 accipiendum
1197 3852 1250 3904 est.
1267 3848 1439 3904 Dansenim
1455 3847 1561 3920 legem,
1588 3848 1649 3906 sit:
1668 3849 1805 3907 Sabbata

103 3944 161 4008 teis
174 3947 204 4001 et
218 3943 249 4001 io
263 3940 381 4015 angulis
395 3939 569 4013 platearum,
594 3943 801 4012 pretereuntes
820 3937 926 3994 stultos
979 3952 1046 3994 mea
1060 3946 1088 3993 et
1102 3938 1257 4010 dieslestce
1266 3937 1478 4001 meoe.Quando
1490 3941 1589 3993 sutem
1600 3940 1803 3996 receserunt!

5 4102 9 4109 ¹
100 4032 224 4104 iuvenes
239 4029 479 4089 uleuosinvitet
497 4028 660 4100 amplexus,
676 4032 704 4083 et
718 4026 926 4100 polluatdeco·
979 4025 1048 4093 Deo,
1064 4025 1245 4082 dicitureis.
1262 4025 1564 4094 Neomeoicscestrae,
1579 4029 1753 4096 atsabbutc,
1772 4030 1805 4083 ai

102 4135 169 4178 rem
183 4119 299 4191 anime,
325 4131 412 4190 quem
427 4133 480 4190 pre
503 4116 677 4173 beneficioa
701 4116 759 4172 Deo
777 4114 926 4171 conditore
979 4113 1054 4170 diem
1063 4114 1807 4187 maguumncntcireeipieci:lejealemetcta‘met

103 4209 208 4269 secuta
223 4211 269 4265 est
288 4208 388 4276 (Proe.
404 4223 421 4263 v
445 4213 472 4261 et
487 4204 549 4276 vu).
565 4205 601 4260 tit
626 4203 726 4260 omnia
737 4203 842 4260 itinera
861 4203 926 4274 ejus
978 4202 1174 4258 solemnitates
1196 4208 1306 4260 vestm
1328 4204 1389 4260 odit
1403 4205 1506 4261 animo
1520 4221 1584 4260 meu
1597 4203 1696 4276 (tieem
1712 4218 1804 4266 nm:

103 4297 192 4372 plens
203 4299 275 4354 suut
286 4293 489 4368 turpitudinis,
504 4293 676 4366 cunctisque
700 4292 925 4365 cogitationibus
978 4293 1059 4348 beat.
1076 4308 1112 4361 νς
1130 4293 1194 4348 leci.
1213 4309 1233 4362 1,
1249 4292 1261 4346 t
1267 4293 1304 4365 l).
1321 4293 1402 4358 Quod
1432 4297 1461 4349 et
1480 4293 1515 4349 de
1531 4292 1637 4366 populo
1655 4291 1806 4365 seriptum

103 4403 168 4460 qua
196 4385 334 4442 vitiorum
359 4383 506 4440 incentiva
533 4382 733 4456 suppeditant,
762 4381 856 4454 aperit
875 4398 925 4436 oor
979 4381 1259 4453 estlbeut.tnr).0ui
1274 4380 1352 4437 eninr
1367 4381 1450 4454 prius
1466 4382 1518 4438 Dei
1534 4382 1807 4455 populusvcoabs-

102 4489 203 4542 mum,
217 4480 247 4533 et
260 4481 345 4531 crura
361 4472 511 4542 divaricat,
527 4475 556 4529 et
580 4470 740 4528 fornicatur
753 4486 821 4527 cum
839 4471 925 4544 AEgy·
939 4475 963 4541 Ι)
979 4474 1036 4541 tur,
1053 4473 1209 4543 postquam
1224 4469 1346 4526 recessit
1357 4487 1375 4527 a
1388 4470 1523 4534 Domino,
1540 4471 1648 4527 dieitur
1665 4471 1704 4528 de
1716 4487 1751 4529 eo
1765 4471 1806 4527 ed

100 4563 173 4638 ptiis
187 4561 291 4620 ticinis
305 4561 380 4632 suis,
391 4576 517 4634 qnorum
529 4559 662 4632 exempla
674 4562 812 4628 sectatur,
828 4558 924 4615 ethni·
980 4558 1714 4632 Mogeenzl’eccocitpepeturtuoaquomedsuietide
1723 4567 1806 4617 term

102 4654 145 4712 eis
159 4651 303 4720 videlieet,
320 4651 371 4724 qui
386 4652 416 4707 iu
431 4651 494 4708 suis
508 4648 742 4722 turpitudinibus
752 4647 925 4722 gloriantur,
979 4648 1310 4720 AEpyptttldcod.xxx11‚
1326 4648 1365 4720 t).
1382 4648 1451 4711 Qua
1466 4649 1513 4704 bic
1536 4648 1669 4705 extensio
1682 4660 1806 4714 manes,

101 4741 330 4802 etiamnel'aria
344 4745 399 4810 est,
415 4744 448 4797 ut
463 4740 543 4812 ipsos
556 4753 674 4810 quoque
689 4741 806 4811 superet
820 4737 851 4793 in
866 4742 926 4793 tur·
979 4737 1049 4792 alibi
1064 4736 1198 4801 elevatio,
1214 4736 1274 4792 sive
1289 4736 1415 4793 visitatio
1437 4737 1555 4793 dicitur.
1585 4736 1707 4801 Quande
1722 4737 1807 4795 enim

101 4832 247 4904 pitadtna.
261 4832 296 4888 lit
310 4830 371 4886 heac
392 4828 491 4887 omnia
505 4827 583 4894 lecit,
599 4831 632 4883 ut
647 4828 737 4883 Deum
756 4827 793 4882 ad
808 4827 924 4883 iracun·
978 4829 1146 4898 peccantem
1159 4825 1714 4897 noncorripitDeus,oontrahitmanum
1724 4827 1805 4885 ¹00

105 4919 187 4976 diam
202 4923 347 4991 provocet.
360 4920 533 4992 Magnarum
544 4921 642 4974 eutem
654 4916 786 4972 carnium
799 4917 926 4988 AEgyptii
979 4931 1074 4972 suom.
1090 4913 1140 4969 Sin
1156 4916 1253 4969 autem
1270 4914 1440 4986 peccaverit,
1455 4920 1484 4970 et
1498 4915 1528 4969 in
1540 4914 1591 4970 Dei
1606 4914 1670 4987 lege
1681 4915 1805 4988 caeperit

103 5022 169 5063 esse
183 5007 332 5075 dicuntur,
347 5008 407 5064 sive
421 5008 458 5064 ob
473 5005 665 5079 turpitudinis
680 5003 923 5077 magnitudinem,
979 5009 1127 5076 egrotare,
1137 5002 1307 5058 mittitcrad
1317 5019 1384 5059 eum
1394 5003 1521 5058 visitatio
1534 5022 1541 5072 ;
1548 5004 1800 5077 juxtailludquod

101 5094 162 5154 site
177 5094 213 5151 ob
228 5101 413 5167 peccatorum
443 5094 669 5153 determitatem.
696 5091 778 5149 Unde
793 5096 922 5161 sanctus,
977 5092 1007 5149 in
1024 5090 1136 5165 psalmo
1152 5090 1285 5148 canitur:
1302 5090 1332 5146 st
1345 5081 1560 5164 dereliquerunt
1574 5092 1630 5158 etta·
1638 5095 1702 5163 ejas
1711 5093 1804 5164 ugera

101 5182 236 5244 carnium
251 5181 359 5238 dicitur
373 5185 648 5256 parvulorumque
663 5181 692 5236 in
707 5197 741 5237 eo
751 5182 924 5238 decrescunt
976 5179 1148 5248 racematio
1155 5179 1280 5253 judiciis
1288 5180 1359 5236 mais
1368 5197 1425 5237 nen
1438 5180 1651 5239 ambulaverint
1663 5181 1803 5239 :mutabo

99 5338 923 5473 ActutramqumectionemuuapenesLXXerat,recele
1013 5343 1052 5414 (b)
1067 5342 1107 5425 Ea
1122 5339 1229 5397 nostris
1240 5344 1268 5395 et
1276 5339 1395 5396 Victorii
1411 5346 1587 5415 mssutpote
1601 5343 1806 5403 neeessariam

142 5416 222 5472 erius
237 5414 268 5471 iu
293 5427 356 5484 cap.
372 5427 447 5480 xciv,
472 5415 522 5470 ubi
538 5414 732 5486 Hieronymus
755 5413 921 5479 liberate,
977 5412 1103 5559 nefandi
1118 5427 1216 5470 eooem
1230 5427 1407 5483 ucqocqeam
1434 5414 1649 5486 supplevimus.

99 5483 924 5560 inquitjejuuiiscoro,etctrccmcieecontiocetia,sepit

99 5557 287 5638 opprobrium
299 5555 502 5637 AEmumm
529 5561 574 5617 eto
1023 5486 1048 5559 c)
1063 5484 1186 5560 Reponit
1199 5483 1306 5543 Victor.
1322 5485 1440 5556 recipio,
1455 5502 1490 5543 ex
1504 5486 1587 5558 Lxx,
1602 5485 1654 5544 οὐκ
1662 5488 1802 5568 ἀνέχομαι

505 5598 512 5631 ‚
577 5599 584 5620 .
