3840 6098
100 352 178 419 {363
724 352 757 416 S.
779 351 936 418 ausam}
957 349 1178 417 statuatur
1730 350 1809 417 taut

99 487 214 559 Audivi,
232 487 339 560 inquit,
355 489 545 562 opprobrium
561 487 654 555 Moab,
667 503 730 560 qua
746 503 824 543 nunc
835 488 923 542 Areo·
939 486 1008 554 Avi
1021 484 1101 554 salis,
1116 486 1275 544 etdesarte
1287 502 1380 559 usqne
1390 486 1420 543 in
1430 493 1588 543 aternam:
1606 484 1720 543 debent
1730 501 1809 542 mon-

100 575 175 650 polis
190 578 363 650 appellatur,
388 582 416 636 et
431 578 631 650 blasphemias
647 577 774 633 illiorum
792 579 925 647 Ammon,
982 577 1074 632 strare
1090 574 1265 649 sulpbureas
1280 575 1404 648 pluvias,
1418 577 1454 649 (c)
1469 575 1579 647 vineas,
1591 579 1706 631 terram
1722 575 1754 631 in
1769 575 1809 631 ci·

100 682 164 738 qua
179 671 208 721 et
221 667 287 739 ipsa
301 667 372 724 urbs
383 668 495 725 Arabia
510 668 640 724 secunda
651 670 718 739 post
727 666 847 722 Bosram
859 665 926 721 Phi·
982 678 1065 720 neres
1077 664 1264 737 favillamque
1279 681 1460 731 conversam,
1474 681 1552 721 mare
1563 681 1656 737 supra
1665 664 1705 721 de
1717 664 1810 737 puteis

99 750 384 826 ladelphiadicitur:
402 757 432 812 ia
444 752 926 829 quibusexprohraveruutpopulo
981 753 1130 824 quondam
1146 752 1227 822 salis,
1244 754 1320 826 quod
1338 770 1416 810 nunc
1426 758 1573 811 Mortuum
1586 753 1712 824 dieitur,
1725 754 1811 810 inun-

19 846 23 859 '
101 857 176 912 meo,
192 847 222 899 et
236 844 337 916 ejectis
351 845 366 901 J
372 845 472 911 udaie,
489 843 683 900 dilataverunt
695 843 725 898 in
736 848 813 898 terra
824 858 927 898 eorum
981 841 1085 898 desse:
1103 843 1219 914 quando
1234 860 1283 899 eos
1298 843 1472 916 diripuerint
1486 842 1591 910 iudei,
1607 843 1735 916 quando
1745 843 1810 899 sesi-

102 930 176 987 ssnes
187 948 268 988 suos.
284 934 436 1007 Propterea
453 933 522 1005 quia
537 931 815 1005 blasphemaverunt
831 947 886 998 me,
899 933 928 986 et
981 930 1045 986 dua
1056 934 1157 1004 gentes
1171 932 1334 988 israelitica
1344 931 1524 1004 possiderint
1535 949 1596 988 eos.
1613 933 1672 988 Aut
1686 949 1754 1004 qua
1769 932 1809 987 in·

101 1021 350 1092 exprobraverunt
365 1021 473 1094 populo
490 1038 564 1090 meo,
592 1036 644 1092 ego
657 1020 800 1076 Dominus
819 1018 927 1075 exerci-
982 1018 1111 1092 dignatio
1127 1021 1240 1076 Domini
1256 1026 1301 1078 est
1316 1038 1368 1093 pro
1383 1020 1567 1094 blasphemia
1577 1027 1609 1077 et
1620 1020 1811 1078 contumeliis

100 1112 196 1176 tuum,
216 1109 265 1181 qui
276 1127 397 1182 possum
409 1109 529 1182 implere
540 1109 617 1181 quod
628 1108 800 1174 comminor,
811 1113 840 1164 et
850 1108 928 1164 Deus
982 1112 1133 1165 attenuare
1147 1113 1175 1164 et
1191 1109 1357 1181 disperdere
1373 1110 1445 1167 eos?
1461 1127 1517 1167 non
1532 1110 1619 1166 Moab
1629 1116 1659 1166 et
1670 1112 1809 1178 Ammon,

102 1197 202 1270 lsrael,
218 1199 267 1270 qui
284 1199 313 1254 in
329 1198 437 1271 populo
453 1215 518 1254 meo
534 1198 596 1270 ipse
612 1198 707 1269 patior
721 1197 872 1267 injuriam,
886 1197 926 1252 la·
982 1197 1810 1273 seduniversamterram,utadorenteumsingulildelooo

102 1286 179 1342 ciam
190 1291 222 1342 ut
233 1287 257 1342 si
269 1287 352 1342 Moab
364 1286 448 1358 quasi
460 1286 598 1354 Sodoma,
609 1290 638 1341 et
649 1285 701 1341 alii
713 1289 837 1342 Ammon
854 1303 926 1357 qua·
982 1302 1046 1352 suo,
1056 1303 1157 1343 omnes
1167 1286 1269 1343 insula
1279 1288 1432 1360 gentium?
1442 1289 1520 1360 quod
1531 1286 1628 1361 magis
1639 1305 1695 1360 pro
1707 1289 1810 1345 beneti-

103 1375 129 1432 si
140 1374 310 1432 Gomorrha.
323 1376 468 1448 Legamus
479 1375 656 1447 ejuscemodi
667 1375 794 1431 visiones
809 1375 839 1430 in
854 1374 928 1432 isaia
981 1375 1025 1431 cio
1036 1376 1144 1431 tribuet
1154 1375 1478 1448 blasphemantibus,ut
1488 1376 1524 1432 ab
1531 1392 1630 1434 errore
1642 1378 1810 1434 redeantad

103 1467 131 1521 ot
144 1464 280 1532 Jeremia,
297 1467 325 1519 et
339 1464 441 1520 eadem
457 1481 520 1535 qua
536 1480 614 1519 none
629 1463 676 1519 bic
692 1462 828 1536 legimus,
844 1480 926 1534 repe·
982 1461 1117 1519 salutem.
1129 1464 1210 1529 Quod
1222 1463 1247 1519 si
1259 1464 1383 1520 voluerit
1393 1464 1498 1535 dicere,
1511 1469 1579 1538 post
1590 1465 1809 1538 regressionem

74 1600 76 1604 ,
102 1552 224 1610 alemus.
238 1554 351 1610 siccitas
361 1556 508 1625 spinarum
517 1556 543 1608 et
556 1555 651 1608 acervi
664 1554 741 1620 solis,
751 1563 777 1608 et
791 1552 928 1608 casotum
981 1550 1808 1628 deBabylonehasgenlespopulolsraelluissesubjectss

102 1645 230 1715 usquein
240 1646 386 1715 «aternum,
398 1659 450 1715 pro
465 1659 522 1714 quo
538 1642 636 1697 nescio
649 1642 719 1713 quid
730 1641 787 1697 sibi
798 1641 927 1698 volentes
984 1641 1056 1698 705
1074 1641 1203 1713 primum
1219 1642 1421 1699 auctoritatem
1440 1642 1663 1714 postulabimus
1678 1644 1809 1718 Scriptu-

103 1730 175 1788 Lxx
187 1732 352 1788 Damascum
365 1732 485 1787 eculeum
506 1734 534 1785 et
560 1731 721 1787 derelictam
745 1729 926 1802 interpretati
982 1729 1809 1804 rarum,undehoclactumprobent:deindecumminime

104 1825 184 1888 sunt,
197 1820 254 1876 nisi
265 1820 358 1887 lallor,
371 1821 449 1877 verbi
462 1819 651 1892 ambiguitate
662 1820 775 1892 decepti
788 1837 794 1875 :
812 1820 927 1876 siccitas
942 1861 966 1926 B
982 1818 1638 1890 potuerintdemonstrare,concedemuseisex
1647 1821 1806 1895 superfluo,

104 1909 183 1966 enim
199 1909 276 1982 quod
291 1909 430 1964 Hebraico
444 1908 553 1963 dicitur
567 1924 702 1963 usitasse
717 1908 856 1995 (pum),
877 1924 928 1964 ex·
982 1910 1070 1977 atque
1085 1906 1218 1963 dicemus
1234 1925 1241 1963 :
1257 1908 1326 1964 Esto
1343 1908 1486 1965 accidisse
1500 1909 1579 1981 quod
1594 1909 1699 1966 dicitis
1716 1927 1724 1966 ε
1749 1927 1806 1983 que

105 2003 189 2070 cepta
197 1997 294 2069 prima
304 1996 401 2053 littera
416 2015 479 2052 usu
494 1995 519 2053 si
535 2000 672 2065 mutatui,
684 1999 713 2052 et
727 2013 834 2052 nassau
850 1997 928 2052 acci·
977 1995 1096 2066 justitia
1108 1995 1158 2052 Dei
1168 2001 1246 2052 esset
1255 1995 1478 2070 blasphemasse
1490 2014 1568 2069 avos,
1576 2001 1608 2053 et
1616 1998 1808 2070 exprobrasse

105 2085 214 2160 piatur,
230 2086 347 2142 easdem
361 2086 475 2142 litteras
490 2084 617 2156 reliquas
632 2084 720 2140 habet
735 2102 809 2157 quas
830 2090 858 2140 et
872 2085 927 2140 Da·
982 2087 1092 2152 atavos,
1108 2088 1136 2140 et
1151 2089 1251 2157 postea
1267 2085 1423 2159 nepotibus
1437 2084 1610 2141 redditum?
1626 2102 1698 2143 cum
1712 2088 1807 2161 ntique

106 2190 236 2246 muscus,
247 2177 276 2231 et
286 2178 381 2248 potest
391 2173 447 2247 legi
460 2190 512 2245 pro
524 2173 668 2244 superiori
685 2174 770 2229 verbo
786 2189 927 2229 navasse.
982 2170 1034 2227 illa
1048 2173 1204 2242 sententia,
1221 2190 1279 2245 qua
1291 2178 1376 2230 antea
1386 2174 1538 2231 dicebatur
1549 2174 1580 2230 in
1593 2174 1683 2249 Lege,
1695 2181 1809 2249 peccata

105 2262 363 2331 Ouaritur'autem
374 2263 519 2334 quomodo
532 2262 594 2317 istas
605 2261 703 2331 urbes,
715 2261 834 2330 boensi,
846 2262 927 2319 Moab
983 2266 1100 2334 patrum
1117 2262 1145 2316 in
1162 2261 1238 2318 lilios
1253 2263 1283 2318 in
1297 2263 1384 2318 tertia
1398 2264 1470 2319 etin
1495 2268 1601 2336 quarta
1623 2267 1808 2338 generatione

106 2355 134 2410 et
145 2350 197 2406 lilii
209 2353 346 2419 Ammon,
358 2351 479 2407 redactas
491 2349 587 2405 sintin
599 2350 756 2406 Sodomam
768 2356 797 2405 et
808 2349 929 2406 Gomur-
983 2349 1099 2406 restitui
1113 2351 1207 2423 (duod.
1224 2353 1281 2425 aa),
1298 2368 1350 2425 par
1363 2351 1542 2409 Ezechielem
1559 2352 1661 2410 soluta
1670 2354 1712 2411 sit
1725 2371 1732 2412 :
1753 2356 1810 2413 Viuo

106 2440 201 2511 rhem,
227 2445 255 2497 et
278 2440 363 2512 quasi
389 2439 540 2511 spInarum
563 2438 684 2495 ariditas
698 2443 728 2495 et
742 2440 835 2495 acervi
854 2440 930 2496 704
983 2455 1042 2510 eqo,
1058 2440 1125 2495 dicit
1140 2442 1291 2497 Dominus:
1307 2458 1485 2514 nequaquam
1497 2443 1607 2498 dicetur
1621 2443 1687 2502 baee
1699 2446 1811 2517 parcho

106 2527 188 2596 salis,
206 2543 299 2600 usque
314 2527 344 2581 in
359 2530 500 2583 aternum
516 2543 574 2582 non
585 2527 790 2583 aedificentur?
806 2529 840 2584 Ht
851 2529 928 2601 quod
984 2530 1013 2583 tc
1022 2545 1033 2591 ;
1049 2528 1095 2584 sed
1109 2530 1206 2584 anima
1220 2546 1280 2603 quic
1293 2533 1456 2603 peccaverit,
1481 2533 1542 2602 ipsu
1560 2532 1703 2588 morietur
1724 2535 1809 2605 (Esse.

107 2617 226 2690 quidem
252 2620 369 2673 vastatae
395 2615 456 2673 sint
474 2615 557 2687 quasi
573 2616 700 2672 Sodoma
714 2621 743 2673 et
757 2617 928 2683 Gomorrha,

106 2704 270 2779 exponendi
280 2704 362 2761 nulla
371 2711 417 2761 est
427 2704 594 2761 difficultas.
611 2704 718 2761 Verum
729 2706 783 2762 hoc
794 2707 871 2778 qued
884 2722 929 2762 se-

107 2794 230 2867 quitur:
255 2795 370 2850 Deserta
384 2797 465 2850 eruat
485 2810 570 2865 usque
592 2796 623 2848 iu
643 2802 788 2861 oeoemscra,
809 2799 860 2850 aut
880 2794 929 2850 de·

107 2881 931 2955 structionemregniearuminterpretahimur(quiapost·

107 2987 142 3028 ea
152 2973 296 3029 subverse
308 2989 325 3026 a
335 2970 617 3043 Chaldais,regnum
629 2989 717 3028 suum
729 2972 929 3044 perdiderunt,

983 2633 1063 2687 xviu,
1087 2618 1143 2689 20).
1170 2619 1205 2673 Mt
1223 2617 1313 2674 simul
1330 2619 1538 2688 animadverto,
1554 2619 1734 2692 parabolam
1752 2639 1813 2680 esee

984 2706 1062 2778 quod
1077 2705 1189 2762 dictum
1208 2711 1264 2775 est,
1283 2723 1336 2763 nec
1352 2707 1380 2763 id
1396 2725 1500 2764 sonare
1516 2709 1593 2779 quod
1609 2710 1643 2766 in
1658 2712 1812 2785 superficie

984 2793 1088 2850 littera
1107 2796 1270 2867 proterunt.
1296 2797 1378 2862 Quod
1393 2797 1418 2854 si
1433 2796 1577 2870 injustum
1593 2804 1642 2855 est
1657 2802 1812 2874 nepotibus

984 2883 1104 2939 reddere
1116 2885 1192 2957 quod
1204 2885 1381 2958 deliquerint
1394 2885 1439 2942 avi
1452 2904 1458 2942 :
1475 2891 1586 2959 quanto
1601 2886 1751 2960 injustius
1765 2908 1812 2965 pre

985 2971 1112 3028 stultitia
1124 2972 1292 3030 iudeorum
1300 2973 1620 3048 bucipsumsperarein
1628 2993 1813 3036 consumma

108 3063 136 3117 et
152 3060 289 3133 deinceps
303 3058 347 3116 vel
363 3060 399 3115 ab
415 3059 577 3127 Antiochis,
592 3059 635 3114 vel
656 3059 850 3116 ePtolemaeis
866 3065 930 3117 ten·

107 3149 319 3218 tae,novissime
333 3149 464 3205 Romano
480 3147 602 3220 imperio
624 3147 699 3203 colla
714 3149 928 3219 submiserint),

107 3242 160 3295 aut
174 3242 249 3294 certe
265 3231 453 3312 ὑπερὸολικῶς
469 3236 739 3308 diciaccipiendum
750 3241 814 3294 est:
831 3238 868 3311 (o)
880 3256 928 3294 no-
944 3227 966 3294 G
986 3239 1089 3294 arctati
1105 3239 1213 3295 luerint
1227 3239 1256 3294 in
1273 3240 1404 3311 historia,
1431 3245 1463 3297 ut
1488 3243 1613 3299 doceant
1633 3246 1812 3320 completum

11 3400 16 3405 Ι
109 3342 166 3383 sau
178 3311 291 3399 (abach)
299 3326 408 3399 quippe
419 3331 447 3382 et
456 3328 640 3384 aeternitatem
649 3331 735 3382 sonat
747 3330 776 3383 et
785 3328 931 3384 saccatum:
986 3342 1051 3383 esse
1066 3328 1143 3399 quod
1159 3326 1269 3384 dictum
1284 3335 1338 3402 est,
1360 3330 1459 3386 statim
1474 3330 1652 3388 transiliunt
1667 3335 1706 3391 ad
1721 3336 1814 3392 lutura

108 3432 143 3473 ex
153 3433 210 3489 quo
224 3422 252 3472 et
262 3433 315 3488 pro
326 3433 384 3472 uno
395 3415 510 3482 saeclo,
527 3419 556 3471 et
567 3432 618 3487 pro
630 3412 780 3487 aliquanto
791 3420 932 3489 tempore,
986 3415 1094 3472 Christi
1109 3421 1249 3488 tempora,
1274 3423 1302 3474 et
1316 3419 1416 3475 omnia
1431 3436 1494 3491 qua
1510 3436 1569 3475 noa
1586 3430 1719 3494 possunt
1732 3440 1813 3498 expo·

983 3061 1062 3117 tione
1079 3062 1180 3118 mundi
1198 3062 1271 3130 lieri,
1293 3063 1409 3132 quando
1424 3080 1483 3120 non
1498 3063 1636 3122 Christus
1651 3083 1768 3137 eorum,
1783 3074 1813 3124 ut

984 3154 1090 3222 putant
1102 3169 1109 3218 3
1125 3152 1176 3207 sed
1192 3157 1238 3207 est
1248 3157 1389 3208 venturus
1400 3152 1609 3210 Antichristus.
1620 3155 1728 3212 Sicubi
1738 3158 1811 3215 enim

109 3508 138 3561 et
152 3523 212 3561 una
225 3510 307 3560 atate
321 3505 411 3577 accipi
428 3508 533 3577 potest.
550 3506 585 3560 Et
595 3505 646 3576 qui
662 3505 765 3576 reliqui
778 3505 886 3562 luerint
897 3506 933 3562 de

987 3520 1066 3573 nere,
1073 3509 1141 3577 post
1152 3505 1245 3562 multa
1253 3506 1359 3564 saecula
1368 3507 1424 3563 sibi
1436 3508 1661 3583 repromittunt,
1669 3513 1813 3582 etdicunt,

108 3593 217 3668 populo
239 3593 339 3662 lsrael,
365 3594 523 3649 vastabunt
551 3609 611 3662 eos,
641 3599 669 3648 et
697 3593 934 3666 blaspbemantia
987 3598 1016 3648 et
1030 3593 1125 3662 Moab,
1150 3601 1179 3650 et
1202 3595 1277 3652 filios
1300 3599 1435 3670 Ammon,
1452 3597 1669 3672 etAEgyptum,
1686 3601 1811 3659 ethili·

110 3682 932 3758 quondamtibaldaorumauxiliapossidebunt.Hocau·

108 3775 167 3830 tem
183 3772 295 3829 eveniet
310 3773 353 3829 eis
368 3789 420 3845 pro
436 3771 573 3843 superbia
588 3787 699 3837 eorum,
717 3772 786 3843 quia
798 3771 931 3845 blasphe-

107 3867 270 3931 maverunt,
286 3864 315 3917 et
330 3859 507 3934 magnificati
525 3863 595 3914 sunt
609 3864 711 3914 contra
721 3861 862 3932 populum
878 3866 931 3918 Do-

106 3950 180 4007 mini
188 3950 379 4017 exercituum,
387 3947 605 4021 quiaDominus
615 3947 793 4004 exercituum
804 3950 859 4005 erit
868 3949 933 4005 hor·

105 4037 201 4095 ribilis
216 4053 305 4109 super
319 4053 380 4105 eos,
397 4041 425 4092 et
440 4036 543 4092 horror
558 4037 622 4108 ejus
638 4053 695 4092 non
711 4036 866 4094 interliciat
880 4055 930 4095 su·

105 4125 231 4199 perbos:
258 4142 315 4181 non
329 4124 598 4198 blasphemantium
615 4126 788 4198 sanguinem
805 4128 929 4196 londet;

987 3680 1100 3750 sthiim,
1110 3687 1138 3738 et
1149 3683 1317 3757 idumeam,
1330 3702 1392 3758 qua
1404 3702 1482 3741 nunc
1492 3684 1812 3760 insultant-tudelam

987 3774 1118 3843 tempore
1133 3773 1307 3844 puniendas.
1330 3775 1544 3848 interrogemus
1559 3792 1632 3851 ergo
1648 3793 1713 3852 eos,
1729 3795 1813 3854 quare

986 3857 1040 3915 has
1055 3861 1241 3932 potissimum
1258 3869 1358 3935 gentes
1375 3867 1449 3920 Deus
1466 3863 1579 3937 puniat,
1600 3871 1632 3923 et
1647 3884 1708 3925 non
1723 3873 1812 3927 totum

986 3949 1085 4006 orbem
1101 3949 1131 4004 in
1147 3967 1205 4023 quo
1218 3951 1313 4008 ‚Iudai
1328 3953 1414 4026 longe
1428 3951 1543 4024 lateque
1559 3953 1677 4027 dipersi
1692 3956 1812 4014 suntsi

986 4036 1065 4092 enim
1074 4045 1202 4094 meretur
1211 4040 1295 4096 Moab
1304 4040 1536 4114 corripi,ludais
1548 4040 1717 4118 insultans,
1728 4050 1758 4104 et
1766 4045 1814 4103 fllii

984 4126 1108 4182 Ammon
1124 4132 1153 4182 et
1168 4127 1286 4201 reliqua
1301 4135 1403 4203 gentes
1417 4130 1448 4186 in
1464 4129 1600 4198 circuitu,
1616 4149 1714 4207 qnare
1726 4134 1814 4192 Gallie

105 4213 157 4270 sed
173 4214 323 4286 disperdet
336 4218 365 4270 et
380 4214 544 4270 attenuabit
559 4214 658 4269 omnia
676 4212 756 4270 idola
770 4232 881 4283 eorum,
899 4223 932 4272 ut
986 4231 1042 4271 aon
1059 4217 1237 4288 corripitur?
1253 4235 1343 4291 quare
1358 4218 1523 4276 Britannias
1534 4219 1566 4276 in
1583 4223 1813 4281 comminatione

105 4302 156 4376 qni
170 4303 556 4376 priustenebanturerrore,
569 4303 773 4374 etDomini(b)
790 4305 931 4362 beneficia
985 4318 1043 4359 nou
1069 4304 1174 4377 puniti
1198 4322 1251 4362 cur
1273 4307 1418 4380 Hispania
1442 4324 1461 4364 a
1483 4324 1570 4380 pzena
1590 4309 1699 4368 alienes
1722 4310 1813 4370 santi

106 4408 164 4449 non
180 4392 354 4462 sentiebant,
372 4391 516 4450 malorum
532 4391 705 4449 necessitate
717 4395 822 4465 pressi,
834 4394 931 4451 sciant
984 4409 1073 4464 quam
1089 4393 1125 4450 ob
1142 4410 1262 4450 causam
1279 4396 1314 4451 de
1329 4395 1412 4452 ltalia
1426 4394 1499 4451 nibil
1514 4395 1654 4454 dicitur?
1671 4401 1708 4458 de
1719 4400 1811 4457 Assios

103 4480 183 4539 idola
192 4481 265 4537 nibil
278 4483 425 4556 prodesse,
433 4485 462 4538 et
471 4482 593 4537 adorent
602 4498 668 4538 eum
678 4484 884 4556 unusquisque
894 4484 930 4540 de
984 4497 1035 4536 cur
1045 4483 1181 4538 tacetur?
1195 4487 1224 4539 et
1236 4489 1269 4539 ut
1279 4484 1369 4540 semel
1380 4485 1488 4554 dicam,
1500 4501 1569 4541 cum
1580 4489 1751 4548 totusasbis
1760 4487 1809 4545 Ju-

103 4569 167 4629 loco
180 4587 233 4629 suo
250 4588 353 4628 omnes
376 4569 480 4627 insula
503 4571 646 4643 gentium.
672 4570 828 4643 Hucusque
846 4573 968 4660 iuxta„
984 4568 1060 4625 daos
1070 4571 1200 4641 captivos
1212 4577 1318 4638 teneat,
1331 4572 1400 4644 quid
1412 4572 1481 4628 sole
1491 4578 1596 4645 gentes
1606 4580 1810 4634 unumunu-

104 4660 292 4718 chraicum.
308 4661 391 4717 Nunc
406 4660 442 4715 ad
458 4658 528 4715 LXX
549 4659 722 4731 interpretes
737 4669 927 4733 revertamur,
984 4657 1090 4714 misere
1122 4659 1236 4732 flagitii,
1252 4677 1316 4733 quai
1333 4661 1361 4715 in
1377 4659 1500 4717 circuitu
1516 4662 1584 4734 ejus
1600 4669 1687 4736 sunt,
1701 4670 1734 4723 ut
1747 4665 1811 4723 sole

104 4764 305 4823 cogamusque
321 4749 448 4820 Judaos,
465 4748 516 4820 qui
530 4753 645 4804 tantum
661 4757 825 4822 sequuntur
840 4749 930 4807 bisto-
983 4746 1153 4818 potisimum
1199 4748 1408 4806 nominentur?
1432 4749 1497 4807 Hac
1521 4756 1628 4808 conisa
1642 4754 1774 4823 suasos,
1786 4759 1812 4813 et

103 4837 190 4908 mam,
205 4854 348 4911 exponere
363 4837 448 4894 nobis
464 4837 582 4909 quando
597 4837 681 4892 Moab
697 4841 725 4894 et
739 4837 791 4894 [ilii
802 4841 928 4896 Ammon
982 4837 1148 4909 generalem
1158 4836 1197 4910 (d)
1207 4836 1237 4893 in
1254 4838 1391 4896 omnibus
1401 4837 1553 4912 prophetis
1566 4840 1810 4917 ubicumqaead·

102 4926 171 4985 lacti
184 4927 244 4983 sint
254 4926 337 5000 quasi
349 4927 477 4983 Sodoma
490 4929 519 4981 et
530 4925 703 4994 Gomorrha,
714 4931 742 4983 et
752 4928 836 4999 quasi
848 4945 927 4986 acer·
981 4941 1097 4981 versum
1113 4931 1214 4999 gentes
1225 4926 1324 5000 aliqua
1335 4926 1489 5000 prophetia
1498 4927 1619 5001 dicitur,
1631 4931 1809 5006 explanatio

138 5160 177 5232 (u)
194 5161 236 5216 lla
251 5158 352 5286 legunt
365 5175 468 5215 omnes
484 5174 555 5213 mss.
569 5156 684 5213 codices
695 5173 762 5213 cum
780 5160 796 5215 L
811 5158 926 5231 initiali,
982 5170 1067 5228 usque
1089 5157 1120 5210 in
1142 5160 1280 5215 aehruam
1304 5160 1380 5231 quod
1397 5159 1625 5286 uffluaindieet
1640 5165 1806 5222 aebosia

102 5231 156 5287 hoc
171 5237 226 5300 est,
243 5232 278 5287 Lo
292 5247 359 5293 am:
376 5247 433 5286 non
447 5230 523 5286 olom
540 5234 571 5284 ut
586 5228 616 5283 in
632 5234 717 5285 antea
732 5229 820 5286 editis
832 5230 925 5286 libris.
982 5225 1123 5282 Hebraico
1138 5226 1255 5301 legisse,
1272 5237 1323 5286 aut
1334 5231 1405 5288 lorte
1464 5231 1558 5287 totam.
1574 5234 1613 5287 At
1625 5233 1665 5293 de
1678 5235 1728 5295 his
1738 5234 1805 5310 aqui

101 5303 142 5357 Hx
157 5319 215 5376 quo
230 5303 391 5359 variantem
408 5303 437 5357 in
449 5301 503 5357 hoc
515 5300 577 5356 loco
592 5300 761 5356 Hebraicam
774 5301 927 5358 lectionem
981 5296 1103 5353 lectores
1117 5300 1282 5372 eruditique
1298 5303 1391 5358 ierant
1400 5302 1560 5374 judicium.
1577 5307 1675 5363 Mena.

102 5372 288 5447 colligimus;
305 5373 488 5446 nequeenim
499 5371 613 5446 legebat
626 5371 859 5446 hieronymusin
873 5390 927 5429 suo
1018 5387 1055 5457 (b)
1071 5386 1173 5460 Regin,
1190 5405 1246 5445 mg,
1262 5398 1288 5446 ει
1303 5390 1448 5448 nominum
1460 5406 1511 5463 per
1525 5391 1662 5462 benefida
1677 5411 1733 5453 m
1749 5410 1802 5453 m.

103 5460 260 5533 exemplari
276 5461 416 5520 Hebraico
432 5445 522 5526 obrui
537 5473 574 5526 ip
592 5459 631 5515 od
645 5460 738 5529 olum;
764 5462 814 5518 sed
837 5447 927 5528 tablith
982 5459 1095 5514 tietunt.

103 5531 222 5603 leolam,
240 5550 306 5589 cum
318 5534 423 5590 Lamed
436 5533 561 5605 practico.
579 5531 641 5586 Nisi
655 5532 816 5589 dixerimus
827 5533 856 5589 S.
871 5535 925 5590 Do·
1017 5531 1052 5601 (c)
1067 5529 1146 5585 Idem
1163 5546 1229 5599 ms,
1245 5532 1386 5603 sulfureas
1398 5531 1517 5605 placius,
1533 5536 1804 5596 terrumineisemt

103 5601 211 5658 ctorem
228 5621 284 5660 non
300 5605 461 5661 attendisse
476 5603 605 5659 animam
621 5604 657 5658 ad
675 5609 854 5672 contextum,
876 5607 926 5662 sed
981 5601 1146 5673 favillasque
1159 5617 1330 5674 conuersum,
1346 5604 1458 5677 absque
1471 5604 1577 5677 vissae,
1592 5621 1693 5666 voca..

102 5670 139 5728 ad
150 5673 229 5730 vocis
240 5675 620 5748 Lectumsigniiicationem3
635 5690 693 5730 non
704 5675 766 5747 ipse
776 5675 927 5734 transtulit
1017 5671 1058 5744 (tl)
1074 5672 1225 5730 Interserit
1239 5673 1346 5734 Viator.
1361 5691 1465 5735 sonem.
