3818 6104
78 308 119 377 id
693 318 725 385 S.
749 315 903 386 curceii
925 316 1161 386 meranisi.
1739 318 1782 389 ss

75 446 170 507 ternis
182 448 336 508 coniicitur
350 453 511 527 mensibus,
540 470 711 528 annumque
724 458 894 525 vertentem,
908 455 936 525 Α
950 453 985 511 ad
1002 453 1213 512 sacerdotalem
1227 457 1257 513 et
1270 453 1415 514 leviticum
1425 453 1538 514 tribum
1551 469 1559 512 ι
1571 456 1654 513 extre
1662 453 1781 529 querit

75 538 126 613 qui
141 540 178 597 eb
193 557 227 597 eo
239 544 279 611 (o)
293 542 371 614 quod
387 559 503 614 sempor
517 549 647 600 vertetur
659 548 686 599 et
701 544 730 598 ιιι
747 560 778 599 se
791 543 898 612 redeat,
954 543 1043 600 iacies
1057 543 1172 617 aquile,
1189 545 1318 602 vindicio
1332 549 1362 603 et
1377 545 1450 603 uitio
1463 545 1515 603 Dei
1528 545 1566 603 de
1587 544 1660 603 ciebo
1674 548 1781 608 euuots

75 642 183 685 nomen
196 630 350 702 acceperit.
366 629 406 686 De
421 633 530 703 quibus
546 632 666 705 pulchre
682 650 740 688 uno
755 632 899 689 versiculo
953 633 1145 706 prospiciens,
1161 639 1190 690 et
1205 651 1268 706 que
1279 632 1543 706 puretesitleniere
1553 637 1733 707 peccantem,
1743 634 1781 690 de

75 714 188 775 dictum
204 722 265 776 eet:
954 736 1013 792 que
1026 727 1054 777 et
1069 723 1098 776 in
1114 721 1186 778 Osee
1199 722 1313 778 dicetur
1326 740 1333 779 :
1348 722 1429 779 Sicut
1449 722 1547 794 equile
1572 739 1655 795 super
1668 723 1782 779 demum

953 810 1005 865 18
1018 810 1068 865 uei
1092 810 1162 881 (Ore.
1176 827 1237 879 vm,
1254 812 1297 880 ie,
1318 810 1417 877 idest,
1442 810 1596 882 templum,
1622 812 1656 868 ot
1671 812 1701 868 in
1725 811 1781 869 boc

256 959 289 970 Η
790 962 795 973 Ι
954 899 1054 955 eodem
1072 898 1213 971 propheto
1227 900 1317 971 (infru
1331 898 1553 971 xmpcquiisn
1565 914 1704 972 megnem
1716 916 1780 957 me·

77 956 219 1030 Quodque
234 959 361 1016 dicitur:
378 965 444 1017 Erat
458 971 528 1029 rote,
544 964 572 1018 in
585 971 767 1031 rotmannum
783 978 811 1016 m
827 977 900 1016 cono
953 1003 1077 1060 gnarum
1088 986 1400 1060 ,hrumotumium'
1414 986 1726 1059 quaehabmduowm
1737 988 1781 1045 in,

107 842 169 903 Ver,
180 846 267 904 estes,
286 849 440 904 autumnus,
456 845 558 910 hyems,
570 850 597 896 et
611 847 719 906 mensis,
731 849 757 896 ei
771 859 869 896 eunus.

77 1048 234 1120 dimicari
256 1052 364 1121 imum!-
388 1050 428 1106 De
454 1068 512 1123 ‘1¹¹⁰
536 1050 611 1106 alius
638 1057 722 1124 9οθω
745 1051 854 1123 (ι’ῐνθῐῑ·
880 1068 900 1106 ¹¹
953 1074 1089 1131 trendiin
1098 1075 1253 1143 Libanum,
1266 1075 1534 1133 Nabuchodonosor
1543 1075 1778 1150 intelligi,quem

77 1132 166 1210 ⁶le
173 1137 191 1209 ·)
204 1155 211 1195 ²
954 1168 983 1220 et
997 1180 1075 1221 nunc
1088 1165 1235 1237 significet
1244 1179 1309 1221 esee
1321 1169 1489 1230 venturum,
1499 1181 1532 1221 ao
1543 1180 1633 1238 super
1641 1165 1776 1237 hujusce·

153 1251 238 1316 Atque
253 1253 280 1302 in
295 1267 323 1303 se
339 1268 387 1304 sue
403 1268 451 1318 per
465 1256 577 1319 vestigia
596 1255 711 1305 volvitur
724 1269 820 1305 eunus.
954 1252 1213 1325 modiquudrigem
1229 1254 1322 1308 instar
1336 1253 1449 1326 aurigis:
1461 1254 1562 1315 sedere
1576 1254 1718 1326 Deum,et
1731 1254 1775 1311 io·

953 1332 1065 1410 cienda,
1091 1340 1136 1398 vel
1151 1359 1209 1398 non
1240 1340 1373 1399 iacienda
1398 1342 1563 1414 precipere.
1589 1345 1650 1398 Hoc
1667 1347 1777 1415 eutem,

952 1428 1058 1502 inquit,
1076 1430 1182 1503 populo
1198 1429 1318 1498 dicitur,
1342 1429 1394 1503 qui
1417 1429 1447 1486 in
1473 1429 1777 1503 Babyloniensem,

953 1518 1030 1589 quod
1040 1518 1064 1574 si
1073 1518 1131 1574 Deo
1139 1517 1215 1575 colle
1227 1518 1395 1590 subjecerit,
1406 1517 1561 1592 ipsiusque
1570 1519 1699 1591 paruerit
1710 1519 1778 1607 reti:

953 1605 1077 1677 reculis,
1093 1623 1212 1663 rursum
1228 1606 1787 1678 ejusmereaturauxilium,etterrent'1

952 1710 1042 1766 quem
1056 1694 1205 1766 omiserat,
1223 1694 1353 1766 recipiet.

989 1783 1082 1854 (vers.
1099 1784 1125 1855 8,
1141 1783 1182 1855 9.)
1196 1784 1229 1839 Et
1241 1784 1326 1853 socies
1341 1786 1368 1839 et
1379 1799 1484 1856 pennus
1496 1800 1547 1856 per
1556 1789 1673 1856 quotuor
1684 1788 1779 1857 partes

954 1871 1090 1927 bubeium
1101 1887 1108 1926 ι
1116 1873 1275 1944 junctusque
1284 1880 1365 1929 erum
1373 1887 1473 1945 penum
1483 1873 1543 1949 ejus
1552 1873 1650 1946 [vulg.
1661 1874 1779 1945 eoruml,

953 1960 1780 2019 ulteriusudoiierum.Neureuerteiunturcumiueedereut:

954 2048 1000 2103 sed
1014 2048 1225 2121 unumquodque
1256 2054 1321 2105 oete
1352 2050 1454 2120 [eciem
1478 2065 1559 2107 suum
1589 2050 1778 2122 erudiebatur.

953 2135 1058 2192 iuncte
1075 2136 1130 2192 sibi
1154 2141 1223 2193 sunt
1248 2137 1402 2211 Evangelia
1427 2137 1596 2210 berentque
1621 2143 1735 2207 mutuo,
1751 2143 1781 2196 et

954 2225 984 2279 in
1006 2228 1066 2281 toto
1092 2225 1160 2281 orbe
1183 2224 1336 2282 volitentie
1359 2224 1416 2282 buc
1437 2225 1567 2299 illucque
1586 2227 1778 2284 discurrunt:

955 2328 1008 2369 nec
1018 2313 1127 2370 hebent
1138 2313 1227 2371 finem
1235 2313 1359 2383 volutus,
1372 2330 1426 2370 nee
1434 2313 1779 2387 eliquendosupereutur

955 2405 983 2457 et
992 2401 1198 2473 recedunt,sed
1207 2400 1781 2475 semperedulterioreproeedunt.Unde

955 2494 983 2546 et
996 2490 1105 2548 Peulus
1120 2490 1208 2546 dicit:
1225 2492 1435 2547 preteritorum
1448 2491 1610 2549 obliviscens
1621 2496 1647 2548 et
1657 2493 1688 2547 in
1700 2494 1778 2563 (utu-

954 2594 1018 2634 rum
1030 2595 1074 2635 me
1088 2578 1237 2635 retendens
1253 2579 1367 2651 (Philip.
1394 2596 1436 2648 m,
1453 2579 1510 2651 ie).
1526 2579 1584 2637 Hoc
1598 2579 1676 2637 idem
1700 2583 1729 2636 et
1743 2579 1780 2635 de

955 2666 1113 2723 virtutibus
1125 2666 1217 2722 enimi
1228 2683 1388 2740 possumus
1397 2667 1504 2737 dicere,
1516 2672 1546 2724 et
1556 2669 1592 2725 de
1600 2668 1697 2725 soleto
1708 2672 1781 2723 tem·

955 2771 1070 2828 porum,
1082 2754 1581 2828 commixtionequeelementorum,
1591 2757 1670 2829 quod
1681 2760 1781 2829 prete·

956 2844 1012 2900 rite
1024 2843 1234 2916 relinquentes,
1245 2861 1362 2916 semper
1371 2844 1408 2900 ud
1423 2844 1521 2917 priore
1538 2846 1684 2903 festinent.
1697 2846 1778 2912 Quod

955 2937 1053 2988 sertem
1069 2936 1202 3004 tempore
1212 2931 1350 2989 lobontur
1364 2937 1393 2988 et
1407 2932 1530 3005 fugient,
1543 2934 1620 2990 breui
1636 2933 1779 2991 versiculo

956 3021 1175 3077 demonstretur
1189 3020 1298 3093 (Virqit.
1314 3037 1347 3076 ιιι
1362 3019 1490 3091 Geerp.):

76 1375 899 1453 ffirmementietiemsimilitudinemrrystallocompare-

75 1467 150 1535 tem,
164 1465 269 1522 eoelum
286 1466 340 1522 hoc
355 1469 432 1539 quod
450 1467 630 1540 suspicimus
644 1467 766 1541 intelligi
782 1469 896 1524 volunt:

75 1552 132 1610 snb
146 1570 205 1626 quo
220 1554 581 1612 volvunturettrenseunt
592 1557 896 1628 quotuorenimentie.

78 1641 291 1716 'Pheneumque
301 1643 406 1700 coloris
420 1645 563 1718 sapphiri,
575 1651 604 1700 et
613 1646 763 1701 sedentem
774 1647 899 1719 desuper

76 1729 897 1806 nominemsuhhumanusimilitudine,imperiumcunc-

34 1883 44 1900 ·
76 1820 829 1895 turegentisomniaquehsbentissubpedibussuis,
841 1840 899 1879 om·
916 1826 937 1889 B

78 1908 246 1981 nipotentire
256 1909 305 1965 Dei
315 1910 440 1966 describi
453 1916 607 1966 antumant
619 1929 625 1979 ;
638 1911 754 1982 dicique
763 1912 798 1967 ed
810 1915 900 1967 extre·

79 2012 161 2053 mum
176 2014 183 2053 :
201 1999 263 2055 llere
276 2000 344 2055 risio
358 1984 551 2055 similitudinis
565 2000 666 2068 pterim
680 2001 747 2056 Dei:
770 2015 821 2071 per
836 2016 899 2071 quae

81 2085 165 2158 qussi
177 2102 229 2159 per
238 2088 382 2159 pictorem
393 2089 550 2160 quemdem
561 2092 590 2144 et
600 2089 650 2144 12
665 2087 902 2160 imaginempro·

77 2173 234 2233 videntium
246 2177 451 2233 demonstrari.
459 2177 696 2249 Quodquepedes
705 2176 899 2232 animantium

79 2261 151 2318 recti
161 2279 226 2319 esee
240 2262 384 2334 dicentur,
401 2268 430 2320 et
442 2266 538 2336 pleuto
552 2265 629 2335 pedis
640 2266 732 2336 rituti,
744 2281 793 2320 seu
802 2273 901 2319 retun-

78 2350 124 2424 de,
140 2354 254 2409 terrene
269 2370 392 2426 queque
406 2355 442 2409 ed
454 2354 582 2410 coelestio
592 2353 756 2419 subvolare,
767 2357 796 2409 et
807 2352 900 2408 omni-

79 2438 267 2513 buenngulis
292 2443 461 2514 amputetis,
488 2442 695 2498 rotunditatem
720 2441 813 2513 sequi,
837 2456 900 2512 quae

79 2526 212 2584 omnium
222 2528 383 2602 figurarum
395 2529 592 2602 pulcherrime
602 2533 655 2585 est.
669 2527 816 2585 Scintillas
827 2529 900 2584 ruti·

80 2615 186 2697 lentes,
201 2623 306 2674 cuncte
317 2617 403 2690 plene
413 2617 535 2674 luminis
547 2618 684 2685 indicere,
697 2621 725 2673 ei
734 2633 839 2672 manus
851 2617 900 2672 bo·

81 2704 172 2761 minis
186 2707 241 2761 sub
258 2707 431 2778 pennistem
442 2706 535 2778 ipsius
547 2706 686 2774 hominis,
698 2722 786 2777 quem
798 2704 900 2771 leonis,

80 2796 110 2848 st
122 2790 218 2863 rituli,
233 2797 263 2849 et
273 2794 401 2866 equile:
418 2799 451 2850 ut
473 2795 546 2849 rotie
561 2799 666 2850 cuncto
689 2797 842 2861 sustentet,
869 2809 901 2848 oc

83 2880 120 2936 de
133 2878 300 2936 bumiliiete
314 2885 428 2937 terrene
443 2883 478 2938 od
495 2882 622 2939 coelestis
637 2880 777 2939 sublevet.
794 2882 859 2938 lloec
874 2886 902 2938 et

82 2969 119 3026 ed
134 2968 289 3042 livengelia
301 2976 329 3025 et
343 2970 379 3026 ed
395 2976 498 3027 cuncte
514 2987 575 3043 qur
592 2988 681 3043 supre
696 2971 850 3043 posuimus
861 2988 903 3027 rc·

82 3054 158 3113 ferre
172 3072 341 3129 possumus.
360 3058 485 3115 Audisse
501 3075 547 3115 me
562 3059 682 3114 memini
694 3062 820 3131 quatuor
837 3075 901 3131 pcr-

80 3144 272 3216 turbntiooes,
288 3147 324 3202 dc
340 3145 447 3218 quibus
463 3147 631 3220 plenissime
642 3147 739 3203 Cicero
750 3148 779 3203 in
790 3148 903 3204 Tuscu·
918 3188 939 3255 C
1034 3152 1085 3203 Sed
1101 3152 1169 3217 legit
1183 3153 1296 3213 interes,
1318 3151 1387 3218 iugit
1401 3153 1573 3218 irreparabile
1586 3156 1701 3218 tempus.

82 3232 160 3290 lenis
184 3233 325 3306 disputet,
349 3235 459 3307 gaudii,
485 3236 676 3310 egritudinis,
699 3236 846 3310 cupidinis
875 3243 903 3293 et
958 3251 992 3305 pt
1008 3249 1039 3305 in
1053 3249 1182 3306 carmine
1196 3246 1286 3322 lyrim
1301 3249 1406 3319 (riom,
1423 3249 1516 3307 carm,
1531 3251 1575 3307 oa,
1593 3251 1654 3321 ι4);

84 3320 212 3390 timoris,
224 3339 349 3395 quorum
361 3325 418 3380 duo
426 3325 589 3396 presentia,
600 3327 657 3380 duo
666 3325 841 3381 iuturusunt
851 3342 904 3398 per

83 3412 209 3481 quotuor
224 3409 382 3483 signiitceri
396 3413 545 3481 animalia,
559 3414 594 3468 de
606 3413 714 3485 quibus
726 3418 754 3469 et
763 3413 902 3487 Virgilius

82 3497 208 3554 breviter
222 3499 346 3570 (AEneiit.
363 3500 414 3556 lib.
429 3502 486 3571 vil:

1050 3382 1116 3441 lieu,
1131 3381 1195 3441 beu,
1225 3380 1344 3445 lugeres,
1362 3374 1515 3442 Postbome,
1534 3383 1687 3441 Poetbume,

1096 3444 1235 3493 bebuntur
1245 3443 1310 3493 enni
1321 3443 1327 3492 i

992 3573 1083 3645 (Vere.
1101 3574 1158 3646 io.)
1170 3575 1331 3632 Similitudo
1344 3583 1438 3633 euers
1450 3577 1544 3634 uultus
1565 3590 1669 3647 sorum,
1692 3579 1781 3648 sueies

955 3664 1075 3720 beminis
1103 3671 1129 3719 et
1142 3662 1230 3736 fortes
1243 3664 1329 3720 leeris
1342 3680 1361 3720 u
1374 3665 1479 3721 deutris
1502 3667 1626 3738 ipsorum
1640 3670 1761 3737 quatuor
1770 3682 1780 3721 .·

80 3760 145 3816 que
158 3745 219 3819 regi
229 3747 353 3804 debeant
363 3748 901 3822 rationc,etpotentiobei;quibusque
954 3754 1145 3825 [umquem
1176 3752 1253 3807 iouis
1284 3768 1301 3807 u
1333 3754 1456 3810 sinistris
1485 3756 1607 3826 ipsorum
1641 3763 1782 3825 quotuor:

79 3833 221 3904 oppositae
236 3835 305 3904 sint,
329 3836 420 3892 immo
441 3836 595 3909 impositos,
620 3837 743 3894 virtutes
765 3844 900 3910 quatuor,
955 3851 980 3899 et
993 3842 1078 3912 furies
1095 3840 1198 3912 aquitae
1212 3840 1431 3914 memivuig.
1444 3841 1510 3899 silet
1523 3842 1782 3915 desuperlipsomm

79 3920 249 3992 Prudentia,
264 3924 393 3991 iustitie,
406 3924 567 3992 Fortitudo,
583 3926 797 3996 Temperantia,
809 3927 901 3983 utha·
955 3928 1782 4003 quumr.isciesprineipirdisitnvsngeiiornm,oqeibus

80 4023 147 4063 rum
163 4009 362 4078 gubernentur
376 4010 507 4066 arbitrio.
524 4013 590 4076 Quae
606 4014 752 4084 quomodo
772 4014 901 4070 vultibus
956 4016 1780 4090 homoetleo,bocesi,natiuitestristi,etpropbetevox

81 4094 219 4163 bominis,
248 4095 351 4165 leonis,
377 4097 519 4169 vitulique
541 4103 569 4156 ot
594 4100 698 4172 aquile
719 4106 900 4173 coaptentur,
956 4102 1778 4173 tonantisineromodextrespertenteneniNitulisutem,

80 4182 202 4240 omnino
214 4187 379 4241 tacuerunt.
396 4188 490 4258 Super
504 4188 694 4260 quibusidem
709 4188 901 4261 philosophus
955 4190 985 4247 id
1001 4197 1055 4259 est,
1068 4191 1253 4248 victimarum
1262 4194 1292 4246 et
1304 4191 1459 4246 sacerdotii
1469 4190 1652 4261 iudeorum,
1664 4191 1694 4244 in
1705 4190 1778 4246 sini-

80 4278 109 4326 st
123 4276 221 4327 oretor
232 4272 261 4327 in
273 4272 369 4330 tribus
382 4276 417 4331 ed
429 4275 522 4330 lilium
535 4276 698 4332 officiorum
708 4276 790 4333 libris
802 4278 902 4351 dispu-
955 4279 1057 4336 trisesi
1066 4276 1781 4351 :quodebolitumtrensiritsdsecerdotiumspiri·

79 4363 132 4415 tot.
149 4360 215 4433 Legi
227 4364 257 4416 et
270 4363 424 4431 cujusdem
435 4363 553 4432 Getice,
570 4380 656 4436 quem
672 4364 734 4437 Syri
751 4361 860 4435 λεπτὸν,
872 4367 901 4423 id
955 4366 1044 4432 tuele,
1056 4368 1160 4439 dequo
1171 4367 1283 4422 dictum
1296 4369 1342 4422 est
1354 4380 1361 4422 :
1373 4366 1446 4422 itres
1459 4364 1585 4422 sacerdes
1598 4368 1631 4421 iu
1643 4375 1781 4424 eremum

80 4451 134 4517 est,
144 4453 261 4504 acutum
272 4454 301 4505 et
312 4453 497 4521 ingeniosum,
513 4458 627 4520 vocunt,
639 4453 755 4510 brevem
767 4453 901 4526 disputo·
955 4455 1103 4512 seeundum
1112 4455 1235 4513 ordin-em
1246 4453 1500 4527 lielciirsdeeiril’s.
1513 4470 1572 4524 cix,
1582 4454 1682 4528 mrito
1692 4457 1780 4513 dum·

79 4536 255 4603 tioneuiam,
268 4540 398 4611 putentis
410 4544 574 4597 nestrorum
593 4543 725 4598 ordinem
746 4542 901 4600 duodecim
916 4551 940 4615 1)
954 4541 1779 4616 texet,utomniesibiburesnt,nnoque(d)corporeocn·

78 4625 212 4683 tribuum
224 4625 350 4682 describi
362 4627 391 4682 in
400 4627 566 4700 solitudine,
578 4630 613 4685 ed
625 4629 770 4686 Orientem
781 4636 809 4686 et
821 4632 899 4688 Occi·
955 4638 1084 4690 senetur.
1097 4632 1204 4706 Aquilo
1213 4637 1322 4704 eutem,
1334 4650 1399 4706 qua
1410 4637 1440 4690 et
1452 4648 1543 4706 super
1557 4632 1739 4689 neddtetem
1750 4636 1779 4690 ei

78 4715 208 4784 dentem,
225 4715 457 4788 Septentrionem
474 4721 502 4772 et
517 4717 678 4789 Meridiem,
694 4735 757 4787 que
779 4719 835 4776 sibi
854 4720 899 4776 in·
954 4720 1776 4796 superprophetiemest,queDominiexpleturedventu,

75 4801 179 4874 vicem,
195 4809 222 4860 et
233 4803 382 4874 charitate,
394 4806 686 4878 etoonsenguinitote
697 4807 856 4878 socientur,
871 4813 899 4866 et
953 4818 982 4868 et
996 4827 1085 4884 super
1097 4810 1295 4868 sacerdotium
1310 4811 1387 4883 quod
1411 4810 1560 4884 preteriit,
1584 4812 1636 4866 11
1654 4813 1684 4865 et
1697 4813 1779 4865 extre

78 4888 318 4948 bocesserotem
335 4893 363 4949 in
379 4899 452 4963 roto,
469 4894 854 4968 quoeducenturespiritu,
870 4903 899 4954 et
953 4899 1197 4965 hneomnioest,
1213 4899 1248 4956 de
1282 4898 1433 4959 nstiritste
1456 4899 1585 4955 reserens
1616 4897 1778 4970 spiritudi,

76 4976 154 5033 nube
164 4981 354 5049 protegentur
366 4985 395 5038 in
405 4999 503 5040 eremo
513 4988 542 5039 et
553 4981 690 5037 columne
701 4983 777 5055 ignis
788 4985 897 5042 illumi·
953 4988 1100 5061 quomodo
1115 4987 1245 5043 Peterin
1263 4986 1343 5056 Filio,
1359 4990 1388 5043 et
1401 4985 1492 5043 Filius
1515 4984 1545 5040 in
1570 4984 1654 5041 Putre
1669 4986 1718 5042 sit.
1737 4987 1779 5043 De

76 5068 183 5122 nentur
197 5065 227 5120 in
243 5071 344 5135 noctc;
362 5086 413 5126 neo
429 5075 611 5128 revertentur
622 5071 651 5125 in
662 5075 830 5144 AEgp’ptum,
847 5076 896 5131 sod
952 5093 1010 5148 que
1025 5075 1187 5133 rectissime
1197 5074 1304 5132 dicitur
1315 5093 1323 5131 ε
1335 5076 1546 5132 deaurationem
1555 5074 1616 5145 ejus
1626 5075 1778 5144 quisermr·

76 5170 193 5227 semper
205 5155 241 5209 od
259 5158 365 5209 terrem
377 5159 612 5230 repromissionis
623 5160 663 5216 ire
675 5161 821 5217 iestinoni.
835 5163 896 5220 illu-
951 5166 1026 5223 robii
1048 5166 1126 5238 (isui.
1144 5182 1203 5236 cin,
1218 5164 1270 5234 8)i
1286 5168 1345 5220 iste
1369 5168 1441 5222 sunt
1458 5163 1545 5234 juxte
1569 5162 1777 5235 Apoealypsim

76 5242 130 5298 ctri
146 5246 244 5297 eutem
261 5242 291 5295 in
316 5244 411 5299 medio
434 5248 668 5315 similitudinem,
690 5247 898 5321 interpretetur
951 5253 1029 5326 (Cap.
1047 5253 1097 5324 ιν),
1111 5258 1144 5308 ιιι
1158 5258 1225 5309 unte
1236 5254 1300 5324 iem
1323 5253 1462 5321 diuinus,
1487 5253 1617 5322 quetuor
1635 5249 1777 5307 animulis

74 5331 182 5388 Sancte
209 5334 380 5396 seuctortm,
407 5334 569 5406 seriemque
595 5337 723 5392 hominis
748 5340 835 5393 reieci
859 5342 895 5395 ed
952 5343 1038 5415 plone
1052 5341 1219 5398 oculisente
1234 5347 1263 5398 et
1277 5346 1364 5412 reiro,
1376 5338 1776 5412 quorumunumenimalsi·

75 5419 289 5488 totumlsroc13
305 5418 438 5475 leonisad
449 5423 800 5496 rcgolcsoeptrumludae3
813 5428 894 5482 vituli
952 5429 1020 5486 mile
1035 5429 1122 5498 leoni,
1138 5435 1167 5485 et
1181 5431 1343 5485 secundum
1359 5428 1456 5485 simile
1478 5427 1581 5493 vitulo,
1605 5432 1633 5483 et
1653 5427 1775 5486 tertium

128 3620 196 3671 ilinc
209 3626 342 3682 metuunt,
357 3624 533 3688 cupiuntque,
548 3624 648 3680 dolent.
663 3624 854 3689 goudentque:

111 5540 150 5613 (o)
165 5543 345 5617 Doerotquort
354 5543 468 5606 vocula.
479 5544 541 5600 sine
553 5561 610 5616 que
620 5564 725 5605 sensus
734 5549 893 5607 laborabat.
951 5553 1111 5611 admonito.

75 5612 250 5680 Huiusmodi
275 5616 333 5672 elie
347 5615 473 5672 subinde
488 5616 692 5685 emendantur,
717 5620 823 5678 lectore
837 5638 894 5679 non
986 5625 1026 5699 (u)
1038 5627 1132 5683 Antea
1145 5627 1209 5683 eret
1221 5639 1391 5698 unoquoque,
1406 5629 1509 5685 omiss
1523 5638 1596 5683 mss.
1610 5621 1713 5682 iidem
