3818 6104
64 209 127 278 {db
372 212 744 283 COMMENTARIDDUM
768 219 810 282 ΙΝ·
830 213 1080 281 munemusch
1101 216 1254 323 simvl,
1269 218 1354 285 GAP.
1377 221 1471 284 xvn.
1714 220 1773 284 lDD

67 351 157 406 Recte
170 351 272 406 autem
286 348 337 406 illc
351 349 402 423 qui
414 351 526 407 dixerat
541 370 548 407 ε
566 352 736 409 Fortitudine
749 356 897 424 socinmci
909 354 938 420 Α
952 370 1020 408 nore
1033 355 1105 420 tucio
1120 356 1228 425 ceperam
1243 355 1362 411 aridum.
1371 356 1426 426 Epo
1440 356 1571 411 Dominus
1584 322 1688 410 ronias
1711 369 1773 410 sum

64 437 545 510 sopientiointeilipcntiaenoserom
552 442 895 509 immiocrpcnticmetui·
948 449 974 497 et
987 442 1069 512 secio.
1084 441 1142 497 Hoc
1164 444 1241 514 quod
1258 444 1286 498 in
1303 443 1494 516 Septuaginta
1508 442 1616 514 lenitur
1632 458 1639 497 :
1655 444 1689 497 Ei
1704 442 1773 499 dodo
1873 462 1877 466 ·

64 542 110 582 res
121 543 220 582 earum
226 525 418 598 demaedclror:
428 534 454 583 et
464 528 631 584 emmonem
641 530 765 584 ciuitates
774 544 838 601 pure
847 530 896 584 to·
948 530 983 585 de
996 532 1082 601 capite
1095 547 1237 586 remorum
1245 533 1314 603 ejus,
1325 533 1361 587 de
1371 531 1578 588 Theodotionis
1588 531 1714 587 editione
1723 532 1773 586 ad·

66 616 204 682 ditentur,
220 619 246 670 et
259 617 352 672 orbem
366 620 505 672 terrarum
519 619 679 672 nniversam
694 617 897 689 apprehendum
950 616 1044 672 ditum
1055 622 1109 674 est.
1122 623 1309 691 humumque
1320 621 1397 692 quod
1412 621 1546 692 sequitur
1562 637 1568 675 z
1584 622 1616 675 m
1630 621 1704 676 rami
1714 622 1772 692 ejus

64 721 153 760 mnu
179 706 260 776 quusi
278 703 388 773 nidum,
404 709 429 760 et
452 707 523 761 sieut
537 707 677 774 confracto
692 721 742 762 ouo
757 706 895 777 (lbid.‚,x‚
950 693 1140 773 restituentur,
1157 707 1239 762 obelo
1264 709 1484 780 praenotandum
1500 713 1554 777 est,
1572 707 1642 779 quia
1664 707 1694 762 in
1717 712 1773 764 He·

66 793 110 863 13,
121 794 267 861 11),ιιιιιιο
280 794 336 849 sub
347 790 587 866 personasquilae
602 794 779 850 describitur
795 812 801 849 :
818 795 896 866 quod
951 794 1048 849 braiao
1063 812 1119 850 non
1136 795 1270 851 habetur.
1287 796 1378 851 Verus
1394 796 1661 852 Nabuchodonosor
1685 813 1772 868 prop-

68 896 261 952 nequaqunm
274 879 345 937 velit
361 882 397 937 de
413 881 532 948 Libano,
543 882 593 953 qui
610 882 822 954 interpretatur
835 900 898 939 eom
950 887 1029 938 teres
1045 884 1135 939 sumit
1157 885 1192 940 de
1217 883 1346 941 medulla
1363 885 1439 940 cedri
1455 884 1603 951 sublimis,
1619 886 1654 940 de
1668 886 1775 942 vertice

67 969 131 1038 dor,
147 974 177 1026 et
192 970 317 1026 retertur
331 971 369 1027 ud
384 971 556 1044 thymiam,
566 971 685 1044 parvula
695 976 782 1043 atque
797 972 897 1029 bumi-
953 988 1101 1026 ramorum
1122 973 1198 1041 ejus,
1213 977 1245 1028 ut
1260 974 1299 1027 sit
1313 989 1435 1045 regnum
1447 973 1511 1044 ejus
1536 972 1656 1042 humile,
1673 977 1701 1029 et
1716 990 1774 1029 non
1878 994 1885 1001 ·

68 1058 245 1132 liavirgnlta
255 1059 462 1133 perstringere,
471 1061 521 1117 sed
535 1060 722 1117 summitates
733 1062 896 1130 cedrorum,
951 1059 1087 1116 elevetur.
1105 1061 1247 1117 Dominus
1263 1069 1361 1117 nutem
1378 1063 1456 1118 Deus
1471 1063 1555 1118 Peter
1577 1063 1773 1135 omnipotens,

70 1152 99 1205 at
122 1149 159 1204 de
181 1148 377 1221 principibus,
394 1166 428 1205 uc
450 1150 486 1205 de
501 1149 591 1220 stirpe
615 1150 704 1222 regia,
717 1151 802 1221 juxta
825 1151 897 1207 illud
953 1147 1002 1220 qui
1022 1148 1138 1206 locutus
1153 1154 1197 1206 est
1212 1151 1249 1206 ad
1272 1151 1461 1222 Ezechielem,
1477 1150 1551 1207 tollit
1565 1151 1601 1206 de
1616 1152 1707 1223 stirpe
1730 1167 1774 1207 re·

68 1237 210 1293 Abacuc:
238 1237 315 1294 decre
340 1239 399 1309 ejus
412 1237 505 1295 electe
517 1238 621 1309 peltae.
639 1256 659 1305 1,
676 1240 730 1311 16).
755 1240 900 1311 ponitque
953 1236 1009 1310 gia,
1026 1243 1055 1293 et
1070 1239 1105 1294 de
1121 1254 1226 1311 genere
1240 1239 1328 1294 David
1345 1265 1351 1306 ;
1370 1244 1398 1295 et
1413 1239 1525 1311 plantat
1540 1244 1774 1311 supermontem

66 1328 295 1394 testamentum,
312 1342 379 1381 cum
394 1325 442 1382 bis
457 1343 532 1398 quoa
551 1328 668 1398 ceperit,
685 1331 717 1383 ut
731 1328 791 1401 regi
807 1329 898 1402 Baby·
953 1326 1100 1382 excelsum
1116 1331 1144 1383 et
1167 1328 1357 1395 eminentem,
1372 1328 1422 1399 qui
1447 1328 1577 1401 loquitur
1591 1328 1621 1384 in
1636 1330 1750 1401 psalmo
1767 1345 1775 1384 z

66 1413 144 1471 lunio
161 1412 436 1483 collasubmittant,
448 1420 476 1470 et
492 1413 717 1487 implenntillud
733 1418 812 1488 quod
824 1422 899 1488 Apo·
953 1415 1007 1486 Epo
1017 1420 1107 1471 notem
1117 1419 1411 1473 constitatnssumren
1425 1418 1458 1472 nt
1473 1434 1503 1473 eo
1518 1417 1680 1488 supersim
1695 1434 1773 1474 mon·

67 1503 162 1559 stolus
177 1501 330 1574 loquitur:
349 1504 420 1572 Quor
434 1503 540 1558 tradidi
555 1503 717 1573 Sotooaemt
731 1505 899 1562 discentrum
954 1511 1007 1559 tem
1022 1509 1147 1560 sonetum
1170 1507 1229 1577 ejus
1245 1508 1300 1576 (Pr.
1319 1523 1349 1572 ιι,
1363 1507 1402 1573 6).
1420 1506 1568 1562 Defecerat
1592 1506 1670 1561 enim
1696 1506 1777 1579 prin-

68 1590 296 1663 bicrpbemareil
311 1592 379 1647 Tim.
392 1609 412 1658 ι,
425 1592 481 1662 20).
498 1592 532 1647 Et
546 1593 576 1647 in
587 1593 645 1648 ulio
659 1592 722 1648 loco
739 1609 746 1650 :
763 1594 899 1662 Quostro·
954 1609 1022 1665 ceps
1046 1593 1081 1648 de
1097 1595 1180 1664 luda,
1198 1599 1226 1649 et
1249 1594 1308 1648 dux
1322 1595 1357 1650 de
1373 1593 1473 1662 lsrael,
1490 1596 1580 1650 donec
1602 1595 1715 1651 veniret
1729 1595 1777 1650 cui

69 1679 901 1754 didi‚inquit,Sctooaeininterieomcnmiactapiritusseluar
915 1717 939 1783 Β
955 1682 1115 1752 repositum
1138 1687 1204 1737 est:
1229 1687 1257 1738 et
1282 1682 1344 1754 ipse
1368 1683 1424 1738 erit
1445 1684 1620 1755 exspectatio
1644 1685 1777 1756 gentium

69 1771 114 1840 fiet
127 1770 151 1841 (1
163 1769 233 1825 Cor.
249 1771 290 1837 v).
306 1766 368 1823 Non
380 1769 522 1826 debemus
536 1786 614 1843 crgo,
623 1770 649 1826 si
663 1771 786 1828 torsitan
800 1772 836 1829 ob
847 1771 899 1828 sli-
955 1771 1223 1842 (Genes.xc1x).lste
1237 1772 1368 1844 erupitin
1380 1788 1509 1844 germen.
1523 1773 1624 1828 etlecit
1634 1773 1773 1844 fructum,

70 1857 145 1928 quod
155 1860 314 1929 peccatum
324 1856 719 1930 decongragntionelratrum
729 1863 757 1914 et
767 1861 802 1916 de
813 1861 900 1916 domo
955 1863 983 1915 et
1002 1860 1103 1915 cedros
1119 1876 1220 1915 omnes
1240 1876 1295 1915 sun
1309 1859 1490 1916 sublimitate
1506 1861 1673 1932 superavit:
1690 1861 1731 1916 ita
1746 1863 1779 1917 ut

73 1945 116 2000 Dal
134 1945 287 2017 ejicimur,
304 1944 440 2000 reluctari
457 1963 464 2000 :
481 1947 532 2002 sed
548 1963 630 2018 nque
651 1948 748 2003 animo
763 1948 853 2004 latum
870 1949 899 2005 in
956 1949 1087 2004 habitent
1102 1949 1157 2003 sub
1171 1965 1204 2004 eo
1218 1964 1319 2004 omnes
1334 1948 1464 2005 volucres
1476 1949 1549 2016 celi,
1565 1954 1593 2004 et
1608 1955 1714 2006 cuncta
1726 1966 1778 2005 vo-

73 2050 123 2090 nos
149 2034 230 2090 ferre
258 2033 446 2100 sententium,
478 2038 506 2090 et
536 2034 631 2091 dicere
660 2053 728 2091 cum
757 2038 903 2109 Propheta
954 2036 1047 2092 latilin
1071 2036 1151 2092 illius
1173 2037 1560 2109 protegcotnrumbraeulo.
1577 2038 1617 2094 De
1634 2055 1691 2110 quo
1706 2036 1777 2094 dicit

74 2122 162 2194 (snt.
194 2139 249 2189 vn,
278 2121 317 2192 9),
346 2127 424 2179 lrcm
451 2125 562 2179 Dmnini
594 2125 742 2191 sustinebo,
771 2129 902 2198 qnoniam
955 2126 1070 2181 Abacuc
1088 2142 1094 2180 :
1112 2125 1221 2181 Cornan
1237 2126 1409 2181 inmanibus
1424 2128 1492 2198 ejus,
1510 2128 1550 2183 ibi
1565 2128 1779 2184 absconditeest

74 2211 124 2283 [ll.
142 2211 204 2284 qna]
215 2213 331 2284 peccaui
344 2214 381 2282 ei,
397 2212 482 2268 donec
490 2213 622 2284 justificet
636 2230 749 2270 courum
762 2220 902 2282 meamet
954 2212 1085 2284 tortitudo
1099 2214 1156 2284 ejus
1178 2214 1269 2285 (Aine.
1286 2216 1346 2286 111);
1362 2218 1391 2269 et
1405 2215 1455 2286 qui
1470 2231 1647 2288 congregare
1663 2215 1778 2270 deside·

77 2304 189 2356 maan.
204 2300 243 2356 ut
265 2300 434 2373 frequenter
456 2301 561 2371 evenit,
578 2306 611 2356 ut
629 2301 712 2359 alteri
738 2304 848 2360 subditi
864 2305 901 2361 ad
955 2306 1000 2357 rat
1015 2302 1098 2373 quasi
1114 2301 1223 2375 galline
1238 2302 1333 2375 pullos
1350 2320 1419 2360 suos
1434 2304 1489 2359 sub
1506 2305 1568 2360 ales
1583 2321 1653 2360 suas
1669 2305 1774 2377 (marm.

79 2385 205 2443 eliorum
228 2392 425 2461 transeamus,
443 2390 492 2459 qui
508 2390 593 2446 nobis
615 2407 702 2446 suum
719 2393 902 2464 repromittat
956 2392 1036 2461 xxrn)
1049 2408 1055 2446 :
1069 2390 1615 2464 utomniaragieuislignaeognoscant
1626 2393 1703 2464 quod
1716 2393 1779 2465 ipse

78 2475 901 2552 auxilium;necisciatinpristinasententiupermanere.
956 2478 994 2535 sit
1009 2479 1161 2534 Dominus.
1177 2478 1364 2551 Trcpologice
1380 2480 1614 2536 decredentibus
1629 2480 1753 2552 loquens
1770 2496 1778 2535 τ

78 2565 160 2630 Quod
177 2565 255 2623 omni
270 2567 385 2623 ratione
400 2567 552 2623 vitandum
564 2572 618 2635 est,
630 2586 667 2625 nc
682 2569 829 2625 siccentur
840 2569 901 2642 pal·
958 2569 1013 2623 lsie
1027 2572 1072 2622 est
1086 2568 1136 2639 qui
1152 2565 1240 2623 ls'rael
1251 2568 1398 2637 quondam
1411 2567 1537 2623 sublime
1552 2567 1665 2640 lignum
1681 2567 1780 2623 bumi-

78 2654 166 2710 mites
180 2655 272 2710 nostri
289 2659 318 2711 et
339 2655 473 2728 germina
498 2663 631 2714 arescant
648 2674 653 2712 :
671 2662 699 2713 et
719 2662 820 2714 contra
838 2675 904 2731 pac·
957 2655 1046 2725 licvit,
1063 2659 1091 2711 et
1106 2655 1241 2711 exultavit
1256 2656 1397 2712 humilem
1413 2656 1545 2728 gentium
1562 2656 1713 2728 populum,
1726 2656 1776 2728 qui

77 2746 139 2797 tom
156 2741 206 2798 Dei
223 2742 318 2799 secere
333 2744 497 2800 credemur.
696 2750 698 2755 '
956 2744 1112 2800 exsiccavit
1125 2744 1239 2817 lignum
1255 2744 1344 2799 viride
1359 2744 1539 2810 iudeorum,
1552 2745 1659 2801 florens
1673 2749 1702 2800 et
1715 2760 1778 2816 ger-

108 2830 260 2902 (Veram
278 2835 373 2903 seqq.)
388 2833 450 2888 llaec
462 2833 530 2889 dicit
552 2835 685 2890 Dominus
701 2835 797 2908 [Vulg.
821 2838 904 2893 addit
957 2833 1074 2890 minens
1103 2834 1132 2888 in
1162 2833 1237 2906 Lege
1261 2837 1290 2888 et
1313 2832 1483 2906 Prophetis;
1503 2837 1532 2887 et
1557 2832 1691 2888 frondere
1713 2832 1783 2888 lecit

75 2921 157 2992 Deus]
174 2938 182 2976 :
198 2922 234 2977 Et
249 2937 358 2977 samem
372 2937 419 2990 epo
445 2921 478 2978 de
492 2922 614 2978 medulla
638 2924 714 2980 cedri
725 2926 862 2996 sublimis,
877 2935 904 2983 et
956 2923 1070 2995 lignum
1082 2922 1196 2977 aridum
1214 2922 1383 2977 nationum:
1397 2926 1429 2977 ut
1444 2922 1520 2993 quod
1537 2937 1652 2993 semper
1665 2921 1780 2977 locutus

73 3024 176 3079 mmmm
191 3007 225 3064 de
240 3010 492 3065 uertr'cernmorum
508 3012 583 3082 ejus;
594 3018 717 3068 tenerum
727 3012 903 3085 distrinpnm
960 3015 1015 3076 est,
1031 3027 1117 3083 opere
1132 3009 1299 3082 compleret.
1316 3010 1375 3065 Hoc
1400 3010 1477 3066 idem
1494 3009 1661 3083 significent
1675 3008 1728 3083 [nt.
1745 3009 1783 3064 si-

75 3106 99 3153 et
109 3099 253 3170 plantabo
266 3101 474 3170 conmmeatum
488 3101 660 3158 encetsnmet
674 3091 840 3158 eminentem
849 3122 860 3158 :
875 3105 906 3162 in
920 3083 942 3151 C
961 3099 1114 3173 gnificans]
1143 3098 1271 3154 Simonis
1296 3099 1326 3154 in
1348 3097 1500 3170 Evangelio
1519 3099 1607 3154 verba
1631 3097 1755 3154 dicentis
1773 3115 1780 3154 :

75 3191 171 3242 monte
192 3186 310 3242 sublimi
333 3188 418 3244 lsrael
432 3189 570 3257 plantato
583 3190 663 3246 illud.
679 3193 713 3246 Et
734 3197 856 3264 erumpet
876 3195 905 3249 io
959 3189 1228 3260 Eecebicpositnsest
1240 3189 1268 3242 m
1286 3189 1673 3255 ruinam,etresurreotionem
1682 3187 1784 3242 mutto·

74 3291 199 3345 pennen,
207 3279 236 3330 et
249 3275 336 3349 societ
349 3279 480 3348 fructum,
489 3286 516 3334 et
529 3280 583 3334 erit
595 3282 626 3334 in
639 3280 751 3336 accirem
765 3298 903 3353 empnam,
960 3294 1022 3333 rom
1036 3278 1112 3350 (luc.
1121 3294 1151 3344 ιι,
1162 3276 1218 3347 31).
1227 3277 1389 3348 Digranum
1398 3275 1520 3348 sinopis,
1530 3277 1606 3348 quod
1617 3292 1683 3331 cum
1695 3274 1784 3331 mini·

74 3373 99 3420 ct
112 3364 283 3420 habitabunt
292 3364 343 3420 sub
352 3381 385 3420 ec
395 3382 486 3422 omnes
499 3367 639 3424 volueres:
655 3370 816 3425 uniuersum
827 3372 904 3427 voic—
960 3364 1651 3437 mumsitomnibusseminibus,p0stquamnat
1662 3365 1784 3421 creverit

75 3454 121 3509 tile
138 3453 194 3509 sud
218 3453 320 3508 umbra
339 3455 481 3524 frondium
504 3456 564 3528 ejus
584 3456 750 3527 nidificabit.
768 3460 800 3513 ut
821 3462 906 3517 scient
960 3454 1057 3509 evium
1069 3454 1269 3510 babitaculum
1281 3458 1325 3509 est
1338 3453 1443 3522 (noret.
1459 3452 1782 3524 x1r1,32).0uidamsli-

78 3543 172 3596 oemio
187 3541 267 3612 liqna
282 3543 414 3611 meionis,
426 3545 492 3615 qaia
504 3561 551 3616 epo
567 3546 698 3602 Dominus
713 3548 906 3604 humilianti·
960 3545 1003 3597 ter
1018 3542 1258 3615 interpretantur,
1273 3541 1387 3613 lignum
1398 3541 1525 3598 sublime
1541 3540 1740 3614 humiliatum,
1754 3546 1783 3597 et

77 3648 164 3699 annm
177 3630 308 3698 sublime,
320 3638 346 3686 et
359 3632 464 3687 chunni
479 3633 576 3706 [vulg.
593 3636 725 3706 exaltavi]
742 3637 907 3707 tipnnmtm-
960 3631 1072 3687 humile
1087 3631 1420 3695 exaltatum,rclerentes
1435 3631 1470 3686 ad
1482 3629 1649 3701 passionem
1665 3630 1783 3686 Domini

77 3721 155 3790 mile,
168 3724 198 3776 et
210 3721 317 3776 siccavi
332 3720 439 3791 lienum
450 3723 548 3789 viride,
559 3730 584 3778 et
595 3724 724 3794 [raonem
738 3727 791 3796 [eci
800 3726 907 3797 lionam
960 3719 1190 3789 silvatorisom·
1197 3737 1259 3776 curn
1268 3723 1298 3775 in
1304 3721 1397 3789 sereno
1405 3720 1455 3774 Dei
1463 3727 1602 3784 essetnec
1608 3722 1647 3772 est
1654 3721 1783 3789 rapinam

77 3810 256 3880 aridum,epo
270 3809 404 3865 Dominus
414 3819 520 3867 locatas
534 3829 596 3868 rnen
612 3814 689 3869 196
704 3821 731 3870 et
744 3817 806 3885 feei,
816 3815 904 3871 LXX:
960 3808 1113 3864 arbitratus
1128 3811 1261 3880 equalem
1271 3823 1298 3862 se
1311 3824 1367 3863 esse
1376 3807 1498 3863 Democri
1509 3808 1711 3868 exinaniritse.
1721 3809 1781 3878 [or-

79 3899 152 3966 Qnin
168 3897 225 3952 hnc
239 3897 306 3954 dicit
319 3897 426 3954 Admni
451 3900 583 3956 Dominus
598 3918 607 3955 :
622 3903 656 3957 Et
670 3903 795 3973 anferam
809 3919 859 3974 epo
872 3905 908 3960 de
960 3896 1532 3968 ocmsmuincripiem(l’bitipp.vnr‚6‚7);
1544 3900 1573 3950 et
1583 3899 1785 3967 postresurre-

78 3987 174 4041 electis
195 3985 267 4041 cedri
288 3987 323 4042 de
346 3989 445 4043 vertice
460 3987 495 4059 >,<
509 3992 534 4045 et
557 3989 629 4046 dcto
653 3989 685 4046 de
707 3993 797 4062 capite
817 4009 906 4049 romo-
960 3984 1629 4058 ctionem,ipsumlignumposteasublimatum
1643 3984 1784 4056 estquod

80 4090 149 4128 ram
161 4075 219 4144 ejus
233 4075 256 4143 '‚
268 4075 391 4146 necorde
405 4079 676 4150 eorumnaseramet
687 4080 815 4151 plantabo
825 4097 907 4151 seper
960 4075 1036 4131 198
1053 4075 1135 4148 prius
1149 4075 1257 4143 virens,
1270 4079 1363 4131 morte
1376 4075 1529 4143 siccatum,
1539 4077 1568 4129 et
1591 4080 1694 4146 postea
1714 4074 1785 4130 revi-

81 4170 203 4217 montem
210 4165 357 4233 metrum,
368 4172 395 4220 et
402 4165 566 4236 suspendam
574 4167 684 4222 illudio
695 4170 907 4225 errontesoblimi
959 4165 1084 4233 vincens,
1099 4163 1258 4236 pristinum
1283 4163 1424 4235 receperit
1439 4162 1573 4218 virorem.
1589 4161 1644 4218 Alii
1664 4163 1786 4219 iudaice

79 4252 478 4325 lsrael,etptnntcho,etutieret
487 4265 639 4325 permeent
652 4259 735 4327 societ
747 4259 908 4330 [mutumne
961 4259 1119 4326 utrumque
1131 4252 1261 4309 referunt
1280 4253 1316 4307 nd
1332 4250 1421 4308 isreel
1433 4271 1442 4308 :
1453 4252 1531 4324 quod
1547 4252 1641 4324 primo
1657 4253 1782 4308 adventu

79 4342 130 4395 erit
145 4342 177 4394 in
200 4340 313 4396 cedrum
327 4358 468 4413 maenam,
484 4346 511 4397 et
531 4345 678 4417 requiescet
698 4345 747 4399 sub
762 4362 794 4402 eo
812 4349 906 4403 omnes
959 4341 1132 4399 humiliatos
1147 4341 1185 4397 sit
1199 4347 1228 4398 et
1242 4341 1405 4397 arefactus:
1422 4345 1451 4397 et
1466 4341 1593 4396 secundo
1610 4340 1783 4396 restituatur

79 4430 758 4505 summumnevolatilesnbcmhrcejasreqcieacet
768 4440 825 4501 ÷et
834 4439 907 4492 rcmi
921 4447 945 4512 1)
960 4432 990 4487 in
999 4432 1157 4505 pristinum
1168 4435 1290 4496 statum,
1298 4429 1417 4502 impleto
1429 4430 1478 4486 illo
1489 4431 1567 4502 quod
1579 4429 1650 4485 dicit
1659 4432 1782 4502 Aposto-

80 4520 136 4589 ejus
147 4520 334 4575 restituentur
347 4521 371 4590 ·,
385 4523 411 4575 et
425 4523 509 4576 scient
524 4522 616 4577 omnin
629 4524 708 4591 trena
721 4526 822 4596 compi,
840 4528 907 4597 quio
961 4521 1008 4577 los
1020 4520 1128 4577 Paulus
1145 4537 1152 4575 :
1170 4522 1236 4576 Cum
1257 4521 1401 4575 intraverit
1414 4519 1554 4591 plenitudo
1568 4521 1703 4589 prolium,
1718 4523 1785 4574 tunc

80 4621 125 4674 mc
140 4607 276 4663 Dominus
290 4610 340 4679 qni
354 4608 472 4665 humilio
492 4611 599 4681 tionum
612 4611 761 4681 excelsum,
776 4617 801 4668 et
816 4616 907 4671 amito
961 4613 1050 4667 omnis
1064 4610 1150 4666 lsrael
1163 4611 1255 4665 solvus
1269 4611 1315 4680 fiet
1330 4610 1418 4677 (Dent
1435 4626 1462 4674 v,
1477 4608 1505 4673 9,
1524 4608 1579 4678 ¹0)-

83 4693 188 4762 lienam
199 4695 329 4751 humile:
346 4700 372 4752 et
386 4699 510 4767 arefacio
525 4700 631 4770 lienum
651 4701 750 4767 cirine,
766 4710 792 4758 ct
804 4704 907 4773 permi-

672 4937 881 5034 LIBER
916 4937 1191 5034 SEXTUS.

116 5259 290 5318 ror-108
304 5262 447 5319 Putabam
469 5264 557 5336 quod,
574 5265 670 5323 medio
685 5271 820 5339 serpente
835 5284 905 5325 con·
961 5271 1027 5325 sant
1043 5285 1049 5323 :
1066 5271 1094 5324 et
1118 5263 1263 5321 hereticis
1285 5261 1334 5318 Dei
1359 5259 1508 5334 percussis
1523 5276 1623 5331 manu,
1641 5276 1676 5316 ne
1691 5263 1784 5316 tenta-

84 5348 169 5421 lcsso,
185 5367 245 5406 non
260 5349 465 5407 reviviscerent
475 5352 572 5426 hydrae
588 5355 700 5412 novella
711 5355 867 5430 plantaria,
877 5362 906 5414 et
961 5362 1072 5425 rentur,
1086 5356 1110 5414 si
1126 5354 1187 5410 lieri
1203 5356 1307 5425 potest,
1320 5349 1407 5407 etiam
1419 5349 1502 5405 electi
1521 5350 1568 5405 Dei
1580 5350 1683 5421 (narrt.
1694 5349 1784 5420 mv),

81 5438 569 5516 luxiaiabulaspcatarnmsayllu
583 5448 709 5514 mortua,
719 5462 906 5519 nequaquam
961 5444 1080 5502 heresis
1096 5445 1160 5517 ipsa
1174 5456 1232 5498 non
1248 5438 1383 5510 moritur,
1400 5437 1592 5495 haereditariis
1615 5438 1716 5493 eontra
1730 5452 1784 5494 nos

85 5527 111 5583 in
126 5545 173 5587 me
187 5527 299 5604 Scyllei
314 5528 450 5590 sevirent
466 5548 563 5607 canes,
580 5533 631 5609 qui
646 5534 753 5596 latrare
768 5552 826 5595 non
842 5552 901 5596 ees·
961 5535 1094 5594 odiorum
1105 5547 1227 5596 suorum
1238 5527 1342 5589 catulis
1353 5525 1511 5599 derelictis,
1523 5525 1573 5605 qni
1584 5526 1686 5584 wll&
1696 5525 1787 5586 Simu·
