3818 6104
94 229 163 309 aas
508 286 512 294 ,
721 228 754 286 s.
776 185 933 287 nassau
955 221 1178 286 nruaourur
1481 216 1484 221 ·
1737 205 1801 284 'tro

137 361 222 434 (Vera
238 358 293 432 16.)
307 361 460 416 liteumens
471 357 504 415 de
513 357 684 414 vestimentis
695 359 760 428 tuis,
771 356 923 429 fecistitilri
938 358 967 426 A
1016 359 1109 429 (vers.
1126 356 1183 427 17.)
1203 358 1235 413 ut
1248 358 1338 414 tutati
1357 371 1424 413 vaso
1438 354 1542 414 decoris
1556 357 1598 412 tui
1610 353 1644 413 de
1658 370 1729 411 auro
1741 370 1802 412 meo

102 450 210 510 melsa
220 448 357 505 hincinde
364 450 520 517 consumet
527 448 792 519 somieotcmeuper
799 447 925 513 aiamim
980 449 1059 520 cipue
1073 450 1183 518 argento
1198 462 1256 502 meo
1271 446 1341 519 qaod
1355 446 1451 519 [Vulg.
1468 447 1539 518 pria]
1554 445 1616 502 dedi
1628 445 1682 501 tibi
1690 460 1702 507 ‚·
1722 447 1749 500 et
1761 445 1802 515 [e-

102 555 159 613 ηοη
168 546 208 595 est
216 540 329 610 suctum,
339 539 563 608 nequesuturum
572 540 622 592 est.
639 535 731 591 LXX:
746 537 780 590 Et
794 535 885 591 tulisti
894 534 927 590 de
978 536 1043 590 cisti
1056 536 1107 590 tibi
1122 536 1263 606 imupincs
1275 534 1455 606 masculinus,
1475 544 1500 592 et
1513 536 1650 606 fornicata
1665 550 1693 591 ee
1706 533 1739 588 ia
1752 534 1803 589 eia.

103 627 221 685 uestibus
234 628 299 695 tuis,
316 629 342 682 et
354 627 443 697 secuti
457 626 509 681 tibi
522 624 596 681 idola
611 628 734 692 consuta,
749 631 775 678 et
788 624 927 694 fornicata
978 624 1067 680 Juxta
1080 623 1206 681 litteram
1232 625 1372 681 Dominus
1387 626 1462 697 Lege
1475 625 1622 697 pracepit,
1647 627 1680 679 ut
1697 624 1807 679 fierent

103 733 133 774 er
147 732 230 789 super
244 716 293 782 eis,
308 717 333 771 et
347 730 403 770 noa
416 714 593 784 ingredieris,
608 728 695 785 necue
708 713 765 783 fiet.
790 710 926 782 Symma-
979 712 1141 778 thuribula,
1157 712 1273 784 phialae,
1289 712 1508 783 candelabrum,
1530 728 1598 768 arou
1612 710 1807 782 Testamenti,

104 805 178 864 chus
189 804 267 860 hunc
277 803 374 860 locum
387 804 429 859 ita
451 803 659 875 interpretatus
673 805 735 856 est:
752 799 872 872 Cumque
886 807 927 854 tu·
980 799 1195 870 cunctaquevel
1206 815 1294 854 aurea
1303 799 1347 855 vel
1359 800 1509 866 deaurata,
1522 804 1551 855 et
1560 798 1618 855 alia
1628 804 1807 872 exurgente,

104 895 181 951 lieres
193 892 227 950 dc
239 893 357 950 vestibus
372 894 438 956 tuis,
453 891 602 963 {ementiti
612 890 721 946 excelsu
730 889 925 954 multicoloria,
981 874 1158 959 quaomnia
1173 887 1309 943 eoutlavit
1318 888 1482 944 Jerusalem
1493 893 1521 944 et
1531 887 1655 944 vertitiu
1666 886 1745 944 idola
1757 888 1808 944 Be-

104 984 313 1055 clsoruicutucs
323 983 352 1037 iu
363 983 412 1049 cis,
426 996 481 1038 ηοη
491 983 661 1053 sudoreque
670 981 776 1049 futuru.
793 976 846 1033 Pro
858 992 926 1032 con·
981 976 1029 1047 lis,
1045 976 1105 1032 sive
1120 976 1227 1048 Baulis,
1251 976 1376 1033 Chamos
1391 982 1420 1032 et
1434 976 1582 1045 Astaroth,
1606 981 1634 1033 et
1648 975 1805 1032 Melchom.

104 1071 181 1130 eutis
196 1076 225 1128 et
236 1069 501 1127 versicoloribuset
510 1065 642 1135 excelsis,
657 1067 717 1124 sive
727 1065 823 1122 idolis.
836 1066 926 1137 Aqui·
980 1066 1068 1120 Juxta
1082 1064 1305 1137 intelligentiam
1321 1065 1518 1137 spiritualem,
1533 1068 1562 1121 et
1577 1066 1612 1121 de
1628 1081 1700 1122 auro
1716 1068 1745 1121 et
1759 1081 1805 1120 ar-

103 1161 135 1225 la
144 1164 174 1217 et
182 1159 343 1216 'theodotio
357 1152 548 1231 ἐμὸολίσματα
561 1155 788 1223 transtulerunt,
799 1155 876 1226 quod
887 1153 927 1209 si·
981 1157 1243 1226 gentosanotarum
1252 1154 1470 1226 seripturarum
1481 1153 1557 1210 idola
1567 1153 1702 1224 facimus,
1715 1170 1808 1226 quan·

106 1248 227 1323 gnificat
240 1246 370 1305 diversos
384 1263 497 1320 pannos
513 1245 581 1301 hine
596 1245 664 1300 inde
679 1247 828 1310 consutos,
845 1246 873 1297 et
883 1241 927 1296 in·
982 1243 1018 1297 do
1033 1242 1158 1315 gratiam
1175 1259 1281 1299 seusus
1296 1242 1505 1315 eteloquentire
1515 1242 1651 1299 haeretica
1663 1243 1807 1316 pravitate

107 1341 168 1395 star
177 1334 328 1408 emplastri
339 1337 449 1391 sactum
460 1334 583 1400 idolum,
594 1332 680 1405 quasi
694 1327 869 1407 aoldpp‘apov
881 1346 928 1386 va·
982 1330 1208 1401 corrumpimus,
1220 1337 1249 1387 et
1256 1331 1394 1404 ponimus
1404 1333 1432 1387 in
1442 1332 1513 1388 ooelo
1522 1349 1555 1388 os
1565 1336 1745 1402 nostrum,ct
1755 1331 1809 1388 lin·

106 1424 290 1482 stimeutum.
314 1423 435 1492 Vestivi,
459 1423 565 1495 inquit,
591 1426 619 1478 te
643 1419 879 1487 versicoloribus,
901 1422 930 1474 et
982 1438 1041 1494 gua
1055 1425 1155 1478 nostra
1171 1421 1330 1494 pertransit
1343 1422 1373 1476 in
1389 1425 1508 1478 terram.
1525 1421 1694 1478 Masculina
1707 1426 1807 1479 autem

106 1513 212 1568 induta
221 1529 253 1569 es
263 1513 361 1585 bysso,
377 1515 406 1567 et
415 1511 566 1585 polymito,
581 1515 610 1566 et
621 1509 781 1566 multarum
792 1509 929 1565 varietate
982 1511 1122 1567 dicuntur
1134 1510 1278 1583 imagines
1288 1510 1435 1582 inquibus
1447 1511 1544 1568 omnis
1554 1510 1675 1569 haeresis
1685 1512 1808 1569 fornica-

106 1602 278 1658 lormarum.
301 1601 344 1656 Tu
368 1605 466 1658 autem
486 1600 661 1656 vestimenta
674 1603 726 1654 tua
740 1597 848 1670 quibus
865 1613 930 1652 mea
983 1604 1040 1669 tur,
1058 1616 1092 1655 ex
1106 1600 1229 1671 eoquod
1246 1598 1451 1671 unusquisque
1464 1616 1495 1655 sc
1505 1604 1589 1671 putat
1598 1600 1809 1658 robustissima

104 1688 241 1763 largitate
255 1690 363 1746 donata
375 1705 417 1757 es,
433 1688 546 1745 tulisti:
563 1693 592 1745 et
605 1687 699 1744 iecisti
714 1686 768 1743 tibi
781 1686 868 1754 idola,
883 1684 928 1741 vel
983 1687 1086 1756 colere,
1099 1683 1139 1744 'ct
1152 1687 1259 1744 habore
1272 1704 1335 1759 quas
1351 1688 1445 1754 finxit,
1468 1704 1521 1743 uec
1537 1688 1597 1744 ulla
1612 1705 1700 1762 posse
1714 1706 1809 1762 oppu-

8 1829 9 1834 ,
107 1778 321 1851 excelsaque
350 1774 928 1846 llehraicedicuntureauorulntm)‚
983 1777 1121 1850 guntione
1142 1777 1281 1832 subverti.
1302 1779 1351 1831 Ha
1367 1781 1437 1832 sunt
1452 1776 1596 1850 imagines
1611 1794 1686 1850 quas
1702 1779 1738 1834 de
1754 1795 1807 1834 no·

107 1867 187 1941 quod
198 1883 362 1938 numquam
373 1869 440 1922 ante
451 1865 626 1932 factumest,
639 1880 732 1937 neque
743 1865 793 1919 llet
804 1881 811 1931 ;
824 1868 929 1935 utqum
983 1870 1044 1921 stro
1060 1863 1147 1921 corde
1162 1865 1368 1933 confinximus,
1385 1871 1414 1921 et
1433 1882 1496 1937 qua
1518 1867 1548 1921 iu
1564 1865 1670 1922 caelesti
1685 1868 1810 1923 Jerusa-

107 1954 254 2029 acceperis
268 1955 304 2011 ad
320 1957 468 2022 ornatum,
483 1954 670 2010 transtuleris
680 1953 716 2009 ad
727 1951 866 2024 injuriam
878 1952 928 2006 do·
983 1954 1040 2010 lem
1056 1953 1238 2010 destruendas
1254 1957 1333 2021 sunt,
1350 1955 1385 2009 dc
1401 1955 1509 2026 quibus
1525 1954 1669 2027 Propheta
1680 1973 1810 2029 pronun·

107 2044 230 2100 naturis.
264 2044 345 2108 Quod
381 2057 470 2116 super
502 2042 665 2099 Jerusalem
690 2044 775 2114 juxta
802 2041 929 2097 litteram
983 2042 1055 2098 tiat:
1072 2042 1196 2110 Domine,
1213 2044 1809 2116 incivitatetuuirnuqiuemipsorumdissi·

108 2130 233 2205 intelligi
262 2135 367 2205 potest,
399 2136 433 2187 ut
465 2132 564 2188 omnia
596 2134 740 2204 praeopta
773 2128 868 2201 Legis,
900 2132 931 2184 et
981 2130 1130 2203 pulis(Ps.
1151 2148 1235 2203 narn,
1251 2131 1308 2203 20).
1333 2132 1516 2204 Quicumque
1540 2132 1619 2189 euim
1639 2133 1727 2190 homo
1752 2136 1809 2200 est,

61 2285 65 2292 ,
108 2221 225 2279 divitias
240 2237 274 2279 ac
288 2237 387 2278 rerum
402 2221 536 2277 omnium
551 2219 762 2276 abundantiam
779 2217 864 2274 idolis
880 2217 930 2272 de·
984 2222 1012 2274 et
1027 2219 1077 2275 Dei
1098 2236 1203 2276 nomeu
1226 2219 1335 2289 amisit,
1358 2219 1467 2275 dicitur
1487 2221 1522 2276 de
1536 2238 1591 2277 eo:
1617 2224 1811 2279 Venamtumcn

109 2310 264 2384 putaverit,
293 2311 372 2383 quod
398 2316 470 2383 geu's
494 2309 551 2366 alia
574 2327 633 2370 non
657 2308 767 2375 lecerit,
794 2324 847 2364 nee
869 2306 929 2362 lac·
985 2309 1015 2363 in
1028 2308 1811 2382 imagineperumtuluttroumverumtumeolrustrccou·

108 2404 177 2456 tura
204 2398 252 2456 sit.
281 2398 389 2455 Omnes
417 2398 495 2455 enim
524 2397 657 2454 nationes
685 2414 749 2470 qum
778 2413 795 2452 a
823 2393 930 2467 princi·
984 2397 1112 2454 turbatur
1124 2401 1182 2466 (Ρη.
1197 2415 1304 2464 xxxvii,
1318 2398 1358 2469 7).
1376 2397 1435 2454 Nos
1450 2403 1547 2454 autem
1560 2415 1652 2455 unum
1664 2400 1810 2456 habemus

109 2487 158 2562 pio
187 2486 273 2544 idolis
306 2487 479 2558 servierunt,
511 2503 570 2542 non
603 2486 677 2542 tanti
711 2484 844 2542 criminis
877 2499 930 2538 rea
984 2487 1091 2554 virum,
1113 2491 1143 2542 et
1166 2503 1256 2542 unam
1281 2502 1456 2543 veneramur
1478 2486 1649 2560 imaginem,
1676 2505 1739 2561 qum
1764 2492 1811 2545 est

109 2580 189 2634 eunt.
213 2577 319 2633 Nostra
343 2580 441 2634 eutem
463 2575 636 2647 Jerusalem,
667 2592 730 2647 quae
758 2574 931 2645 iuterpreta-
985 2574 1083 2647 imago
1097 2573 1255 2630 invisibilis
1269 2577 1297 2629 et
1311 2573 1521 2646 omnipotentis
1535 2575 1596 2631 Dei.

108 2670 168 2738 tur,
178 2667 246 2722 risio
253 2667 342 2738 pacis,
352 2665 389 2721 ab
400 2664 537 2721 hariticis
546 2664 700 2737 seiuditur,
710 2665 828 2735 quaudo
838 2677 931 2719 unum
1021 2663 1115 2734 (Vera.
1128 2663 1181 2733 18.)
1192 2664 1223 2718 Et
1231 2664 1375 2734 sumpsisti
1384 2665 1543 2719 uestimenta
1552 2668 1601 2720 tua
1609 2666 1808 2735 multicoloria,

110 2757 140 2811 et
154 2753 278 2809 alterum
297 2752 500 2809 testimonium
524 2752 741 2824 Scripturarum
756 2754 792 2808 de
805 2751 933 2825 propriis
986 2752 1162 2822 scopentur·
1176 2752 1240 2806 illos
1252 2770 1262 2806 .·
1281 2751 1457 2809 subauditur
1471 2755 1606 2824 imagines
1619 2755 1808 2812 massaliam:

111 2844 265 2914 carpentes
280 2839 362 2908 locis,
378 2845 522 2896 conantur
537 2857 654 2896 assuere
668 2840 725 2908 his,
751 2840 858 2912 quihus
874 2859 931 2898 non
986 2844 1019 2895 ut
1030 2856 1146 2895 omnem
1158 2838 1269 2896 cultum
1281 2856 1368 2912 quem
1380 2843 1576 2913 acceperatad
1587 2844 1811 2912 utendum,ver·

111 2932 224 3002 queunt
238 2933 383 3002 coaptare.
404 2929 447 2984 Ad
463 2945 536 3001 quos
552 2932 684 3002 utsupra
699 2930 809 2984 dictum
832 2930 861 2984 in
878 2930 933 2986 lroo
986 2928 1104 2985 teretia
1120 2927 1345 3001 blasphemiam.
1363 2929 1421 2985 Hoc
1434 2934 1531 2987 autem
1542 2931 1678 3005 facimus,
1694 2935 1810 3005 quotics

111 3019 213 3079 codem
229 3016 370 3091 propheta
384 3015 528 3090 legimus:
546 3018 589 3073 Voe
608 3017 651 3073 lia
666 3019 714 3089 qui
727 3022 860 3074 consuunt
875 3035 933 3074 eer-
987 3017 1152 3089 prudentia,
1176 3018 1378 3090 temperantia,
1401 3019 1580 3086 fortitudine,
1592 3021 1722 3093 justitia,
1739 3039 1810 3079 cun·

111 3107 276 3164 nuntiusad
290 3108 367 3163 omui
379 3108 470 3162 raddo
484 3123 593 3173 marrus,
608 3114 634 3162 et
646 3108 752 3178 fuciunt
762 3109 934 3191 operimento
948 3091 969 3159 G
988 3107 1101 3178 otisque
1110 3106 1268 3162 virtutibus
1278 3106 1444 3163 haereticam
1458 3107 1676 3167 circumdamus
1687 3111 1810 3184 pravita-

63 3241 71 3255 .
113 3213 198 3269 cuper
219 3200 300 3268 caput
321 3197 459 3253 universae
478 3197 566 3251 elutis
589 3195 664 3267 (Sap.
686 3196 832 3268 arn,18):
858 3198 935 3268 quod
989 3199 1060 3265 tem,
1072 3196 1127 3251 sub
1138 3195 1288 3252 occasione
1299 3211 1412 3264 earum,
1428 3196 1577 3268 simplices
1589 3214 1724 3271 quosque
1733 3200 1810 3256 daci·

112 3283 256 3341 Dominus
278 3284 341 3340 fieri
366 3283 534 3356 prohibens,
558 3282 690 3356 loquitur
705 3283 735 3339 in
759 3285 933 3358 Evangelio:
989 3283 1812 3356 pimus;utvidentesmallavirtutum,vitiorumvencna

112 3372 935 3444 Neamassumitaommiasuramprinuirudiainueterivesti·
988 3389 1046 3427 uon
1062 3377 1190 3429 caveant.

111 3465 215 3519 meato.
227 3462 356 3533 Alioquin
365 3460 479 3517 toltitde
486 3461 660 3533 plenitudine
669 3462 739 3532 ejus,
750 3469 776 3517 et
784 3462 862 3533 pejor
870 3464 934 3518 scie·
1024 3463 1055 3517 lt
1077 3463 1168 3518 oleum
1190 3478 1292 3533 mcum,
1308 3470 1333 3519 at
1354 3464 1508 3535 thymiama
1523 3481 1625 3534 meum,
1640 3470 1759 3538 poenali
1772 3485 1813 3527 cc·

110 3569 177 3629 euru
190 3552 268 3623 tici:
282 3567 331 3606 nec
345 3552 458 3607 mittunt
472 3553 569 3606 uinum
584 3541 684 3606 nouum
700 3551 730 3605 in
744 3561 818 3606 utres
834 3559 933 3607 ueteres
985 3566 1047 3605 ram
1067 3552 1116 3607 eis.
1138 3552 1170 3606 Et
1190 3568 1291 3624 panem
1313 3568 1405 3608 mecm
1427 3553 1499 3626 (sive
1520 3559 1551 3608 ut
1568 3554 1634 3611 LXX
1648 3557 1808 3615 transtule-

110 3641 216 3714 (lluttlr.
236 3656 274 3711 ix,
290 3640 334 3711 lu,
354 3638 409 3711 17).
426 3638 512 3696 Tales
526 3643 596 3695 sunt
609 3639 743 3705 Nazaraei,
761 3638 810 3712 qui
826 3639 931 3696 veteris
986 3643 1065 3711 runt,
1081 3641 1343 3709 pouesmeos,1tl³
1363 3657 1442 3714 quem
1456 3642 1518 3697 dedi
1532 3645 1585 3699 titi
1598 3661 1608 3705 ,¹
1630 3646 1764 3715 simitum,
1786 3651 1812 3704 ct

112 3730 199 3804 Legis
213 3728 437 3796 observantiam,
454 3728 633 3807 Evangelicae
652 3727 752 3800 gratia
767 3732 868 3800 aptare
883 3745 931 3785 co·
985 3728 1086 3796 oleum,
1103 3735 1128 3784 ct
1141 3729 1204 3796 mol,
1220 3729 1317 3799 urricus
1332 3732 1454 3785 eautnui
1471 3739 1506 3800 te,
1521 3734 1637 3802 puerculi
1650 3749 1683 3790 ec
1697 3737 1729 3790 ia
1743 3751 1811 3793 coa·

42 3870 46 3877 .
109 3823 225 3877 uantur.
242 3819 276 3874 lli
288 3831 391 3874 omues
404 3817 542 3886 haretici,
559 3817 609 3889 qui
623 3816 826 3873 testimonium
837 3818 865 3873 iu
877 3835 931 3875 suo
984 3819 1074 3889 spectu
1089 3833 1183 3873 eorum
1195 3820 1225 3872 in
1234 3818 1343 3874 odorum
1352 3820 1507 3876 suavitatis.
1525 3819 1626 3876 Oleum
1639 3822 1676 3878 de
1688 3839 1747 3895 quo
1760 3841 1810 3880 su-

108 3907 172 3966 loco
187 3906 270 3964 alteri
286 3905 386 3963 sensui
397 3921 572 3978 congruens,
588 3905 670 3962 alteri
681 3906 816 3962 nituntur
830 3924 930 3964 assuc-
985 3906 1192 3978 prediximus,
1209 3912 1237 3963 et
1252 3906 1424 3980 thymiama,
1440 3910 1500 3965 sive
1515 3909 1680 3980 incensum,
1696 3913 1732 3968 de
1748 3930 1807 3985 quo

108 4012 157 4054 re:
174 4012 241 4052 oum
258 3995 409 4051 [lominica
423 3993 522 4050 tunica
536 3994 663 4067 desuper
674 3998 752 4051 texta
762 3999 928 4067 pertotum,
984 3994 1142 4052 Psalmista
1155 3995 1317 4068 proclamat
1333 4015 1340 4052 :
1358 3998 1811 4067 dirigaturorutiomeasimrtin·

108 4085 203 4143 scindi
218 4083 339 4141 omniuo
353 4099 411 4139 nou
428 4082 531 4155 possit,
547 4083 597 4139 sed
614 4087 691 4139 texta
703 4084 812 4155 Spiritu
829 4090 929 4140 sancto
983 4101 1093 4141 censum
1108 4087 1138 4140 in
1153 4094 1297 4157 conspectu
1307 4093 1355 4142 tuo
1371 4087 1427 4158 (Pa.
1444 4103 1506 4154 oxa,
1522 4087 1566 4159 2);
1583 4091 1611 4144 ct
1627 4104 1721 4159 panes
1742 4107 1809 4162 pro-

108 4173 220 4231 nullam
231 4173 353 4245 recipiat
368 4173 444 4228 162
456 4172 639 4228 scissionem.
656 4173 737 4238 Quod
748 4178 847 4229 antem
858 4173 929 4230 dici·
985 4173 1149 4247 positionis,
1174 4190 1248 4245 quos
1272 4179 1329 4230 Deo
1351 4175 1492 4246 jubemur
1519 4175 1618 4232 offerre
1635 4192 1642 4231 :
1673 4176 1809 4235 similam

106 4267 157 4321 tur
175 4265 262 4336 juxta
276 4252 363 4333 LXX,
385 4268 411 4318 et
423 4276 480 4316 ηηη
493 4261 611 4317 intrabis
625 4277 711 4333 neque
725 4264 787 4329 erit,
811 4262 865 4318 hoc
886 4263 927 4320 si·
941 4249 963 4315 G
982 4279 1110 4336 quoquo,
1120 4279 1239 4319 sensum
1249 4264 1441 4336 purissimum
1451 4267 1529 4321 164
1538 4265 1769 4339 scripturarum,
1779 4272 1809 4325 et

106 4352 228 4427 gnificat
245 4369 253 4408 :
276 4366 342 4406 cum
357 4349 411 4406 tibi
426 4349 504 4406 idola
520 4349 622 4406 leceris
637 4366 839 4421 perversorum
855 4353 927 4425 dog·
983 4351 1050 4419 mel,
1074 4353 1152 4425 quod
1169 4353 1298 4425 gustavit
1312 4353 1468 4425 Jonathau,
1493 4360 1522 4410 et
1537 4354 1629 4428 aperti
1644 4360 1716 4411 suut
1731 4356 1809 4413 oculi

107 4444 231 4512 matum,
256 4457 321 4512 quae
334 4439 487 4496 arbitraris
509 4438 645 4495 excelsa:
669 4443 698 4495 et
722 4440 864 4496 fornicata
885 4442 927 4498 sis
983 4442 1047 4513 ejus
1061 4445 1090 4498 et
1105 4442 1285 4498 ooulortalus
1303 4447 1347 4498 est
1369 4443 1391 4513 (l
1407 4444 1470 4512 lieo.
1486 4445 1557 4516 xiv),
1579 4443 1677 4516 posuit
1699 4446 1808 4502 misera

106 4545 196 4603 super
207 4529 260 4600 eis,
272 4528 393 4585 eredens
404 4529 432 4583 in
444 4528 491 4584 his
501 4545 565 4599 qum
575 4527 640 4600 ipsa
651 4527 770 4596 tinxisti,
784 4529 927 4600 templum
982 4530 1145 4587 Jerusalem
1161 4532 1189 4585 in
1207 4535 1363 4603 conspeetu
1376 4532 1533 4596 idolorum,
1549 4532 1610 4588 sive
1621 4548 1721 4590 coram
1731 4535 1806 4590 ima-

104 4619 154 4676 Dci
169 4618 278 4675 intrare
293 4634 352 4674 non
367 4618 487 4690 potaris.
504 4617 538 4671 ut
552 4616 711 4672 simulacra
725 4621 776 4672 tua
792 4618 928 4674 substau-
981 4619 1291 4692 ginihusmasculinis,
1303 4625 1336 4676 ut
1346 4621 1501 4677 essenthis
1513 4623 1671 4680 inodorem
1683 4623 1808 4680 suavila-

103 4709 176 4767 tiam
188 4725 246 4766 uon
257 4707 419 4772 habebunt,
434 4721 529 4777 neque
543 4705 668 4762 eruntin
680 4709 867 4778 perpetuum,
883 4707 927 4762 di·
981 4707 1029 4774 tis,
1047 4725 1110 4780 quae
1124 4713 1229 4764 natura
1244 4726 1298 4764 sua
1312 4708 1409 4764 dulcia
1424 4714 1494 4765 sunt
1508 4715 1596 4782 atque
1611 4711 1806 4769 suavissima:

103 4803 187 4855 cente
201 4794 340 4870 Apostolo
359 4812 366 4853 :
391 4795 497 4852 Scimus
512 4796 585 4851 enim
599 4796 664 4866 quic
678 4795 752 4850 uitii
770 4802 809 4851 est
823 4795 928 4852 idolum
980 4797 1032 4853 sed
1048 4797 1118 4852 dum
1135 4798 1297 4854 offeruntur
1310 4797 1396 4854 idolis
1412 4797 1552 4871 falsisque
1568 4798 1720 4871 doctrinis,
1742 4817 1807 4859 ver·

102 4887 135 4942 1η
146 4886 249 4943 mundo
263 4887 287 4958 (l
303 4886 364 4944 Cor.
379 4899 441 4958 vur,
457 4884 495 4956 4).
980 4889 1084 4942 tantur
1098 4886 1128 4942 in
1143 4887 1381 4944 amaritudinem.

1388 5040 1789 5055 Ἥ

578 5223 580 5227 ψ
668 5162 877 5287 arnan
925 5163 1234 5276 Qurunus

850 5352 1061 5367 m—

135 5458 310 5518 toz-m
322 5455 365 5515 Ne
380 5455 523 5517 librorum
546 5471 687 5516 uumerus
711 5459 919 5532 conscindatur,
975 5463 1122 5520 luminum
1138 5463 1208 5519 ordo
1223 5463 1351 5530 vitiatur,
1368 5463 1607 5538 praefatiunculas
1624 5462 1753 5538 siugulis
1769 5464 1807 5523 li-

99 5548 287 5627 etperlonga
296 5554 462 5625 temporum
472 5548 735 5625 spatiadiviscruru
744 5550 820 5608 iuter
832 5565 864 5610 se
873 5568 921 5611 vc·
975 5552 1035 5612 bris
1060 5553 1226 5630 preposui:
1252 5557 1284 5611 ut
1308 5570 1342 5612 ex
1365 5555 1461 5613 fronte
1480 5553 1559 5614 tituli
1582 5555 1688 5616 statim
1710 5554 1807 5619 lector
