3840 6098
107 264 170 328 229
401 259 774 332 commentationum
797 271 836 330 ΙΝ
860 266 1108 333 naucularum
1132 273 1205 333 ute.
1227 272 1295 335 Vll.
1318 271 1403 335 CAP.
1426 269 1534 335 XXlV.
1754 273 1816 338 230

102 396 211 469 pulum
226 401 392 469 mene‚sicut
400 401 804 471 mecceperatmibi,etrnortuu
817 410 937 457 cstuuor
950 404 978 469 Α
992 402 1073 458 salon
1090 403 1183 459 lilium
1200 403 1325 475 fugiens,
1341 409 1370 459 et
1384 404 1527 476 pestilens
1542 420 1631 476 super
1642 420 1711 461 nece
1726 404 1811 478 Uria,

103 502 169 540 mea
185 489 304 558 trcspcri,
319 489 426 558 fecique
439 505 521 544 manc
534 490 605 545 sicut
617 498 784 560 praeceptum
799 498 837 545 est
853 490 933 546 nribi.
991 490 1078 547 nudis
1093 492 1217 563 pedibus
1232 492 1339 548 incedit
1353 493 1377 563 (l
1390 495 1454 561 licq.
1470 510 1521 561 xa,
1545 511 1591 557 xv.
1612 497 1703 562 mnu).
1723 494 1814 551 Aiunt

103 575 136 628 Et
148 574 228 628 duait
243 574 281 630 ad
302 591 347 631 me
367 575 504 647 populus:
528 591 584 632 non
609 579 761 632 annuntias
773 577 852 634 nobis
866 579 937 650 quid
990 580 1101 635 liebraei
1115 580 1268 652 hucusque
1282 580 1458 654 Babylonios
1473 582 1631 655 magistros
1645 583 1727 656 Legis
1740 600 1813 655 pra-

101 671 165 718 sont
178 663 246 720 baec
261 678 325 735 quse
338 671 366 719 tu
379 664 472 735 sacis?
485 666 519 720 Et
532 664 594 720 diei
607 665 642 721 ud
664 667 815 732 cos,Sermo
825 668 936 723 Domini
989 673 1071 741 cepta
1084 669 1416 743 servantes,deealognm
1426 671 1464 743 (a)
1475 671 1618 742 seriptum
1627 671 1657 727 in
1669 673 1815 729 membra-

100 751 196 822 qoam
211 760 254 807 est
268 752 304 807 ad
318 752 484 819 medicens:
500 755 549 810 llic
562 753 598 809 ad
618 755 729 810 domum
751 755 855 810 lsrael:
870 759 935 813 llaeo
989 756 1068 814 nulle
1084 759 1266 814 circumdare
1278 760 1365 832 capiti
1389 776 1454 824 eno,
1468 764 1497 815 et
1520 759 1581 815 hae
1596 775 1661 816 esee
1685 777 1748 832 que
1760 748 1822 832 ju-'

101 839 168 895 dicit
183 840 298 896 Adonai
309 842 440 898 Dominus
456 860 463 897 :
479 846 545 898 Ecce
559 859 608 912 eqo
631 844 822 899 contaminabo
840 849 935 901 sancta
989 846 1113 902 beantur
1129 851 1195 903 ante
1210 848 1309 904 oeulos
1325 852 1354 904 et
1364 848 1393 904 in
1406 849 1499 904 trente
1510 848 1682 920 pendere‚ut
1693 866 1811 922 semper

101 945 171 996 mea,
182 930 349 999 superbiam
358 931 531 1000 fortitudinis
540 940 649 1000 restra),
663 931 861 988 desiderabilia
871 949 933 989 ocu-
987 934 1105 990 videant
1119 951 1182 1008 quae
1197 938 1480 1009 praecepissemus
1494 937 1564 1007 quia
1573 936 1703 993 Ezechiel
1719 955 1814 996 sacer·

102 1016 642 1092 lorumrestrornmetquibusparcuni
652 1023 752 1076 animae
769 1029 872 1078 uestra.
889 1023 934 1078 m·-
988 1021 1119 1090 doserat,
1129 1039 1314 1095 nequaqnam
1328 1040 1394 1080 eum
1405 1024 1661 1095 deberedeponere
1674 1040 1812 1081 coronam

102 1108 134 1160 lii
147 1109 238 1163 erestri
251 1112 281 1162 et
294 1109 362 1176 filiae
376 1112 476 1166 rema
488 1125 554 1182 quos
569 1110 731 1180 reliquistis,
742 1112 772 1165 in
786 1111 878 1182 qiudio
891 1127 934 1166 ca·
988 1110 1180 1182 gloriationis,
1197 1114 1247 1168 sed
1272 1112 1391 1184 ligatam
1407 1114 1514 1169 babere
1529 1114 1559 1168 in
1576 1113 1678 1185 capite.
1702 1116 1759 1171 lloe
1769 1115 1813 1172 illi

102 1192 175 1260 dent,
190 1199 219 1248 et
231 1195 346 1265 [acidis
359 1196 432 1251 siout
443 1197 507 1266 feci.
522 1197 574 1253 Ore
596 1214 688 1253 eorum
712 1215 768 1253 non
782 1199 933 1255 consolabi-
988 1199 1123 1257 dixerint.
1141 1201 1200 1256 Nes
1215 1206 1324 1270 autem,
1341 1202 1426 1273 juxta
1443 1202 1520 1271 LXX,
1537 1219 1674 1259 eoronam
1691 1203 1811 1275 capillo·

102 1284 184 1347 mini,
195 1291 223 1338 et
235 1286 475 1354 panemuirorum
484 1302 539 1341 non
549 1287 733 1353 comedebant
742 1303 827 1346 omncs
837 1293 934 1346 vestrm
988 1304 1053 1343 rum
1069 1288 1271 1361 intelligamus
1284 1290 1448 1346 caesariem:
1460 1290 1528 1346 lieet
1542 1295 1570 1346 et
1580 1291 1711 1363 ipsorum
1723 1292 1813 1348 inter-

101 1387 183 1442 super
195 1374 297 1443 capita
311 1381 411 1439 oestro,
426 1378 454 1430 et
466 1376 648 1432 calciamenta
660 1383 748 1432 uestro
769 1378 800 1432 in
820 1377 932 1449 pedibus
987 1378 1111 1449 prelatio
1124 1395 1310 1451 naquaquam
1325 1380 1383 1435 vim
1394 1379 1526 1436 Hebraiei
1538 1382 1683 1437 sermonis
1695 1399 1813 1455 expres·

103 1463 209 1516 emtis.
224 1462 288 1516 Non
300 1462 438 1532 ptanqctis
451 1479 501 1519 nco
522 1465 630 1534 flebitis,
646 1473 671 1520 et
685 1469 885 1522 consumemini
903 1468 933 1524 in
988 1467 1069 1522 serit.
1084 1467 1141 1523 Neo
1156 1469 1275 1534 amictu,
1292 1469 1398 1540 inquit,
1414 1485 1466 1524 ora
1476 1467 1598 1539 velabis,
1616 1471 1757 1527 neeeibos
1767 1471 1814 1527 lu-

103 1550 299 1620 iniquitatibus
314 1551 422 1618 restris,
438 1555 465 1606 ct
479 1554 665 1609 consolabitur
677 1558 862 1627 unusquisque
872 1557 932 1630 sru-
986 1555 1117 1627 gentium
1133 1556 1413 1629 eapies‚quaesolent
1424 1557 1452 1613 in
1469 1557 1629 1625 luctaturi,
1642 1559 1816 1631 utaperiant

100 1646 175 1692 trem
188 1655 280 1706 suum,
297 1640 323 1693 el
338 1642 392 1694 erit
405 1641 538 1697 lezccbiel
551 1642 626 1698 robis
641 1645 674 1698 in
695 1649 862 1714 portentum.
882 1646 931 1702 Se·
986 1643 1112 1715 vultum,
1127 1650 1156 1700 et
1168 1662 1231 1718 quse
1245 1642 1504 1720 Graeeinspliunm
1518 1651 1632 1715 vocant,
1649 1649 1825 1705 aeonsola-'

100 1726 220 1782 cundum
233 1730 334 1784 ornnia
356 1745 415 1799 quae
437 1730 503 1800 tecit
527 1731 643 1800 focutis.
674 1731 794 1802 Cumque
810 1735 932 1790 nemun
948 1763 971 1828 B
986 1730 1099 1786 toribus
1114 1733 1267 1803 accipiant.
1279 1734 1405 1789 Locutus
1415 1750 1492 1801 sum,
1503 1734 1608 1806 inquit,
1617 1736 1653 1790 ad
1668 1736 1813 1808 populum

100 1816 162 1880 berc,
179 1819 356 1884 cognoscetis
371 1820 500 1888 quonium
511 1834 557 1890 eqo
571 1819 678 1875 Adonai
692 1821 833 1877 limuisses,
842 1827 875 1878 at
889 1826 930 1894 lu,
987 1836 1082 1890 mane,
1094 1837 1157 1892 qun
1170 1821 1241 1876 mibi
1252 1822 1604 1894 Dominnsimperarat,et
1613 1827 1726 1897 vesperi
1739 1842 1816 1883 mor·

100 1905 292 1975 binominis,
308 1921 401 1961 nonne
415 1909 446 1962 in
468 1909 512 1963 die
535 1909 644 1979 quondo
668 1910 806 1966 abstulero
820 1914 932 1982 fortitu·
985 1912 1037 1963 tua
1051 1914 1096 1965 est
1119 1927 1190 1966 uxor
1214 1927 1288 1978 maa,
1305 1911 1456 1967 oculorum
1475 1911 1680 1979 desiderabile,
1698 1914 1814 1972 lumbo·

101 2010 158 2049 mm
170 1995 932 2066 abmactationemqlomationiseorum,dcsidcrabilia
987 2014 1112 2069 rumque
1128 2005 1157 2055 et
1172 2000 1325 2072 sanguinis
1340 1999 1447 2056 luetus.
1474 2001 1639 2074 Statimque
1653 2002 1699 2058 die
1720 2004 1814 2062 altera

99 2085 244 2138 melonum
260 2099 369 2155 eorum,
386 2092 413 2141 et
424 2088 570 2143 elationem
584 2088 688 2144 animm
702 2103 807 2155 eorum,
820 2089 891 2158 filios
906 2093 932 2145 et
987 2103 1072 2143 mane
1087 2087 1140 2143 ieci
1155 2089 1254 2144 omnia
1264 2089 1408 2160 quaemihi
1423 2090 1540 2145 buerant
1550 2090 1710 2162 imperata:
1725 2092 1815 2149 inter-

99 2173 169 2241 ilias
184 2188 299 2228 corum.
316 2177 352 2228 ln
365 2173 409 2229 dic
424 2174 476 2229 illa
489 2177 579 2231 ueniet
589 2176 637 2246 qui
647 2176 739 2231 saluus
747 2178 932 2248 taetusfuerit
987 2176 1155 2248 rogavitque
1166 2194 1212 2233 me
1228 2178 1363 2250 populas,
1378 2196 1432 2234 our
1441 2182 1545 2234 eontra
1557 2195 1668 2236 morem
1680 2181 1813 2240 omnium

99 2261 132 2315 ad
158 2277 193 2315 e:
211 2269 243 2317 ut
256 2264 405 2318 annuntiet
418 2264 449 2318 in
462 2265 579 2319 auribus
594 2267 659 2320 tuis.
672 2267 701 2320 ln
710 2265 756 2321 die
766 2267 815 2321 illa
826 2270 933 2339 aperie·
987 2265 1114 2320 ieeerim.
1131 2266 1299 2338 Caussaque
1325 2267 1524 2338 quarentibus
1542 2272 1627 2322 tantae
1650 2270 1813 2340 patientia,

99 2353 145 2404 tur
158 2366 188 2405 os
202 2355 288 2406 tuum
301 2351 337 2406 ad
351 2368 415 2406 mern
429 2355 479 2423 qui
491 2354 604 2424 iuqerit,
620 2355 818 2425 ottoqueris,ct
831 2373 933 2428 nequo·
985 2354 1119 2425 respondi
1135 2373 1140 2409 :
1167 2355 1267 2410 Sermo
1286 2355 1399 2410 Domini
1416 2355 1466 2427 qui
1484 2357 1520 2411 ad
1536 2372 1583 2411 me
1598 2357 1692 2413 iaetus
1707 2363 1762 2426 est,
1779 2364 1813 2416 ut

99 2456 181 2510 qaam
196 2440 278 2495 ultro
292 2441 428 2508 reticebis,
443 2445 470 2496 el
484 2443 539 2497 eris
555 2444 595 2497 eis
610 2443 640 2497 in
655 2447 824 2514 portentum,
848 2453 874 2500 et
888 2461 930 2500 co·

98 2536 228 2598 qaoscenl
242 2531 375 2599 quoniam
391 2530 684 2603 equominus.Supra
694 2531 757 2587 olle
770 2532 932 2605 lebetisque

100 2618 268 2688 succensio,
285 2618 471 2674 obsidionem
488 2619 569 2675 urhis
584 2621 760 2688 ostenderat,
788 2639 865 2677 nune
881 2638 931 2677 ca·

99 2713 178 2777 ptam
196 2706 878 2782 eamatquedeletam,etomnempopulumne!
890 2711 933 2765 in-

99 2795 260 2850 teriectum
277 2794 387 2867 gladia,
404 2794 447 2850 vel
459 2796 579 2852 ductum
596 2798 625 2851 in
641 2799 848 2868 captivitatem,
866 2816 931 2872 pro-

101 2883 232 2955 phetalis
244 2899 343 2939 sermo
351 2887 486 2939 testatur.
498 2886 533 2940 ut
544 2884 673 2957 primam
679 2887 765 2957 juxta
775 2894 932 2943 eonsuetu-

100 2972 203 3027 dinem
219 2972 932 3048 nostram,bistorissfundamentajaeiamus.Fili,

99 3060 212 3135 inquit,
230 3060 376 3128 hominis,
391 3078 457 3118 ecee
473 3064 649 3128 anleramde
665 3069 823 3137 conspeetu
834 3067 932 3121 oeulo-

986 2442 1020 2496 ad
1038 2441 1177 2512 populum
1191 2443 1276 2498 lsrael
1286 2444 1430 2515 loquerer,
1445 2444 1501 2500 isla
1512 2445 1662 2516 praecepit:
1680 2449 1745 2503 Ecce
1756 2464 1815 2519 eqo,

986 2530 1059 2586 281
1078 2530 1107 2585 id
1128 2533 1252 2602 estjam
1266 2548 1341 2587 rrunc
1353 2533 1476 2603 polluam
1496 2536 1691 2590 sanctuarium
1704 2553 1811 2608 meum,

988 2623 1019 2672 ut
1030 2619 1202 2674 incendatur
1211 2619 1353 2690 templum
1366 2623 1394 2675 et
1404 2621 1518 2675 eunetis
1530 2619 1702 2693 alienigenis
1714 2626 1813 2694 pateat

987 2724 1020 2763 ac
1036 2708 1175 2779 prolenis,
1190 2712 1218 2763 et
1234 2708 1262 2763 in
1279 2725 1336 2780 quo
1353 2708 1507 2764 habebatis
1528 2709 1709 2779 superbiam,
1724 2711 1753 2766 id
1769 2728 1812 2781 es,

987 2798 1194 2853 confidentiam
1210 2803 1238 2852 et
1248 2815 1330 2870 spem
1346 2815 1378 2854 ae
1389 2797 1567 2854 desiderium
1578 2797 1683 2855 salutis
1697 2788 1817 2855 vestiat

986 2892 1016 2941 at
1027 2887 1062 2941 ad
1074 2888 1159 2957 eujus
1171 2886 1353 2943 obsidionem
1367 2890 1469 2943 vestrae
1480 2887 1585 2941 anima
1596 2888 1807 2946 lormidabant:

987 2979 1015 3031 et
1031 2974 1106 3031 filins
1122 2980 1277 3047 quoquest
1291 2973 1366 3031 blias
1382 2992 1455 3046 quos
1470 2975 1553 3031 vobis
1569 2975 1662 3032 sames
1677 2993 1710 3032 aa
1725 2977 1814 3049 pesti·

987 3063 1213 3136 lentiareliques
1224 3065 1359 3131 lacerant,
1367 3080 1540 3120 consumam
1548 3064 1814 3138 gladio.Quidquid

101 3166 168 3204 ram
187 3154 312 3205 tuorum
327 3149 468 3221 quidquid
482 3151 532 3206 tibi
544 3151 736 3208 desiderabile
748 3157 800 3220 eat,
817 3158 844 3209 el
855 3128 968 3210 aule·C
987 3170 1040 3225 ego
1058 3153 1120 3219 leci,
1135 3157 1165 3208 et
1179 3170 1230 3209 vos
1245 3152 1366 3209 iacietis.
1383 3154 1504 3218 Quando
1523 3155 1706 3210 consuetudo
1720 3171 1816 3210 serra·

102 3255 165 3294 ram
183 3240 216 3293 in
225 3239 326 3311 ptaqa,
342 3238 412 3309 sive,
429 3244 461 3294 ut
476 3240 544 3295 LXX
567 3245 725 3312 verterunt,
742 3244 772 3297 in
794 3259 934 3314 prepara·

101 3329 201 3384 tione:
216 3332 251 3382 ut
267 3327 401 3384 videlicet
415 3345 561 3402 preparas
574 3333 603 3385 te
618 3330 654 3384 ad
671 3347 705 3386 ea
718 3348 776 3386 non
791 3331 933 3400 iacienda,

103 3434 167 3489 quae
184 3415 285 3473 solent
300 3417 330 3471 in
345 3417 424 3473 luctu
437 3418 508 3474 lieri.
526 3418 589 3475 Non
600 3417 831 3492 planges,neque
842 3420 935 3493 plora-

103 3506 160 3572 bis,
176 3523 233 3562 nee
251 3506 375 3562 fluentes
390 3507 523 3579 lacrymas
539 3508 668 3564 dolorem
684 3510 780 3565 cordis
796 3510 873 3566 28⁰
888 3527 934 3566 os-

104 3594 248 3650 tendent:
264 3595 316 3650 ead
331 3594 357 3649 ei
380 3595 451 3651 lorte
476 3595 566 3652 nimio
592 3596 680 3652 lneris
709 3614 833 3653 murore
848 3615 934 3671 supe·

105 3690 200 3753 ratus,
216 3683 343 3739 tacitum
360 3684 464 3740 habeto
479 3685 634 3757 gemitum,
651 3702 703 3741 nee
718 3693 892 3759 prorumpat
905 3686 935 3742 in

103 3775 203 3830 rerba.
221 3777 403 3829 Mortuerum
417 3772 531 3829 luctum
543 3792 599 3831 non
613 3775 772 3843 laeies‚vel,
784 3780 816 3831 ut
826 3780 937 3832 vertere

103 3862 188 3928 atu,
203 3864 324 3934 qemrtus
338 3865 484 3931 sanquinis
500 3879 598 3919 renum
611 3865 698 3919 luctus
712 3873 763 3920 est.
786 3865 840 3919 Per
857 3864 936 3936 quod

104 3951 235 4007 ostendit
243 3967 365 4006 uxorem
377 3952 441 4022 ejus
455 3968 520 4008 esse
534 3953 720 4008 morituram.
737 3953 843 4009 Statim
857 3952 934 4008 enim

103 4040 243 4113 sequitur
255 4057 261 4095 :
277 4042 312 4095 Et
323 4045 479 4096 mortuaest
491 4043 937 4114 uxormeaucspcritl’rou.x1x),-

102 4130 183 4201 quod
198 4129 319 4201 proprie
331 4129 366 4183 ad
382 4130 620 4201 conjunctionem
629 4148 731 4186 renum
748 4130 935 4203 pertinet.Ni·

102 4217 143 4272 bil
158 4217 244 4273 enim
260 4217 321 4272 viro
342 4234 429 4273 uxore
446 4219 521 4273 bona
531 4218 699 4289 amabilius,
711 4236 777 4292 quas
791 4237 807 4275 a
819 4224 874 4276 Deo
886 4218 936 4274 ho·

990 3252 1039 3297 tun
1056 3243 1085 3298 in
1097 3240 1189 3307 luctu,
1201 3242 1315 3299 medius
1326 3241 1409 3297 dolor
1421 3247 1465 3297 eet
1477 3260 1484 3310 ;
1495 3243 1610 3312 quanda
1621 3248 1719 3299 autem
1732 3247 1816 3300 tanta

990 3331 1285 3387 malorumineumbit
1295 3331 1464 3396 necessitas,
1473 3331 1713 3404 utomniploratu
1722 3334 1817 3406 major

989 3419 1039 3489 sit,
1056 3421 1260 3492 unusquisque
1280 3420 1316 3475 d'e
1344 3437 1398 3475 ena
1413 3419 1587 3475 necessitate
1611 3418 1757 3476 sollicitus
1778 3420 1815 3476 ad

990 3507 1255 3581 aliarumquamvis
1271 3507 1461 3581 sintproximi
1480 3507 1813 3580 miseriasnoningemi·

990 3597 1056 3653 seit.
1067 3596 1161 3665 Nihil,
1177 3596 1284 3668 inquit,
1298 3597 1409 3653 iacietis
1423 3598 1502 3669 quod
1515 3595 1623 3652 soletin
1638 3596 1719 3653 luctu
1734 3596 1814 3654 fieri:

990 3686 1041 3742 sed
1057 3686 1129 3741 urbe
1144 3683 1312 3757 temploque
1326 3684 1486 3750 succensis,
1501 3685 1657 3755 stupebitis
1672 3686 1708 3739 ad
1720 3683 1815 3740 malo·

990 3791 1054 3830 rum
1069 3773 1312 3846 magnitudinem.
1325 3773 1387 3828 Non
1397 3771 1597 3842 attondebitis,
1609 3788 1662 3827 nee
1673 3773 1760 3828 nudis
1770 3773 1815 3828 in-

990 3861 1098 3919 eedelie
1110 3861 1242 3933 pedibus,
1256 3877 1308 3916 nee
1321 3859 1476 3932 plangetis,
1491 3876 1543 3916 neo
1554 3860 1664 3915 amictu
1677 3876 1727 3916 ora
1736 3860 1813 3916 vela·

992 3952 1070 4020 bitis,
1081 3966 1132 4005 nec
1141 3948 1598 4022 eiboscapietisaeonsolanlibne
1611 3949 1677 4005 :sed
1686 3949 1815 4006 tabesce-

991 4040 1039 4107 tis,
1056 4044 1084 4095 et
1099 4037 1312 4094 consumemini
1329 4038 1358 4092 in
1374 4037 1580 4110 iniquitatibus
1595 4037 1710 4103 vestris,
1726 4025 1754 4095 et
1768 4037 1816 4094 vix

991 4127 1117 4183 liberum
1133 4126 1278 4182 habebitIs
1293 4126 1445 4198 gemitum,
1458 4144 1494 4182 na
1504 4126 1658 4182 ollendalis
1673 4126 1816 4183 victorum

991 4215 1171 4288 superbiam,
1180 4215 1204 4271 si
1212 4215 1326 4288 publice
1337 4216 1406 4271 llere
1415 4215 1572 4271 videamini
1585 4215 1817 4284 ;itautllzeobiel

104 4306 177 4362 rnini
193 4307 376 4379 providetur,
393 4310 422 4362 et
437 4307 483 4362 cui
500 4306 615 4362 Domini
628 4307 691 4380 lege
702 4308 939 4381 conjungitur‚et
992 4306 1134 4377 propheta
1149 4305 1279 4361 sitvobis
1289 4303 1320 4359 in
1331 4308 1510 4377 portentum,
1526 4310 1554 4360 et
1568 4305 1677 4374 omnia,
1694 4321 1757 4376 qua
1768 4303 1817 4360 ille

101 4412 197 4451 annm
212 4411 284 4451 cum
301 4411 454 4469 eucarpus
469 4395 605 4451 allinitur.
622 4398 761 4468 Quodque
784 4398 933 4469 sequitur:
992 4411 1050 4450 non
1065 4394 1133 4449 lenit
1147 4393 1176 4447 in
1190 4398 1284 4449 morte
1295 4394 1393 4448 uxoris
1410 4409 1540 4463 suos,vos
1556 4392 1585 4447 in
1601 4391 1749 4449 eversione
1765 4408 1818 4447 ur·

102 4483 211 4539 &rona
230 4488 281 4537 tua
293 4485 485 4554 circumliqutu
499 4486 535 4542 sit
549 4485 614 4550 tibi,
637 4487 663 4540 et
690 4485 871 4540 calciamenta
885 4490 935 4540 luo
949 4499 972 4563 D
992 4483 1038 4538 bis
1054 4486 1082 4538 et
1096 4480 1199 4554 templi
1210 4498 1268 4537 non
1284 4480 1405 4537 laniatis.
1417 4481 1452 4535 Et
1462 4481 1710 4553 adhucapertuis:
1727 4480 1760 4547 0,
1771 4478 1816 4535 in·

103 4576 185 4628 munt
195 4575 226 4626 in
237 4571 353 4643 pedibus
366 4572 490 4638 tuis,boc
500 4572 646 4645 signifieat
660 4590 667 4628 ε
680 4572 805 4629 Habebis
816 4590 930 4629 comam

103 4677 168 4732 quae
183 4660 326 4716 tondetur
341 4659 369 4714 in
386 4659 479 4729 luctu,
493 4664 521 4717 et
536 4659 726 4717 calciamenta
749 4661 780 4716 in
796 4662 930 4734 pedibus,

104 4766 168 4822 qua
183 4749 323 4822 lugentes
339 4745 433 4804 solent
448 4749 583 4820 abjicere.
596 4749 677 4805 Unde
689 4754 719 4806 et
734 4750 824 4806 David
839 4751 932 4806 Abes-

138 4945 177 5014 (a)
194 4943 278 4998 Paris
297 4942 385 4998 habet
399 4943 454 4999 sub
471 4943 588 5000 initium
603 4943 670 4999 libri
693 4945 787 5016 quarti
815 4946 844 5001 in
860 4950 930 5002 tlat-

105 5015 420 5087 lhaeumeap.xx111,ad
434 5013 506 5069 illud
520 5017 733 5072 Deuteronomii
743 5023 929 5089 preceptum,

105 5088 218 5156 liqabis
233 5087 476 5151 commonacum
493 5092 537 5142 ele
565 5088 628 5154 lloc,
661 5088 688 5143 in
712 5089 765 5158 uit,
791 5091 930 5146 l’barisoee

104 5159 176 5213 male
190 5160 405 5239 interpretantes
419 5159 575 5213 scribebant
586 5160 616 5213 in
631 5105 798 5215 membranis
816 5162 928 5216 Deculo-

105 5246 170 5300 qum
184 5229 282 5299 loqu,
297 5230 390 5293 idest,
414 5228 507 5283 decem
532 5230 612 5284 uerba
636 5230 724 5300 Legis,
739 5232 932 5302 complicantes

105 5305 173 5369 east
184 5301 305 5370 liqantcs
315 5316 344 5354 m
357 5302 486 5371 frondent
501 5303 580 5370 quasi
593 5316 722 5356 coronam
735 5304 822 5373 capiti
830 5305 933 5372 bulen-

106 5380 155 5436 tes,
169 5376 199 5426 ut
214 5387 323 5441 semper
336 5374 401 5426 ante
411 5371 502 5426 oculos
514 5378 698 5440 moererentur,
712 5374 780 5444 quod
790 5391 874 5445 usquc
885 5375 931 5430 bo·

106 5443 151 5497 dle
165 5441 241 5507 lndi,
255 5450 281 5498 et
292 5442 395 5507 Persae,
407 5445 433 5498 et
444 5442 591 5514 ltabqlonii
601 5445 719 5513 iaciunt,
731 5453 756 5500 et
783 5447 813 5499 ui
824 5447 931 5500 bocbo-

107 5514 293 5584 bueritquasi
302 5514 449 5586 reliqiosus
460 5517 491 5569 in
495 5514 605 5597 populis
611 5463 931 5586 judicaturi'atendum

106 5583 604 5665 &meteunaeiqualiabbsnures
617 5602 688 5650 suas
703 5586 931 5654 carnatibuess·

990 4571 1063 4644 quit,
1080 4571 1122 4626 fili
1138 4570 1277 4638 hominis,
1294 4571 1323 4625 in
1338 4575 1469 4641 tempore
1482 4570 1598 4641 quando
1615 4569 1763 4625 abstulero
1779 4569 1815 4625 ab

990 4661 1032 4717 eis
1049 4659 1249 4716 tortitudinem
1265 4674 1377 4723 eorum,
1393 4657 1504 4730 templi,
1522 4662 1554 4713 ut
1568 4657 1707 4725 diximus,
1720 4656 1813 4712 eond-

987 4748 1116 4804 dentiam
1128 4745 1474 4820 etgaudiumdignitatie‚
1485 4746 1549 4802 etin
1561 4762 1618 4818 quo
1626 4760 1708 4816 spem
1716 4743 1809 4801 solam

988 4945 1038 4999 des
1053 4947 1138 5008 estet
1151 4943 1174 4999 si
1183 4942 1252 5024 qnid
1261 4942 1348 4998 habet
1359 4939 1550 5006 auctoritatis,
1563 4955 1628 5011 quas
1639 4938 1814 4996 hodiernum
1847 4956 1850 4961 ’

988 5016 1064 5086 apud
1078 5031 1127 5069 eos
1142 5015 1253 5070 obnnet
1267 5013 1457 5078 consuetudo,
1471 5027 1528 5065 non
1540 5010 1725 5083 Decalogum,
1737 5011 1814 5136 (guod

988 5087 1104 5151 Hieron,
1121 5085 1221 5153 tradit,
1234 5087 1282 5140 sed
1296 5083 1407 5155 aliquot
1432 5082 1588 5153 Scriptura
1616 5086 1722 5147 textus,
1764 5098 1817 5138 uos

988 5156 1120 5213 videlieet
1132 5155 1411 5225 Exodi,totidemqne
1424 5153 1750 5224 Deuteronomii,solitos
1761 5152 1816 5208 He·

988 5230 1080 5284 braeos
1096 5228 1124 5282 in
1142 5227 1321 5283 membranis
1335 5224 1508 5292 describere,
1516 5229 1602 5297 atque
1614 5225 1706 5281 instar
1716 5224 1815 5279 diade·

989 5301 1076 5355 matis
1092 5300 1179 5354 lrontl
1195 5297 1335 5369 obligare,
1355 5295 1434 5350 vittis
1450 5296 1587 5368 utrinque
1597 5294 1813 5351 diffluentibus:

988 5388 1051 5443 qnae
1069 5375 1148 5425 tanta
1162 5368 1382 5440 estineptientis
1396 5365 1496 5439 populi
1515 5367 1695 5439 superstitio.
1705 5365 1816 5422 Vocant

988 5436 1814 5514 veronul'belrontaliaquorumunumelegantissimum,

987 5517 1017 5571 et
1031 5513 1056 5572 ei
1072 5512 1149 5591 quod
1165 5527 1280 5586 uspiam
1296 5510 1462 5586 antiquum,
1483 5510 1560 5586 apud
1576 5526 1622 5568 tne
1638 5511 1693 5570 eet.
