3818 6104
112 297 175 370 885
502 302 876 377 domenarealoeout
896 305 936 372 lli
957 306 1057 374 osuit
1079 308 1153 374 tle.
1176 308 1214 375 11.
1237 307 1324 376 GAP.
1346 308 1426 378 vlit.
1752 301 1813 378 886

112 442 210 510 orent,
225 439 277 497 sed
292 439 322 497 in
337 444 398 499 beu
414 446 444 500 st
456 440 487 499 iu
502 441 625 516 bethel),
636 448 669 500 ut
683 442 817 517 projiciat
832 441 937 499 vitulos
952 441 980 508 Α
994 440 1134 512 minibus,
1151 460 1204 501 nea
1227 441 1356 518 aliquam
1385 448 1522 520 poterunt
1548 444 1676 520 spaniam
1704 445 1812 521 segetis

113 546 205 602 super
218 546 293 602 quoa
306 530 399 587 iratus
414 535 459 588 eat
474 533 623 590 Deustsive
637 531 824 606 ἀποτρίψεται,
842 532 935 603 idest,
992 530 1097 589 hahere
1113 533 1251 589 fecunde.
1268 535 1348 601 Quod
1365 535 1390 592 si
1415 553 1480 593 raro
1507 535 1628 593 eciderit
1656 540 1689 592 ut
1716 535 1813 593 llccle·

114 619 230 692 defricet
247 637 254 688 ;
269 624 301 675 ut
317 637 391 693 quoe
406 621 499 678 multo
510 627 639 695 tempore
650 622 787 688 coluerat,
796 620 936 694 paulatim
992 620 1100 676 siastici
1118 622 1186 695 quid
1205 623 1350 695 dogmatis
1374 624 1470 681 simile
1499 624 1606 682 hebere
1633 625 1810 681 videantur:

112 707 173 780 (a)a
187 724 218 764 se
229 709 661 784 deiricetetemundet.lllisque
676 727 733 766 non
741 709 937 777 audientibus,
991 708 1088 781 ipsum
1104 725 1224 783 germen
1239 716 1268 768 et
1282 711 1496 784 spicatarinam
1509 730 1567 770 non
1580 714 1711 771 facietlu
1727 714 1812 785 cujus

109 797 765 870 convertituradalios,etquasiadtertiam
782 815 936 872 personam
991 798 1288 873 ierinmsatistribus
1318 802 1409 857 mittit
1438 803 1614 859 fermentum
1640 801 1814 876 Euangeliou

107 883 266 958 loquitur:
285 888 424 959 Usquequo
447 903 502 944 aon
528 892 656 960 poterunt
680 888 828 944 emundari
841 887 855 941 ‘l
870 888 936 952 Que
992 886 1098 943 mulier
1113 888 1204 960 (Mati.
1222 891 1284 961 xru)
1302 908 1308 946 :
1326 895 1359 945 ut
1373 895 1402 945 et
1417 890 1538 963 spiritus
1554 908 1611 964 quo
1627 891 1813 960 sentimus,et

108 973 420 1046 istaiuquit,insania
443 981 499 1043 eet,
529 993 576 1032 me
605 978 692 1033 dante
704 976 758 1049 (Al.
779 974 937 1046 mediante)
991 975 1091 1032 auimo
1104 993 1163 1048 qua
1177 977 1313 1047 vivimus,
1330 983 1358 1035 et
1372 996 1479 1052 corpus
1503 997 1561 1053 quo
1589 980 1764 1050 incedimus,
1779 977 1810 1034 in

108 1060 209 1120 locum
225 1063 401 1137 penitentie
416 1063 481 1121 illos
497 1064 533 1122 nd
544 1065 701 1122 sanitatem
716 1064 793 1121 nolle
810 1062 937 1120 converti
991 1081 1083 1120 unum
1099 1070 1235 1122 sanctum
1249 1067 1390 1139 Spiritum
1405 1068 1576 1142 redigantur
1590 1069 1675 1140 juxta
1688 1068 1811 1139 Aposto-

108 1151 147 1208 llt
161 1152 232 1224 quia
246 1153 358 1209 dixerat
374 1171 380 1210 :
397 1156 505 1226 rrojicc
533 1156 650 1211 uitulum
677 1157 766 1222 tuum,
795 1154 935 1217 Samaria,
990 1151 1052 1208 lum
1070 1171 1076 1209 :
1093 1156 1194 1226 inipso
1209 1157 1721 1230 minimaemoucmaretcumuafflct.
1741 1171 1810 1211 xvrr.

109 1238 231 1311 exponit
245 1239 312 1312 quis
328 1240 383 1296 iste
397 1241 437 1296 ait
451 1240 574 1297 vitulus:
592 1241 662 1313 quia
678 1258 713 1297 ex
729 1239 816 1297 lsrael
833 1238 936 1313 etipse
992 1241 1045 1313 18).
1062 1244 1141 1308 Quod
1161 1245 1188 1299 si
1202 1261 1266 1301 raro
1292 1245 1429 1302 acciderit
1443 1245 1596 1314 hereticis,
1624 1248 1658 1300 ut
1686 1243 1810 1301 farinam

108 1331 165 1384 est:
183 1345 242 1386 uon
257 1329 295 1384 eb
309 1328 375 1385 aliia
390 1328 570 1397 ait,vitulum
587 1329 724 1403 gentibus
737 1328 937 1402 accepistis,ut
990 1347 1106 1402 quoque
1120 1333 1261 1388 sementia
1275 1349 1376 1389 eoram
1392 1333 1488 1403 iaciat,
1505 1332 1610 1390 dehoc
1638 1332 1733 1390 farine
1761 1332 1811 1388 det

106 1415 180 1474 Baal
196 1421 225 1473 et
240 1416 373 1473 Astaroth
390 1417 560 1489 eSidouiis,
588 1421 620 1474 ut
647 1417 803 1474 Chamose
826 1416 934 1473 Moabi-
990 1419 1202 1476 subcinericius
1215 1421 1310 1493 panis,
1328 1421 1378 1494 qui
1394 1439 1452 1479 non
1477 1425 1650 1489 reversatur,
1665 1424 1694 1477 et
1721 1438 1810 1493 quem

105 1505 147 1562 tis
162 1509 198 1562 ut
212 1504 324 1561 Moloch
341 1505 378 1560 ab
397 1505 575 1562 ammonitis
604 1506 653 1578 (lv
668 1507 730 1576 lica.
760 1504 934 1577 xx111);sed
989 1505 1076 1563 elieni
1088 1508 1251 1565 comedent.
1266 1509 1349 1566 Unde
1364 1514 1393 1566 et
1416 1527 1495 1567 nunc
1509 1511 1569 1567 ait:
1587 1509 1661 1579 Quod
1674 1517 1700 1565 st
1723 1511 1751 1565 si
1763 1508 1808 1584 se-

105 1593 242 1666 vosipsi,
258 1595 634 1661 etrexresterteroboam,
659 1594 736 1667 quod
768 1594 798 1650 in
813 1594 934 1667 AEgypto
988 1597 1191 1668 cerittarinam
1206 1598 1526 1658 utimicomedcuteom.
1544 1599 1595 1656 80
1614 1597 1733 1655 Alienos
1754 1614 1808 1654 au·

104 1682 277 1740 didiceratis
291 1682 403 1739 fecistis
427 1681 455 1738 in
473 1681 571 1739 lsrael.
604 1684 659 1738 Aut
688 1682 785 1754 qualis
814 1681 862 1737 ille
890 1685 935 1738 est
987 1688 1046 1740 tem
1062 1684 1128 1741 illos
1141 1686 1419 1760 dehemuseccipere
1430 1687 1582 1760 dequibus
1594 1687 1736 1759 scriptum
1751 1689 1806 1743 est:

104 1772 191 1840 deus,
208 1770 365 1843 quimanu
395 1771 540 1827 formatur
560 1771 681 1827 artificis
707 1775 718 1826 i
742 1770 873 1842 Denique
901 1773 1054 1872 utBFiiii
1069 1774 1156 1830 alieni
1169 1777 1280 1831 mentiti
1292 1778 1357 1832 sunt
1369 1778 1441 1833 mihi
1455 1777 1510 1849 (Pa.
1539 1794 1609 1842 xvir,
1638 1776 1694 1848 46).
1716 1776 1752 1831 lit
1778 1772 1810 1831 in

103 1876 281 1918 aranearum
297 1859 346 1915 dle
361 1859 563 1916 dissolvuntur
576 1860 606 1915 in
627 1858 808 1926 ventum,ita
822 1856 932 1914 vitulus
987 1866 1087 1919 octavo
1104 1862 1217 1919 decimo
1234 1863 1348 1936 psalmo
1366 1881 1373 1922 :
1388 1865 1427 1920 la
1445 1865 1546 1922 ocultis
1553 1867 1622 1921 oseis
1635 1863 1740 1920 munda
1754 1878 1809 1930 mc,

101 1949 245 2007 Samarie
255 1949 403 2022 redigetur
413 1949 443 2005 iu
455 1947 860 2020 nihilumProjicitlJomiuus
871 1946 931 2002 he·
985 1952 1110 2019 Domine,
1127 1956 1153 2007 et
1168 1954 1202 2007 ab
1217 1952 1318 2008 alicnis
1331 1969 1414 2025 parce
1428 1970 1504 2011 cervo
1532 1961 1591 2009 tuo.
1607 1952 1662 2020 Qui
1691 1952 1716 2010 si
1727 1952 1810 2024 justo

103 2039 266 2097 reticorum
281 2036 388 2095 vitulos
402 2042 431 2094 et
445 2037 593 2109 Samaria,
610 2037 661 2109 qui
681 2053 712 2093 se
735 2036 837 2093 dicunt
858 2034 932 2109 legia
986 2038 1048 2094 viro
1063 2056 1121 2095 non
1132 2040 1243 2096 luerint
1256 2040 1411 2109 dominati,
1428 2045 1498 2098 tuuc
1519 2039 1729 2098 immaculatus
1744 2039 1809 2107 erit,

107 2131 258 2203 precepto
272 2143 388 2184 servare
404 2144 410 2183 :
428 2127 478 2199 qui
493 2126 578 2183 vituli
593 2126 704 2182 herent
717 2126 850 2193 bumo,et
864 2141 931 2196 ope·
986 2131 1014 2182 et
1029 2128 1221 2184 mundabitur
1235 2147 1253 2184 a
1267 2128 1372 2186 delicto
1387 2130 1525 2187 maximo.

104 2221 212 2274 rantur
224 2217 255 2272 in
268 2220 347 2273 terra
360 2232 419 2272 non
439 2215 555 2288 spirita,
571 2231 624 2271 nec
640 2215 741 2271 oculos
768 2214 805 2270 ad
825 2212 931 2268 coelum
1021 2215 1114 2287 (Vera.
1129 2216 1169 2286 8.)
1184 2218 1335 2274 devoratus
1349 2221 1389 2274 cat
1406 2219 1504 2282 lsrael,
1525 2234 1600 2274 nunc
1621 2219 1711 2288 sactus
1724 2224 1765 2274 eat
1778 2218 1810 2273 in

106 2303 246 2372 leronimi
260 2304 368 2360 idcirco
383 2303 475 2359 iratus
491 2308 536 2359 est
548 2304 629 2369 iuror
640 2302 752 2359 Domini
769 2318 857 2373 super
871 2317 930 2364 eos,
985 2304 1147 2359 nationibus
1162 2305 1243 2376 quasi
1255 2322 1303 2361 aas
1324 2306 1507 2361 immundum.
1537 2304 1729 2378 Septuaginta
1757 2321 1809 2377 pro

107 2397 139 2450 et
154 2393 278 2449 miratur
292 2409 356 2465 que
371 2391 411 2448 eit
423 2397 505 2448 tanta
516 2389 838 2465 perversitaa,utuolint
849 2388 933 2445 relin-
985 2389 1149 2462 immundo,
1166 2393 1266 2449 inutile
1280 2392 1542 2463 transtulerunt,(c)
1557 2397 1660 2450 cetera
1673 2391 1811 2449 similiter

106 2498 200 2555 quere
214 2480 302 2548 idola,
317 2498 381 2554 que
397 2480 452 2537 sibi
468 2480 599 2537 fabricati
616 2486 696 2545 sunt,
715 2483 744 2535 et
762 2482 863 2535 ament
878 2479 930 2545 (lt.
986 2480 1173 2536 immundum
1189 2498 1251 2548 vas,
1267 2481 1328 2537 sive
1343 2481 1458 2551 inutile,
1474 2480 1587 2538 Hebraei
1602 2479 1747 2537 matulam
1761 2497 1810 2538 vo·

107 2574 223 2638 amant)
238 2571 339 2626 sordes
358 2569 508 2626 hereticas
534 2587 585 2642 pro
612 2568 744 2625 Ecclesiae
765 2567 930 2622 munditiis.
986 2574 1127 2641 cant,qua
1141 2569 1176 2625 ad
1193 2569 1381 2642 suscipienda
1397 2575 1426 2626 et
1442 2569 1622 2641 projicienda
1634 2573 1763 2626 stercore
1776 2573 1810 2626 ut

105 2661 188 2727 Quos
202 2657 310 2715 vitulos
324 2675 382 2714 uon
397 2659 508 2731 accepit
523 2657 624 2725 lsrael,
652 2656 811 2713 Dominum
835 2655 932 2710 videre
986 2656 1127 2714 solemus.
1140 2658 1213 2714 Huic
1226 2658 1421 2714 immunditia
1431 2656 1600 2715 idololatras
1614 2661 1643 2714 et
1657 2656 1809 2715 hereticos

102 2745 616 2821 setiugitssbacaeterisgentibus
634 2763 640 2801 z
658 2743 932 2815 seddeScripturis
986 2750 1146 2817 comparat,
1159 2746 1209 2818 qui
1225 2746 1388 2802 miscentur
1402 2747 1550 2820 gentibus,
1581 2746 1652 2803 dum
1681 2745 1730 2802 Dei
1751 2762 1809 2803 uon

101 2835 216 2893 sanctis
238 2834 294 2891 sibi
309 2834 373 2907 ipse
387 2833 731 2906 conflavitintelligentie
748 2832 930 2905 pravitatem,
986 2834 1327 2901 custodiuutveritatem,
1343 2839 1372 2891 et
1386 2835 1455 2891 santi
1470 2851 1520 2892 vas
1532 2834 1561 2889 iu
1578 2834 1728 2906 honorem,
1739 2850 1810 2891 cou-

100 2928 132 2981 et
146 2923 308 2981 artilexest
322 2922 371 2979 Dei
386 2924 443 2989 sui,
455 2923 507 2994 qui
522 2922 578 2978 cito
594 2922 701 2995 peribit
715 2925 744 2977 et
758 2936 931 2976 aranearum
984 2923 1060 2978 versi
1077 2923 1191 2978 suntin
1206 2940 1276 2979 vasa
1290 2922 1344 2992 (Ar.
1360 2924 1422 2996 vas)
1437 2921 1630 2980 contumelie.
1640 2922 1715 2990 Quid
1730 2924 1810 2980 enim

101 3012 180 3071 telas
194 3011 369 3078 imitabitur,
381 3029 445 3084 que
461 3010 515 3067 levi
531 3015 712 3083 rumpuntur
726 3012 845 3066 attactu.
986 3011 1169 3067 immundius
1189 3011 1348 3068 demonico
1362 3011 1466 3084 spiritu
1481 3012 1507 3068 ei
1523 3010 1725 3068 hereticorum
1739 3011 1810 3085 dog·

139 3099 236 3174 (Vera.
252 3100 292 3172 7.)
308 3101 378 3169 Quia
392 3107 505 3156 ventum
522 3099 698 3155 seminabunt
720 3102 747 3154 et
776 3097 932 3154 iuhrbiuem
988 3100 1127 3166 metibus,
1144 3116 1208 3171 que
1223 3116 1273 3156 eos
1287 3099 1414 3157 ethnicis
1426 3099 1638 3157 miscuerunt?
1653 3097 1733 3156 Talis
1748 3103 1811 3156 erat

100 3193 208 3248 metent
223 3207 233 3245 .·
247 3189 354 3245 culmus
366 3197 453 3255 rmus,
468 3204 524 3244 uon
538 3197 577 3244 est
591 3190 621 3243 iu
635 3203 665 3245 eo
679 3203 805 3258 prumea,
819 3202 874 3243 aaa
885 3187 931 3256 sa·
946 3165 969 3232 C
988 3187 1143 3244 Jechouias
1155 3187 1242 3244 idolis
1257 3189 1452 3261 mancipatus,
1465 3189 1500 3246 de
1514 3205 1572 3261 quo
1586 3187 1809 3261 peristomium

101 3281 158 3336 ciet
174 3279 298 3350 [mucan
308 3296 318 3334 :
333 3278 403 3349 quod
416 3279 472 3334 etei
480 3279 575 3349 feccrit
598 3277 684 3333 aliam
701 3276 838 3333 comederit
860 3291 931 3330 curn.
988 3275 1119 3349 loquitur
1149 3281 1244 3333 Deus:
1260 3276 1442 3334 laboraretur
1456 3285 1496 3333 est
1509 3277 1662 3345 tectonica,
1676 3277 1748 3332 sicut
1761 3292 1810 3332 uus

105 3366 179 3424 Lxx
196 3383 204 3421 ε
221 3367 292 3435 Quia
307 3376 434 3438 corrupta
448 3369 525 3421 uento
539 3367 782 3432 terminaveruntet
795 3363 932 3420 subversio
986 3364 1151 3437 cujusuutta
1166 3370 1206 3421 eat
1230 3366 1335 3421 utititas
1363 3367 1429 3439 (ier.
1459 3383 1527 3421 unu.
1556 3365 1611 3432 18).
1640 3363 1809 3422 Econtrerio

104 3471 202 3513 eorum
215 3456 345 3527 suscipiet
354 3454 558 3526 emmanipulus
569 3469 625 3509 oon
641 3454 743 3509 tatem
758 3454 830 3508 cirea
844 3461 873 3506 ut
888 3453 905 3522 s
921 3477 932 3488 ·
987 3451 1095 3508 Paulus
1110 3451 1161 3524 qui
1176 3452 1271 3509 dicere
1286 3458 1400 3524 poterat
1417 3471 1423 3508 :
1442 3455 1483 3508 Aa
1497 3454 1718 3524 experimentum
1729 3467 1808 3524 quae·

104 3546 167 3601 ciat
177 3545 303 3615 sumnam
319 3563 328 3599 ε
344 3543 415 3616 quod
426 3544 488 3599 etsi
499 3543 699 3615 feceritoiieui
709 3541 930 3598 camedcatcam.
985 3543 1049 3596 ritis
1064 3542 1184 3612 ejusqui
1203 3542 1231 3596 in
1243 3558 1286 3597 mc
1301 3542 1422 3613 loquitur
1445 3541 1569 3597 Christus
1583 3539 1619 3613 (ll
1639 3539 1700 3595 Cor.
1718 3538 1781 3611 xru)
1797 3540 1811 3596 ‘i

104 3640 292 3690 Areuearum
310 3631 385 3700 telis,
399 3631 537 3688 Samaria
552 3630 676 3687 vitulum
696 3634 846 3698 comparet
861 3647 867 3685 :
885 3627 930 3683 id·
985 3628 1151 3701 appellatur
1174 3646 1224 3685 vas
1250 3629 1401 3686 electionis
1427 3645 1549 3685 aureum
1565 3632 1594 3685 et
1608 3631 1778 3701 argenteum
1802 3644 1809 3683 ι

103 3724 185 3781 circo
199 3721 422 3794 methaphoram
438 3724 534 3776 servat
548 3719 579 3776 in
591 3719 763 3791 reliquis‚ut
777 3734 851 3791 quos
865 3735 929 3773 aru·
986 3715 1056 3788 quia
1068 3715 1195 3773 habehat
1210 3717 1385 3790 sapientiam
1401 3723 1432 3774 et
1444 3716 1605 3790 eloquium,
1621 3733 1679 3788 quo
1700 3715 1811 3772 Christi

103 3809 615 3880 aearumtelasdixerntoomparet
642 3812 738 3870 vento.
753 3810 782 3862 et
809 3804 929 3876 turbini,
988 3804 1176 3878 Evangelium
1192 3805 1378 3878 predicabat.
1395 3805 1476 3872 Quod
1493 3809 1591 3862 autem
1621 3804 1701 3874 dicit,
1730 3803 1811 3861 deoc·

103 3898 274 3971 culmisque
290 3915 347 3953 non
362 3898 510 3953 stantibus
531 3914 537 3951 :
555 3901 583 3952 et
597 3896 622 3953 si
646 3895 790 3962 steterint,
806 3894 930 3950 lerinam
985 3897 1064 3949 ratus
1078 3897 1127 3964 cst,
1143 3893 1186 3950 uel
1201 3894 1350 3967 absorptus,
1364 3895 1419 3951 hoc
1432 3893 1589 3967 significat,
1606 3894 1684 3966 quod
1701 3893 1811 3950 mixtus

103 4005 163 4046 non
180 3987 361 4044 habentibus
376 4012 384 4054 3
400 3989 429 4042 et
442 3986 468 4042 si
484 3986 608 4042 lerinam
625 3982 732 4056 inquit,
746 3982 877 4050 iecerint,
894 3982 930 4038 ab
987 3981 1078 4039 idolis
1093 3988 1121 4038 et
1136 3983 1317 4053 nationibus,
1327 3982 1603 4058 propriumlsraelis
1618 3986 1647 4039 et
1660 3981 1812 4040 christiani

103 4077 171 4135 aliis
186 4074 386 4133 devorabitur.
397 4076 432 4130 [tt
447 4074 517 4147 quia
532 4078 593 4130 tam
617 4073 653 4129 de
668 4072 812 4128 hereticis
841 4087 930 4144 quem
986 4087 1093 4128 nomen
1109 4072 1251 4129 amiserit.

104 4167 140 4225 ds
155 4165 217 4235 his,
234 4164 284 4236 qui
300 4164 330 4219 in
348 4163 481 4220 Samnrio
496 4162 630 4219 fabricati
643 4167 713 4217 suut
740 4160 828 4233 idola,
852 4176 930 4217 com·
1022 4159 1115 4232 (Vera.
1135 4162 1224 4234 9,10.)
1239 4164 1314 4233 Quia
1327 4163 1383 4236 ipsi
1399 4161 1580 4219 ascenderunt
1594 4162 1628 4218 ab
1641 4162 1735 4228 Assur,
1749 4176 1814 4218 ouo·

106 4255 208 4311 munis
223 4257 269 4310 est
283 4269 399 4316 seusus,
424 4251 619 4307 communiter
643 4249 853 4322 disputandum
876 4251 930 4305 eet.
985 4264 1034 4318 per
1053 4249 1197 4306 solitarius
1210 4251 1265 4306 sibi
1281 4267 1287 4307 :
1305 4250 1438 4324 Ephraim
1458 4266 1575 4305 munem
1589 4248 1720 4305 dederam
1731 4265 1814 4304 ome

106 4343 157 4400 isti
173 4344 295 4401 ventum
311 4342 468 4408 seminant,
485 4338 779 4412 sive(b)queeventu
796 4343 934 4410 corrupte
987 4338 1101 4405 toribus,
1116 4338 1201 4395 sedet
1224 4356 1286 4395 cum
1307 4339 1429 4396 urcrccde
1451 4338 1641 4395 conducerent
1668 4337 1811 4392 motiones:
1845 4344 1863 4370 ⁰

106 4430 302 4488 cuutsemina
312 4446 376 4501 que
386 4425 932 4497 medullamucnhabent,quanreci
988 4443 1063 4482 nunc
1076 4428 1245 4498 compreqaho
1260 4444 1315 4494 eos,
1331 4432 1358 4484 ct
1373 4429 1511 4499 quiescent
1527 4427 1668 4498 pauiuper
1682 4424 1716 4479 ab
1731 4437 1813 4479 onere

103 4516 271 4594 ἐντεριώνην
285 4522 387 4575 vocant
401 4523 430 4573 et
444 4516 553 4573 idcirco
567 4531 659 4571 vacua
673 4514 932 4579 seminantes,inu·
949 4533 973 4599 D
988 4517 1062 4586 repis
1076 4524 1102 4572 ct
1113 4518 1285 4589 principum,
1299 4515 1367 4571 LXX
1382 4533 1391 4570 :
1407 4516 1478 4584 Quia
1493 4515 1548 4587 ipsi
1574 4511 1753 4568 asceadcnmt
1777 4509 1813 4566 od

103 4610 157 4667 uia
172 4622 325 4680 vacuoque
340 4603 779 4679 recipiuutzimmcseminuntes
794 4602 824 4658 in
838 4618 934 4672 carne,
989 4605 1291 4676 Assyriasperminauo
1306 4603 1565 4676 apudccmetipaum
1580 4594 1739 4674 Ephraim:
1754 4615 1814 4654 mu·

101 4699 143 4756 de
158 4713 250 4755 carne
264 4700 380 4752 metunt
394 4694 623 4767 corruptionem,
644 4696 673 4748 et
687 4691 936 4747 circumferuntur
987 4709 1057 4749 acra
1071 4692 1230 4749 dilexerunt
1244 4709 1254 4753 ‚·
1267 4692 1368 4748 idcirco
1377 4692 1522 4748 tradentur
1535 4693 1565 4747 ia
1589 4690 1722 4762 pentibus,
1736 4702 1813 4745 nuuc

101 4787 191 4847 omni
203 4789 290 4844 vento
306 4783 454 4842 doctrine.
470 4785 603 4854 Cumque
628 4786 747 4838 ventum
772 4780 933 4837 seminare·
988 4782 1139 4852 suscipiam
1152 4781 1389 4851 commutescunt
1401 4796 1519 4852 parvum
1534 4784 1566 4834 ut
1580 4782 1686 4850 ungant
1700 4792 1775 4847 repes
1787 4783 1814 4832 ct

99 4877 179 4949 rint,
197 4880 310 4932 metent
325 4872 460 4930 turbines
472 4883 501 4929 st
522 4874 722 4943 tempestates,
750 4875 779 4926 et
805 4869 934 4942 primum
988 4870 1139 4941 principes.
1151 4869 1311 4925 Devoratus
1325 4871 1380 4936 est,
1396 4868 1502 4940 iuquit,
1519 4865 1608 4925 isreel
1623 4865 1756 4923 etiantus
1768 4868 1814 4922 est

97 4964 231 5042 quidem
246 4961 373 5034 culmus,
390 4960 445 5018 hoc
460 4958 628 5032 est,stipu1a
642 4975 699 5015 non
715 4959 769 5014 erit
783 4973 817 5013 ex
830 4956 877 5014 his
889 4974 934 5014 se·
990 4961 1144 5028 tamquam
1159 4972 1210 5012 vas
1226 4955 1339 5024 inutile,
1355 4957 1415 5012 sive
1434 4955 1671 5022 immundum,de
1686 4968 1813 5026 quonon

139 5138 171 5205 (a
198 5122 337 5189 Voculae
353 5137 423 5186 ase,
440 5120 575 5176 nesciunt
591 5135 662 5174 mae.
680 5118 782 5173 nostri.
988 5116 1018 5173 id
1031 5119 1080 5180 ert,
1095 5115 1279 5170 seminarium
1291 5119 1462 5172 mortuarium
1476 5116 1542 5171 eino
1556 5120 1636 5170 torre
1645 5113 1812 5184 confovetur.

140 5127 824 5271 (olluterseritVictoriusGreuumvocabulum
840 5186 885 5242 ἀνε
910 5187 936 5242 ί
990 5185 1340 5243 etinferiusexsuomat
1362 5203 1452 5242 seusu
1479 5186 1557 5254 :Qui
1579 5186 1735 5257 potentiam
1764 5184 1814 5240 lici

95 5271 204 5349 qdcpn,
230 5267 308 5350 qnod
325 5281 397 5321 mss.
410 5264 556 5337 ignorant.
568 5262 608 5317 De
624 5259 768 5334 ἐντεριώνη
785 5259 854 5315 olibi
895 5259 934 5316 ie·
989 5258 1177 5315 calumniaris
1190 5258 1261 5330 iqui
1272 5265 1359 5329 potest
1372 5258 1406 5313 de
1418 5256 1549 5322 medulla,
1572 5256 1644 5313 etde
1664 5257 1813 5312 seminario

94 5355 159 5401 ton
189 5339 241 5396 uhi
256 5337 304 5394 Ori
327 5337 390 5392 eois
405 5334 580 5392 seutentiam
597 5333 753 5405 impugnat
767 5331 818 5386 lib.
834 5335 937 5387 contra
989 5333 1078 5387 uestro
1094 5326 1237 5403 ἐντεριώνη
1253 5344 1308 5384 aaa
1322 5345 1418 5385 carries
1433 5330 1541 5384 tantum
1560 5328 1594 5383 dc
1609 5327 1752 5400 carnibus,
1768 5325 1815 5383 aed

92 5383 193 5471 lond.
208 5353 409 5481 lerosolymit.
425 5423 508 5462 num.
524 5407 580 5461 26:
598 5406 689 5475 Neque
703 5404 778 5458 enim
806 5404 836 5457 in
850 5417 936 5474 prauo
989 5417 1086 5471 aarum
1100 5400 1222 5482 samm,
1234 5407 1259 5454 ct
1274 5400 1355 5456 atiud
1368 5416 1403 5456 cx
1417 5400 1472 5457 alio
1486 5399 1588 5474 socero,
1604 5403 1660 5455 etc.
1757 5469 1763 5482 ·

95 5484 201 5543 vitici
215 5479 332 5544 radices,
348 5481 464 5546 ommam
472 5477 558 5604 colia,
573 5479 675 5542 ariste,
688 5475 777 5545 paieae
803 5477 867 5529 suat
878 5473 936 5528 dic·
1025 5472 1061 5543 (c)
1077 5472 1117 5526 llx
1131 5475 1240 5526 uostris
1255 5487 1328 5537 mss,
1339 5469 1609 5527 suffecimusverbe
1633 5472 1815 5526 ceterasrmr-

101 5557 267 5616 wlutaezstc
281 5552 464 5606 elimatione
492 5563 656 5604 uuuruorum
670 5561 815 5618 corporum
824 5553 937 5600 manem
990 5543 1056 5598 liter
1083 5558 1147 5614 que
1163 5541 1191 5597 id
1221 5540 1362 5599 hacteuus
1396 5541 1523 5617 vulgatis
1549 5515 1633 5598 libris
1666 5539 1815 5598 desidera·

98 5614 934 5703 momeurpmdiuutiquaprtnoipio,etquasiirreprpup,
989 5615 1107 5671 bantur.
