3818 6104
143 334 204 427 ia
764 351 797 420 s.
820 351 977 420 eusanii
998 353 1223 420 manciani
1786 345 1850 416 ici

143 494 285 558 tratur,ut
295 487 698 564 malorasintpoccataquam
708 489 968 562 pronunciatio
983 492 1012 558 Α
1025 489 1096 560 quid
1106 489 1186 544 enim
1194 488 1319 544 dixerint
1329 487 1567 546 indefensionem
1577 485 1661 543 illius
1671 483 1848 553 testimonii,

145 578 304 655 pelagiam,
319 581 394 637 111
413 581 509 637 omnis
524 579 623 637 anima
637 578 774 650 accipite
802 583 859 633 Deo
886 594 971 649 pecii·
1024 577 1080 633 hoc
1095 593 1149 633 nos
1164 577 1193 633 in
1209 577 1437 635 satisfactionem
1453 575 1755 650 presentissermonis
1766 576 1851 649 apta·

145 667 229 735 niam
243 667 438 743 spiritualem,
457 670 621 726 secundum
637 667 711 724 illud
726 665 873 738 Evangelii
889 666 969 738 (Mat.
1025 666 1138 723 bimus.

145 773 210 826 xxii,
227 759 291 815 luc.
307 758 367 830 ιιιιι)
382 759 459 832 quod
470 758 579 816 dieitur
592 758 622 814 in
636 754 784 829 parabolis
799 755 934 827 quinque
943 758 973 810 et
1061 754 1152 827 (Vers.
1169 756 1226 828 li.)
1241 758 1306 812 Ecce
1319 760 1409 812 omnic
1423 758 1471 828 qui
1485 756 1555 812 dicit
1568 756 1652 829 culpe
1662 754 1850 826 moabiam,

148 843 876 915 deamatuniustalentorum,oteervorumdecem
887 859 972 900 mnas
1025 846 1054 900 iii
1068 852 1092 900 te
1105 849 1226 901 assumet
1239 845 1319 917 illud,
1336 845 1540 902 dimensioni
1554 852 1652 915 mater,
1669 845 1709 899 ita
1738 846 1765 898 et
1790 844 1853 914 filio

148 935 280 1010 singulae
295 935 512 1009 accipientium,
525 933 769 1008 quicumegerint
780 931 970 1006 negligenter,
1024 933 1093 1004 ejus.
1108 933 1181 988 Filio
1193 935 1292 990 matris
1305 939 1360 990 tuae
1370 949 1407 1002 es,
1423 949 1485 1005 quae
1495 934 1608 1006 projecit
1620 935 1712 989 uirum
1722 947 1815 1002 cuum,
1826 936 1854 988 et

148 1025 294 1085 debitores
308 1025 384 1082 fiunt
398 1025 613 1098 quinquaginta
629 1023 681 1090 [ill.
698 1023 810 1094 decem]
839 1021 971 1077 denario·
1025 1021 1176 1092 filioieuoc,
1186 1030 1212 1077 ei
1226 1037 1305 1078 soror
1317 1037 1440 1078 sororum
1453 1025 1564 1078 tunium
1577 1025 1617 1092 ta,
1642 1034 1706 1093 quae
1730 1022 1853 1093 projece-

148 1130 216 1172 num
232 1119 261 1171 et
275 1115 514 1189 quingentorum,
530 1120 559 1170 et
573 1117 691 1185 propter
705 1111 760 1167 hoc
780 1110 973 1183 presentibus
1026 1112 1174 1167 ruotuiros
1190 1120 1298 1179 cocart
1315 1113 1387 1184 filios
1402 1127 1473 1168 suoi.
1489 1111 1576 1167 LXX:
1592 1112 1655 1169 Haec
1669 1113 1734 1166 suot
1756 1111 1854 1167 omnia

148 1204 342 1273 amatoribus,
358 1221 432 1277 quos
445 1205 604 1270 daemones,
619 1199 973 1272 contrariasquevirtutes
1027 1214 1090 1272 quae
1103 1198 1234 1257 dicerunt
1252 1204 1386 1257 concrete
1400 1201 1583 1272 inparatum,
1605 1199 1725 1256 limata
1741 1217 1748 1255 :
1776 1198 1854 1255 Sicut

149 1292 355 1366 intelligimus,
370 1292 513 1349 reveletur
527 1288 690 1364 ignominia
700 1287 873 1358 Jerusalem,
887 1287 932 1344 vel
942 1287 973 1343 in
1026 1297 1125 1355 meter,
1139 1293 1166 1345 et
1179 1291 1250 1361 filie.
1266 1291 1339 1346 Filia
1353 1292 1451 1346 miras
1466 1294 1520 1346 tuae
1531 1293 1564 1344 tu
1577 1305 1616 1357 ee,
1627 1305 1686 1360 que
1699 1287 1805 1361 mpetu
1814 1289 1856 1343 ui·

150 1378 322 1452 dieiudioii,
338 1377 382 1434 vel
398 1377 429 1433 iu
443 1381 573 1450 tempore
587 1374 762 1448 poenitentia
778 1377 895 1447 quando
909 1392 973 1432 cor·
1027 1397 1091 1436 mim
1103 1394 1194 1446 mum,
1212 1388 1238 1436 et
1250 1379 1412 1451 filiossucc:
1433 1382 1710 1435 etscrcreiserorem
1736 1380 1854 1433 tuorum

150 1467 308 1541 cipiantur.
320 1469 355 1529 at
368 1467 575 1539 uniusquidem
590 1463 671 1521 solus
696 1464 880 1536 omnipotens
896 1465 974 1522 Deus
1028 1488 1089 1546 qaae
1098 1471 1258 1543 reputemini
1268 1470 1341 1525 uiroc
1350 1484 1422 1539 auec,
1437 1475 1463 1524 et
1475 1467 1549 1538 fitius
1558 1482 1631 1523 suos.
1647 1469 1717 1522 Post
1737 1461 1856 1520 acedio-

150 1556 245 1614 cernit
257 1554 382 1622 occulta,
397 1555 512 1611 dicente
528 1568 662 1611 sermone
676 1551 865 1625 Euangeliou:
878 1557 974 1611 uteo·
1028 1581 1075 1636 γον
1091 1561 1229 1618 vitiorum
1243 1562 1273 1614 et
1282 1556 1472 1630 correptionis
1483 1557 1536 1628 [ii.
1547 1554 1758 1628 correptiones]
1766 1554 1856 1611 lem.

149 1652 192 1704 ier
204 1646 255 1719 uui
262 1644 335 1702 videl
348 1646 379 1700 in
390 1645 551 1702 abscondito
579 1644 653 1716 (Mai-
669 1657 707 1712 Vl,
732 1641 770 1714 ⁶i·
800 1643 834 1698 Ei
861 1642 892 1698 in
917 1640 974 1698 8¹5⁰
1028 1650 1132 1719 salem,
1148 1665 1200 1721 per
1214 1663 1302 1718 quam
1319 1645 1475 1703 retrahitur
1490 1646 1526 1701 ad
1541 1644 1679 1711 salutem,
1695 1646 1815 1715 aptatur
1828 1647 1857 1700 et

149 1733 233 1792 ioco:
249 1732 381 1790 &muana
393 1733 474 1791 cerda
487 1741 513 1790 et
527 1749 606 1790 renes
631 1735 702 1792 Deus
716 1733 772 1805 (Pa.
791 1749 841 1802 vii,
859 1732 913 1803 10).
940 1731 975 1789 Ei
1029 1740 1131 1795 tritum
1147 1736 1227 1809 volgi
1242 1751 1376 1792 sermone
1392 1734 1589 1807 proverbium,
1604 1733 1665 1789 siva
1683 1736 1720 1788 ut
1730 1733 1857 1805 Septua-

149 1821 180 1882 in
189 1822 301 1895 Regum
311 1821 460 1880 volumine
472 1823 520 1880 :Te
532 1824 606 1879 soluo
616 1827 689 1882 nocti
710 1823 793 1880 eorde
814 1828 975 1878 succuram
1028 1827 1110 1901 ginta
1124 1824 1312 1890 transtulere,
1321 1824 1473 1896 parabole:
1491 1823 1591 1890 Qualis
1607 1828 1712 1889 mater,
1726 1820 1803 1878 talis
1827 1823 1856 1875 si

149 1911 275 1984 filim
289 1910 409 1969 immin&
422 1911 471 1982 (Ν
485 1913 550 1984 Rei·
566 1914 638 1986 vul)-
656 1913 777 1979 Quando
791 1927 859 1967 vero
886 1908 974 1965 suerii
1029 1917 1100 1973 tilia.
1115 1916 1208 1971 Mater
1221 1917 1319 1971 autem
1330 1912 1502 1975 Jerusalem,
1519 1911 1596 1967 sicut
1610 1915 1639 1968 et
1654 1927 1745 1984 supra
1768 1914 1798 1967 et
1826 1909 1859 1965 iu

151 1999 297 2073 expletum
310 2016 317 2056 ι
332 2001 392 2057 rue
404 2005 442 2058 eit
457 2001 648 2058 absconditum
659 2002 735 2074 quod
747 2017 803 2058 noa
818 2000 975 2071 maciteate·
1029 2003 1278 2077 consequentibus
1288 2002 1432 2074 scriptum
1451 2004 1505 2069 est,
1526 1999 1664 2057 Chethea
1677 1997 1858 2072 appellatur,

150 2097 207 2158 tur.
221 2092 389 2160 etopertum
403 2090 474 2163 quod
484 2107 540 2146 noa
555 2091 692 2147 reveletur
705 2091 781 2163 (Luc.
794 2105 847 2158 iiii,
870 2088 911 2159 2).
941 2087 977 2143 Et
1029 2093 1297 2166 interpretaturque
1312 2092 1465 2160 insaniens,
1474 2088 1859 2145 sivoinameauameerieiu:

152 2177 184 2234 in
197 2177 253 2236 elio
269 2177 331 2235 loco
346 2195 352 2233 :
369 2179 462 2237 Nolite
475 2188 540 2237 aete
554 2182 660 2252 tempus
669 2179 808 2253 judicare,
823 2179 909 2234 donec
935 2191 978 2232 ue
1030 2199 1083 2257 per
1097 2198 1161 2254 que
1177 2180 1274 2237 secuti
1287 2180 1378 2251 hujus
1392 2177 1538 2235 incentiva
1553 2180 1763 2244 monstrantur,
1789 2191 1860 2248 quas

151 2269 213 2325 aiat
225 2269 367 2336 Dominus,
378 2269 430 2339 qui
436 2268 610 2325 illuminabit
622 2268 783 2326 abscondito
790 2268 976 2331 tenebrarum,
1031 2272 1176 2344 eaptivam
1191 2269 1320 2325 animum
1335 2269 1450 2323 ducunt
1465 2267 1501 2322 ad
1524 2265 1685 2333 interitum,
1703 2267 1765 2320 ata
1792 2264 1857 2320 uiro

152 2362 179 2413 ei
191 2357 380 2426 manifestabit
393 2357 512 2413 censitio
526 2357 660 2429 cordium,
675 2365 775 2414 ettuuc
789 2359 850 2412 ἰαω
867 2355 977 2412 auieai-
1032 2364 1169 2434 soporant
1183 2358 1274 2431 (baud
1288 2356 1412 2413 dubium
1426 2354 1497 2427 quin
1512 2355 1634 2411 verbum
1651 2352 1700 2410 uei
1711 2353 1860 2409 doctrina·

153 2443 602 2521 quaeritaDevllCor·1v‚5):
626 2449 655 2502 ct
684 2462 751 2502 cum
781 2443 978 2516 corruptionis
1032 2448 1241 2522 quedicatur).
1259 2446 1393 2501 Etscror
1414 2459 1548 2500 sororum
1577 2458 1712 2509 suerum,
1737 2443 1860 2513 etpost

152 2538 271 2608 tempus
283 2534 696 2608 advenerit‚tuncimplebitur
709 2533 782 2590 illud
797 2537 886 2590 Oeae:
899 2533 978 2588 Nunc
1033 2536 1186 2612 paululum
1199 2534 1428 2601 tentassemus,
1441 2533 1704 2597 Sodomavonatnr,
1716 2530 1858 2589 etSama·

152 2622 390 2687 circumdederunt
404 2638 450 2679 eos
463 2625 642 2694 cogitationes
669 2638 740 2692 sua¹
758 2623 834 2692 (Osee
860 2638 911 2689 vii,
938 2621 977 2693 2).
1033 2627 1078 2684 ria
1090 2642 1232 2699 :quarum
1244 2623 1335 2680 altera
1344 2621 1484 2695 gentilem
1496 2621 1586 2678 vitam
1595 2619 1808 2692 luxuriamque
1817 2618 1863 2676 si-

154 2711 191 2768 at
205 2709 235 2767 in
251 2710 307 2769 alic
321 2710 384 2768 laco
399 2727 406 2768 :
422 2712 497 2768 later
510 2729 539 2769 ee
549 2712 757 2784 capitationibus
772 2711 978 2777 omusaatitus,
1033 2715 1164 2789 gnificat,
1182 2713 1273 2768 altera
1287 2711 1489 2768 hereticorum
1502 2708 1662 2783 decipulas.
1673 2708 1764 2766 Porro
1779 2707 1861 2780 quod

154 2798 217 2861 sive
232 2798 449 2871 defendentibus,
466 2801 497 2854 in
511 2800 675 2872 diequoudo
689 2801 823 2871 iudicabit
840 2801 908 2856 lleaa
921 2799 980 2854 ats-
1034 2805 1064 2860 in
1078 2802 1268 2876 Septuaginta
1281 2800 1389 2874 legitur
1405 2817 1411 2856 :
1429 2799 1467 2871 (a)
1482 2815 1586 2856 sorores
1601 2805 1862 2876 commissarum,

154 2886 264 2951 condita
279 2886 424 2944 homiaem
438 2888 526 2959 (Rom.
549 2906 581 2956 ii,
602 2890 657 2962 15).
686 2889 722 2945 ut
748 2904 886 2944 rursum:
916 2886 981 2943 licea
1034 2909 1094 2965 qaae
1110 2891 1269 2964 repulerunt
1288 2891 1447 2954 virescens,
1461 2891 1488 2944 et
1501 2887 1572 2958 filios
1585 2903 1658 2958 suoi,
1683 2903 1744 2944 noa
1769 2885 1864 2948 bebai

160 2975 250 3042 tomo,
266 2980 292 3033 et
306 2990 388 3049 opera
405 2976 465 3048 qus
480 2985 544 3032 aute
558 2978 659 3049 faciem
674 2978 760 3032 illius:
777 2976 813 3032 uc
839 2975 982 3031 videbunt
1035 2996 1165 3038 sonsum.
1178 2980 1256 3045 Quae
1270 2979 1349 3035 enim
1365 2975 1439 3034 aliae
1449 2992 1563 3033 sorores
1574 2975 1863 3038 habebantsodoms

157 3080 259 3121 omnes
274 3063 488 3137 turpitudinem
503 3065 568 3138 ejus
583 3066 633 3138 qui
649 3066 731 3138 prius
745 3081 813 3120 cum
827 3065 982 3121 coluerant
1035 3074 1063 3126 et
1076 3068 1219 3139 Samaria,
1236 3083 1302 3140 quae
1317 3082 1431 3123 sorores
1451 3069 1521 3122 sunt
1547 3062 1736 3121 Jerusalem?
1756 3063 1793 3125 lit
1804 3061 1862 3123 hoo

88 3178 95 3186 ’
155 3152 303 3221 fornicati,
319 3157 348 3209 et
360 3152 442 3210 dabit
456 3170 521 3210 eam
538 3155 612 3211 Deus
627 3154 656 3210 in
673 3154 817 3227 sanguine
833 3153 938 3211 luroris
953 3157 982 3208 et
1037 3158 1237 3231 quarendum,
1258 3156 1420 3227 titiquos
1434 3153 1649 3212 viroeSodoma
1666 3152 1863 3224 samariaque

155 3240 219 3299 aeli.
235 3241 342 3298 Plenus
358 3242 490 3299 estenim
507 3243 646 3300 lurorviii
657 3247 885 3300 contrauaorem
897 3240 978 3298 adul·
996 3221 1019 3290 C
1037 3246 1211 3312 dimiserint,
1221 3248 1249 3302 et
1268 3261 1342 3317 quos
1370 3242 1545 3314 projecerint
1572 3241 1675 3298 illicet
1702 3239 1765 3298 Nisi
1786 3239 1864 3299 ionio

155 3332 260 3399 teram,
276 3335 305 3387 et
315 3330 396 3387 nullo
409 3331 501 3404 pretio
512 3335 607 3404 potest
621 3331 735 3389 redimi.
745 3331 871 3404 Sanguis
882 3334 979 3387 autem
1034 3334 1183 3408 possimus
1197 3333 1254 3390 hoc
1264 3331 1370 3399 dicere,
1382 3332 1462 3403 quod
1477 3346 1594 3403 semper
1606 3329 1772 3388 amantium
1786 3328 1862 3386 iluc·

154 3415 283 3475 filiorum
295 3419 337 3475 sic
351 3419 475 3494 intelligi
491 3423 597 3494 potest,
615 3419 733 3478 ulfilios
743 3418 980 3492 appellemusJe·
1034 3428 1119 3481 tuerit
1133 3424 1232 3496 pedes,
1250 3438 1302 3479 uec
1316 3421 1377 3477 siut
1391 3420 1487 3477 solida
1500 3418 1622 3492 vestigia
1633 3435 1697 3492 que
1707 3418 1864 3490 (utcontra

154 3506 284 3564 rusalsm
299 3503 451 3582 λογισμούς
467 3505 579 3577 καλούς,
596 3509 624 3565 id
639 3510 871 3579 est,coqitotioiies
886 3508 979 3577 team,
1034 3513 1184 3569 veritatem
1200 3515 1286 3579 suat;
1303 3510 1354 3567 sed
1369 3510 1427 3567 huc
1441 3507 1757 3580 illucquediscurrant,
1768 3506 1863 3565 etelr-

155 3611 219 3668 quae
235 3613 252 3652 a
266 3597 321 3653 Deo
336 3597 507 3654 hominibus
522 3597 616 3654 insite
631 3603 719 3667 suni;
740 3614 815 3671 quos
841 3596 980 3654 interficit
1035 3602 1235 3659 oumferantur
1249 3600 1330 3657 omni
1344 3605 1428 3657 vento
1442 3598 1591 3666 doctrinm,
1607 3595 1862 3655 dumdeialeitato

154 3680 297 3752 adultera,
310 3686 427 3757 qnando
442 3685 478 3742 ad
495 3684 876 3759 malaoperadeclinaverit.
889 3684 978 3741 Prod·
1034 3695 1186 3748 transeant
1201 3690 1236 3746 ad
1253 3688 1340 3746 oliam
1357 3687 1515 3745 salsitatem
1529 3685 1635 3759 (Epioe.
1653 3687 1702 3757 iv).
1731 3686 1767 3743 ui
1791 3701 1861 3744 cnm

152 3775 198 3830 est
211 3774 511 3846 quoqueJerasalem,
528 3779 560 3831 ut
571 3775 747 3832 suffodiatur
761 3774 887 3847 lupanar
901 3775 976 3846 ejus,
1035 3778 1065 3835 in
1078 3778 1182 3853 primis
1193 3779 1340 3835 frustrane
1351 3776 1474 3834 sudasse
1484 3775 1723 3849 cognoverimus
1731 3774 1862 3835 munde

152 3862 182 3918 et
196 3862 294 3919 omnis
309 3861 509 3924 fornicationis
519 3863 583 3934 ejus
596 3864 787 3921 seminarium
799 3864 976 3920 destruatur.
1035 3868 1180 3940 tertiaque
1194 3867 1412 3924 transcendant.

153 3947 227 4006 Cum
242 3949 321 4005 enim
334 3949 389 4006 hoc
404 3950 621 4023 lactumiuerit‚
639 3952 787 4009 mercedes
813 3951 890 4009 ultra
918 3968 977 4008 non
1069 3956 1164 4025 (Vere.
1181 3957 1215 4012 45
1229 3953 1324 4027 seqq.)
1338 3955 1431 4011 Mater*
1449 3957 1540 4011 cetra
1563 3957 1678 4011 Μαι
1704 3950 1761 4024 (al.
1790 3951 1859 4008 eie-

152 4036 245 4108 dabit,
260 4040 289 4093 et
303 4038 466 4110 requiescet
480 4039 532 4095 Dei
547 4039 720 4112 indignatio,
734 4045 763 4097 et
789 4056 977 4112 nequaqnam
1032 4045 1127 4116 tliaeo),
1144 4050 1171 4100 et
1177 4053 1256 4117 pater
1272 4052 1360 4100 vester
1373 4042 1857 4113 Aesoniumaesonium

152 4140 217 4182 eam
232 4125 384 4194 zelabitur,
401 4127 438 4184 de
447 4126 527 4184 illins
540 4128 673 4184 castitate
688 4144 828 4185 securus:
845 4128 978 4185 videlicet
1032 4133 1160 4189 Samaria
1173 4150 1179 4188 :
1192 4135 1256 4204 ipso
1269 4137 1296 4188 et
1310 4132 1375 4203 filiae
1389 4132 1517 4201 ejusque
1531 4129 1656 4187 aetium
1665 4127 1862 4185 adiuturam

147 4213 529 4288 Juxtaecsquiinbonam
546 4216 822 4289 partemaccipiunt
839 4234 903 4290 quai
934 4218 976 4275 di·
1032 4226 1120 4278 tuom.
1135 4221 1217 4277 Soror
1229 4229 1321 4276 eutem
1335 4220 1487 4277 tueminoc
1499 4223 1535 4287 te,
1560 4231 1622 4290 quse
1643 4215 1862 4273 oetaeum

151 4305 269 4361 cuntur.
287 4301 343 4360 Alii
357 4321 436 4373 vero,
452 4305 530 4360 1⁷8
546 4309 578 4361 ut
592 4321 681 4377 supra
696 4305 834 4375 diximus,
849 4306 884 4362 ad
907 4323 975 4364 con·
1033 4312 1156 4382 tristuic,
1171 4309 1285 4367 Sodoma
1299 4312 1324 4366 et
1338 4309 1408 4380 filiae
1420 4308 1488 4380 eiua
1501 4307 1552 4365 Sed
1563 4321 1613 4364 eac
1634 4307 1665 4363 ie
1688 4305 1742 4362 uiis
1761 4319 1861 4363 eurum

151 4391 393 4464 trariampartem
410 4393 549 4462 referunt,
566 4396 724 4467 utmagnai
740 4394 789 4450 ira
803 4394 975 4452 Deisitnon
1033 4400 1191 4471 ambulasti,
1221 4413 1309 4472 neque
1331 4397 1483 4454 seeundum
1503 4397 1607 4454 scelere
1633 4411 1732 4452 euram
1767 4395 1861 4465 secuti

152 4480 249 4553 irasci,
265 4497 332 4537 cum
343 4481 433 4538 semel
444 4483 652 4555 contempserit
666 4482 868 4552 fornicantem,
885 4488 914 4540 et
939 4486 975 4541 de
1030 4489 1113 4560 paulo
1128 4486 1225 4560 [Vulg.
1241 4486 1531 4558 pauxillumlmiaue:
1545 4500 1617 4557 pene
1628 4484 1860 4556 mulierosu-

151 4568 247 4626 salute
258 4568 338 4626 illius
348 4568 610 4644 desperaverit.Sia
621 4575 719 4628 autem
732 4572 859 4629 haretici
871 4573 976 4646 quive·
991 4579 1097 4660 flcisti
1110 4578 1168 4633 illis
1183 4577 1214 4631 in
1228 4576 1355 4632 omnibus
1379 4576 1431 4631 uiis
1447 4576 1511 4632 tais.
1542 4572 1633 4630 LXX:
1654 4575 1746 4629 Mater
1770 4574 1860 4631 mire

151 4663 201 4716 tus
215 4674 274 4715 non
286 4658 429 4732 recipiunt
436 4660 679 4730 Instrumeutum,
691 4662 778 4733 juxta
788 4662 978 4736 septuaginta
1032 4666 1168 4731 caethea,
1182 4669 1208 4721 et
1219 4668 1299 4737 poter
1312 4669 1398 4720 cester
1411 4662 1595 4732 ieonum,
1610 4676 1689 4720 seror
1698 4664 1792 4721 uestro
1816 4677 1858 4719 ss-

151 4746 320 4816 editionem,
335 4746 366 4804 in
380 4747 436 4804 hoc
451 4747 513 4806 loco
529 4749 769 4822 reprehenderint
795 4749 869 4808 illud
898 4753 976 4825 quod
1030 4754 1445 4824 eiorSamaria:liaecetfiliae
1457 4753 1591 4824 ejusque
1604 4751 1735 4808 aucam
1754 4752 1857 4809 aaut·

152 4832 264 4900 dictum
278 4841 340 4896 eet:
357 4839 390 4895 at
403 4839 584 4896 constritatur
597 4855 642 4894 me
666 4840 696 4895 iii
705 4841 834 4896 omnibus
846 4842 928 4909 istiu
942 4858 976 4898 eo
1030 4847 1095 4901 stris
1106 4846 1162 4900 tai'c
1175 4847 1202 4899 et
1214 4858 1292 4900 soror
1305 4850 1354 4898 tuo
1363 4842 1463 4913 junior
1478 4850 1585 4913 teque
1599 4840 1706 4897 dabitat
1720 4856 1739 4899 a
1751 4839 1859 4901 wirte

153 4926 231 4997 quod
246 4926 323 4983 Deus
343 4944 401 4984 non
417 4928 514 4985 solum
528 4927 603 4984 iram
619 4927 750 5001 recipiat,
763 4930 849 4986 sedet
861 4930 976 4987 moerori
1030 4933 1097 5000 tuis,
1111 4934 1231 4989 Sodoma
1244 4939 1270 4987 et
1286 4930 1355 5000 filim
1368 4932 1428 5003 ejus
1439 4948 1449 4986 :
1464 4933 1490 4987 et
1503 4945 1554 4987 aec
1567 4931 1608 4985 sic
1630 4928 1741 5001 quidem
1754 4930 1790 4984 in
1805 4930 1859 4986 eiii

151 5012 976 5090 snbjaeeatatquetristitia,interrogemuseosquomodo
1029 5019 1660 5093 ejucombuiocti,nequesecuadomiuiquitotec
1678 5019 1756 5074 illius
1774 5019 1860 5088 mesti

150 5099 225 5157 illud
236 5101 488 5177 suscipiant,quod
500 5111 577 5163 certe
585 5105 654 5161 boni
665 5105 715 5162 Dei
729 5108 901 5172 mandatum
911 5110 973 5165 eet:
1028 5111 1110 5182 poulo
1124 5111 1228 5176 minei,
1243 5113 1268 5166 et
1280 5114 1484 5180 troiaeqreasoec
1495 5124 1542 5164 eae
1557 5106 1859 5166 iaomniuuotutsu.

150 5188 240 5254 Nolite
252 5192 415 5247 commitere
430 5193 564 5264 Spiritum
591 5200 718 5251 sanctum
741 5197 801 5262 Dei,
819 5197 850 5252 iii
865 5211 916 5269 quc
939 5197 976 5252 si·
1030 5198 1268 5274 supradixerat:
1283 5198 1783 5264 caeremoniamque&
1810 5199 1862 5255 itin

148 5279 726 5358 qmtteouinterempturumaptes.
742 5300 781 5352 iv,
806 5284 863 5357 30).
892 5284 977 5352 Ouid·
1031 5288 1177 5357 cantem
1194 5286 1351 5344 hicordine
1367 5288 1742 5366 etnumerooommutato:
1773 5284 1861 5346 {ner

187 5446 225 5533 (a)
238 5456 386 5541 Distinctis
399 5455 622 5540 verbis,alioqus
634 5462 705 5517 adeo
717 5476 816 5543 sensu.
828 5460 877 5518 hic
887 5465 915 5519 et
925 5480 974 5518 su·
1031 5463 1096 5520 axx
1113 5462 1242 5535 plurium
1253 5459 1559 5538 numerc,uoidiciqai
1580 5466 1634 5521 τῶν
1654 5458 1783 5541 dirique
1800 5483 1861 5534 eeu,

137 5544 204 5601 ,pra
220 5529 408 5612 Martianaeus
423 5527 501 5602 legit,
518 5546 594 5613 soror
608 5547 644 5614 ea
663 5531 720 5588 Nec
737 5531 873 5615 diffiteor,
896 5535 974 5618 quod
1029 5539 1055 5593 et
1069 5551 1174 5618 sorores
1188 5538 1441 5620 sororumtuaram
1460 5536 1560 5620 hebet,
1574 5540 1603 5593 et
1625 5535 1765 5618 subnexa
1791 5536 1863 5601 uto-

151 5601 181 5655 et
195 5598 310 5656 Nobilio
326 5604 459 5656 notatum
474 5605 529 5666 eet,
545 5618 575 5657 in
590 5601 701 5730 aliquot
716 5604 822 5660 Grecis
837 5604 930 5673 libris,
947 5610 975 5661 et
1030 5623 1208 5753 ron5mianas
1224 5608 1415 5679 expositionis
1430 5623 1522 5664 series
1536 5622 1578 5664 sic
1588 5604 1644 5680 legi
1660 5606 1806 5680 postulet.

151 5683 243 5744 peaes
255 5670 464 5739 theodoritum
478 5671 580 5734 heberi
594 5669 640 5729 iii
661 5673 710 5751 pit.
719 5678 828 5734 Verum
838 5680 867 5733 st
876 5679 974 5734 textus
1052 5678 1092 5752 tt
1116 5682 1180 5737 uuo
1195 5693 1281 5746 ωσι,
1296 5691 1357 5750 que
1368 5679 1483 5752 proprie
1495 5679 1621 5738 amuda
1635 5678 1711 5736 suat.
