3818 6104
153 265 237 336 ibit
719 254 722 260 Α
781 263 814 326 S.
836 259 993 327 EUSEBH
1013 258 1236 325 Hluuorvlllt
1793 252 1857 320 ib'll

160 421 219 472 rea,
237 404 291 459 hoc
306 405 360 470 eet,
377 397 407 458 iu
422 393 738 471 thasauroatampli,et
751 397 984 454 babeantsacer·
997 406 1025 474 Α
1041 395 1162 466 loquitur
1190 390 1364 448 audientium
1392 388 1476 464 (b'cct.
1493 388 1574 462 xxv).
1606 385 1738 446 Levabit
1762 404 1858 462 quoque

159 494 241 550 dotes
256 496 344 562 atqua
358 489 473 558 Levita,
492 487 543 561 qui
557 486 631 543 mibi
647 487 828 557 ministrant,
845 485 924 541 cibos
936 501 943 540 ι
953 488 982 540 at
1038 481 1138 539 oculos
1153 498 1232 552 suos,
1245 484 1273 536 et
1287 479 1395 536 videbit
1410 480 1560 555 regiones,
1571 479 1723 552 quoniam
1736 478 1794 548 jam
1801 479 1858 535 albe

158 580 235 638 078
251 579 371 653 probata
386 593 443 648 me,
458 576 556 634 sinon
571 581 670 634 tantas
690 575 806 649 pluvias
819 575 983 642 effundero,
1037 570 1342 628 suntadmeteudum
1371 570 1540 641 (teon.1v):
1573 573 1604 625 et
1621 567 1749 640 colliget
1770 567 1859 625 tructos

159 672 347 727 utcataracte
359 668 422 724 coeti
434 670 540 740 aperte
549 680 613 724 assa
622 666 788 723 credantur.
798 664 983 737 &effandum
1037 660 1069 717 iu
1082 659 1175 719 vitam
1188 663 1336 718 uternam
1360 658 1417 715 Nec
1432 659 1487 717 erit
1510 657 1631 715 sterilis
1654 657 1746 712 vinea
1768 656 1796 713 in
1807 673 1860 730 agro

157 759 232 817 uobis
247 757 457 815 benedictionem
471 771 557 828 mque
570 755 606 811 ad
626 755 835 812 abundantiam.
851 753 981 810 Verbum
1036 749 1228 822 ejae,iilequi
1243 748 1316 806 dicit
1323 749 1354 806 in
1368 747 1526 823 Evangelio
1539 765 1547 803 :
1559 749 1619 820 Epo
1635 763 1704 803 sum
1715 747 1779 801 uitis
1791 747 1861 816 (toan,

157 847 320 915 effusionis,
332 844 589 918 nomeulargitatis
599 843 737 901 ostendit.
748 844 802 899 Sed
815 843 875 900 lieri
887 847 983 916 potest
1036 857 1084 905 xv,
1102 840 1138 911 1).
1154 839 1188 895 Et
1202 839 1252 911 qui
1267 837 1399 911 loquitur
1409 853 1461 911 per
1475 834 1665 912 prophetam
1679 836 1751 907 :qu
1764 840 1790 892 tc
1800 839 1862 908 ptaa

158 942 191 993 ut
206 953 291 1010 agros
304 934 495 1007 irrigantibus
510 933 628 1007 pluviis,
644 934 683 989 sit
701 933 820 1005 quidem
830 931 981 1000 fertilitas3
1036 930 1092 986 tovi
1106 931 1219 986 vincum
1232 931 1408 1002 fumiferam,
1423 945 1536 985 omnem
1552 944 1659 985 veram
1674 927 1744 999 (ter.
1761 943 1790 996 u,
1812 929 1861 997 nn

157 1041 259 1082 verum
275 1028 325 1081 aut
340 1023 379 1095 (a)
395 1022 509 1080 locusta
532 1026 583 1079 aut
596 1022 737 1093 bruchus,
754 1026 805 1078 aut
828 1038 917 1095 erugo
932 1025 983 1078 aut
1036 1021 1066 1076 at
1080 1022 1192 1075 tautam
1208 1022 1272 1091 (per
1281 1017 1458 1075 humilitatis
1472 1016 1716 1076 contessionem.
1733 1019 1762 1071 et
1774 1017 1862 1088 gratia·

157 1131 245 1171 cruca
272 1113 437 1178 destruent,
461 1117 490 1169 et
519 1110 633 1168 iabores
660 1111 816 1168 hominum
838 1115 981 1184 pereant;
1037 1124 1103 1164 rum
1117 1108 1262 1165 actionem
1278 1107 1424 1179 iuDeum,
1439 1103 1864 1183 acmagistrosEcclesiaeejusi

158 1206 312 1276 propterea
322 1203 423 1275 jungit
437 1204 465 1257 et
480 1201 568 1257 dicit:
582 1202 616 1256 Et
628 1201 774 1274 increpabo
787 1217 837 1273 pro
850 1202 925 1258 cobis
935 1201 981 1258 dc·
1036 1196 1246 1254 beatitudiuem
1261 1200 1456 1272 consequetur
1470 1202 1504 1253 ut
1520 1213 1633 1253 ornnes
1649 1195 1773 1252 beatum
1795 1195 1863 1252 iilum

158 1300 307 1359 veromam,
325 1290 469 1347 locustam
495 1289 642 1359 videlicet,
660 1294 689 1346 et
704 1289 894 1364 reliquaque
909 1289 982 1346 dixi·
1037 1286 1137 1343 dicant
1151 1290 1263 1359 gentes,
1280 1287 1349 1342 etin
1365 1287 1518 1358 terraejus
1533 1290 1632 1358 atque
1644 1283 1782 1340 doctriua
1794 1283 1865 1340 habi·

158 1396 244 1438 mus:
273 1386 302 1437 et
327 1393 386 1437 nou
408 1384 575 1452 corrumpet
601 1379 729 1436 fructum
758 1383 840 1435 tarra
868 1383 982 1437 vestre.
1037 1375 1292 1442 taradesidarent,
1321 1374 1371 1448 qui
1396 1374 1533 1431 illumin
1565 1374 1710 1430 Ecclesia
1739 1374 1866 1431 audierint

157 1470 250 1527 Vinea
264 1479 381 1542 quoque
409 1467 543 1540 implebit
569 1467 737 1538 torcularia,
753 1472 782 1524 et
800 1471 910 1524 cuncte
932 1485 984 1541 per
1038 1464 1251 1536 disputantem.

158 1559 314 1616 circuitum
338 1558 473 1614 nationes
489 1557 676 1613 mirabuntur
705 1555 884 1613 fertilitatem
900 1561 984 1615 terras
1074 1553 1167 1625 (Vers.
1193 1552 1239 1620 t3,
1268 1553 1363 1625 seqq.)
1391 1555 1577 1609 innotuerunt
1603 1568 1697 1623 saper
1726 1568 1771 1608 mc
1803 1554 1865 1611 verta

157 1652 270 1720 vestre,
287 1648 435 1703 intentum
451 1651 484 1702 ut
498 1663 601 1703 omnes
624 1646 655 1701 in
667 1661 702 1703 aa
715 1645 849 1702 habitare
871 1646 984 1703 deside·
1037 1650 1136 1706 cestra,
1151 1642 1219 1698 dicit
1234 1643 1375 1709 Dominae,
1392 1651 1418 1698 ct
1440 1642 1579 1698 dixistis:
1601 1641 1677 1712 quid
1693 1641 1781 1697 locuti
1793 1658 1866 1698 maur

158 1742 233 1806 rent,
250 1741 279 1794 et
292 1730 474 1793 abundantia
502 1752 600 1792 rerum
616 1734 748 1790 omnium
773 1735 886 1791 cunctis
911 1752 984 1808 gen·
1002 1736 1134 1847 Bcontrc
1148 1731 1197 1787 tc?
1212 1731 1337 1795 Dictatis.
1352 1748 1439 1788 vanua
1461 1739 1504 1787 est
1519 1733 1572 1803 qui
1586 1732 1682 1786 seruit
1703 1730 1770 1799 Deo,
1780 1741 1805 1788 et
1815 1733 1865 1805 qvid

158 1827 239 1883 tibus
253 1824 319 1881 sitia
333 1823 477 1896 exemplo.
494 1823 576 1888 Quod
591 1823 628 1880 de
643 1823 766 1880 decimis
789 1823 987 1899 primitiisque
1040 1821 1264 1887 tentamentum,
1277 1821 1360 1893 ,quio
1387 1821 1592 1877 custodivimus
1606 1824 1757 1893 precepta
1780 1823 1867 1893 ciana

69 1921 86 1932 ·
159 1913 300 1980 diximus,
315 1929 379 1985 que
395 1911 466 1969 olim
478 1912 775 1984 dabanturapopulo
786 1913 987 1969 sacerdotibus
1041 1911 1108 1984 qaia
1119 1909 1323 1966 ambulavimus
1337 1911 1428 1965 tristes
1440 1926 1535 1966 coram
1554 1911 1686 1967 Domino
1697 1913 1866 1967 amatam!

158 2018 192 2058 ac
205 2000 321 2067 Levitis,
334 2003 364 2056 in
387 2000 524 2057 Ecclesia
549 2016 666 2072 quoque
691 2000 808 2072 populis
822 1999 987 2074 intelligite,
1041 2000 1111 2070 Erpa
1126 2014 1201 2055 nuuc
1214 2000 1303 2055 bentm
1326 1997 1442 2055 dicimur
1465 2007 1646 2071 arrepuntes,
1666 2000 1806 2072 siquidem
1817 2004 1864 2058 rd-

158 2090 267 2162 quibus
282 2093 455 2163 preceptum
471 2092 526 2155 cst,
542 2107 600 2146 uon
615 2088 710 2145 solum
727 2090 857 2146 decimas
874 2091 944 2146 dare
959 2095 988 2146 et
1044 2088 1119 2144 iacti
1131 2092 1196 2144 aunt
1208 2089 1530 2160 sammcnrimpictotcm:
1550 2092 1781 2146 ettentouencnt
1795 2093 1863 2156 itm,

48 2226 51 2231 .
157 2175 323 2252 primltias;
339 2178 389 2234 sed
416 2183 445 2234 et
465 2177 590 2234 vendere
605 2178 704 2234 omnia
727 2195 792 2250 que
815 2178 934 2246 habent,
959 2183 988 2235 et
1041 2178 1153 2233 ctaatui
1166 2179 1319 2249 succisam.
1335 2176 1426 2233 LXX:
1443 2180 1626 2249 improbastis
1643 2182 1864 2250 sarpermercrta

158 2268 228 2323 dara
251 2266 439 2340 pauperibus,
465 2271 493 2322 at
517 2267 601 2339 sequi
626 2268 782 2323 Dominum
806 2266 987 2325 Salvatoram
1041 2274 1143 2335 uestro,
1156 2266 1224 2322 dicit
1237 2266 1379 2322 Dominus.
1390 2267 1423 2321 Et
1434 2265 1560 2337 dicistis,
1579 2269 1687 2339 inquo
1703 2269 1864 2325 tamenne

157 2350 338 2429 (dotibxrx,
355 2358 381 2410 ct
404 2360 491 2413 Marc.
507 2355 546 2427 x).
577 2355 699 2422 Quodsi
728 2357 987 2422 iacerenolumua,
1041 2359 1140 2411 ccntm
1166 2358 1214 2410 te?
1235 2355 1636 2427 litdioistia,ucnuseatqui
1664 2359 1865 2415 amudbcozd

157 2438 263 2501 saltam
277 2444 449 2500 iudeorum
463 2443 616 2500 imitemur
625 2444 794 2513 exordia,ut
809 2445 987 2518 pauperibus
1042 2443 1109 2515 quid
1122 2445 1252 2516 amptius,
1264 2445 1330 2516 quia
1341 2444 1538 2500 custodivimus
1546 2445 1774 2519 mandataejar,
1787 2450 1864 2518 aqna

158 2537 274 2606 partem
301 2533 406 2589 demus
422 2536 586 2600 extoto‚et
613 2534 815 2589 sacerdotibus
830 2550 864 2590 ao
880 2533 988 2591 Levitis
1041 2533 1393 2606 ambulavimuasupptices
1422 2536 1609 2605 onmtaciem
1633 2537 1756 2594 Domini
1768 2541 1864 2611 oamipr

159 2618 302 2679 bonorem
317 2622 451 2679 debitum
476 2621 654 2677 deteramus.
679 2622 760 2679 Unde
775 2623 847 2679 dicit
867 2627 897 2679 et
911 2629 988 2696 Apo·
1042 2623 1277 2678 tannebrunne
1291 2639 1340 2679 noa
1353 2622 1443 2678 beator
1468 2623 1595 2680 dicimus
1620 2626 1749 2694 alienos,
1764 2627 1863 2697 eiciat

162 2710 275 2768 stolus:
292 2712 400 2767 Honora
413 2709 520 2779 viduas,
529 2727 590 2781 qua
603 2711 762 2767 varavidnae
773 2720 839 2767 cunt
849 2713 872 2783 (l
885 2713 951 2767 Tim.
961 2729 988 2781 v,
1042 2715 1143 2768 cantur
1156 2727 1250 2768 omncs
1265 2714 1313 2782 qui
1326 2711 1438 2784 fuciunt
1455 2714 1664 2784 iniquitatem,
1694 2725 1722 2773 et
1735 2718 1864 2773 restitaret

161 2800 207 2874 3):
234 2804 263 2857 et
278 2801 481 2873 presbyterum
507 2798 616 2872 duplici
640 2800 751 2856 honora
771 2800 987 2871 honorandum,
1042 2801 1106 2867 uec,
1123 2808 1148 2856 ct
1161 2800 1309 2872 sotcifccti
1324 2803 1397 2856 sant.
1415 2799 1498 2857 Prius
1514 2801 1666 2861 dixerat:
1695 2806 1863 2862 Laborareie

162 2888 288 2945 maxime
303 2888 355 2961 qui
369 2887 520 2945 laboratiu
535 2889 623 2944 verbo
637 2893 667 2944 et
681 2889 815 2946 doctriua
827 2890 886 2946 Dei.
905 2891 987 2955 Quod
1043 2889 1125 2945 cistis
1133 2889 1291 2945 Dominum
1307 2889 1337 2944 in
1352 2889 1542 2946 sermonibus
1556 2893 1692 2962 vestris,
1708 2898 1742 2950 ut
1766 2894 1862 2964 dubia

159 2978 210 3050 qui
225 2993 282 3033 nou
302 2976 410 3044 lecerit,
422 2976 515 3033 Deam
531 2977 667 3034 fraudare
679 2982 708 3034 et
722 2977 912 3050 supplantare
923 2996 990 3037 oon·
1042 2975 1073 3032 iu
1090 2994 1231 3051 quocum
1247 2978 1369 3034 lecimus
1385 2977 1544 3034 laboraret
1557 2977 1592 3035 lu
1611 2997 1652 3037 eo
1670 2998 1743 3038 cum
1758 2983 1862 3040 mdi-

159 3068 295 3136 viucitur,
311 3070 340 3122 et
367 3064 553 3121 maledicitur
565 3067 590 3122 ei
618 3066 649 3121 in
667 3067 792 3138 penuria
813 3084 911 3124 rerum
928 3085 989 3124 om·
1044 3068 1165 3124 ceratia:
1182 3067 1283 3125 Omnis
1296 3068 1346 3140 qui
1364 3068 1432 3124 iacit
1445 3066 1574 3138 malum,
1593 3070 1706 3129 bonus
1721 3078 1768 3130 est
1779 3073 1805 3129 in
1816 3089 1861 3129 ooo·

162 3154 246 3211 nium
258 3172 265 3210 ι
278 3154 369 3226 utqui
378 3170 463 3225 parca
477 3154 592 3225 severit,
604 3170 690 3226 parce
700 3159 825 3212 etmetal
839 3174 845 3212 :
857 3161 886 3213 et
898 3157 989 3230 quiin
1005 3145 1027 3213 G
1045 3160 1146 3229 spectu
1164 3157 1287 3227 bomini,
1299 3161 1328 3212 et
1342 3156 1416 3213 tales
1430 3155 1456 3212 ei
1467 3155 1591 3229 placant
1606 3166 1686 3217 :aut
1695 3167 1774 3219 certe
1787 3164 1861 3218 abiait

161 3242 987 3309 benedictioneseminaverit,inbenedictionibust'ructus
1044 3249 1117 3301 [teus
1129 3245 1259 3316 judicii?
1276 3262 1354 3302 nunc
1370 3245 1447 3302 idem
1465 3245 1590 3318 plenius
1610 3252 1750 3323 repetit:
1767 3249 1858 3325 Populus

160 3330 279 3403 colligat
293 3331 478 3387 abundanter
491 3330 526 3402 (ΙΙ
540 3330 600 3387 Cor.
618 3349 656 3399 ur,
667 3333 707 3404 6).
719 3331 749 3389 Si
765 3335 882 3406 quaudo
895 3334 987 3392 tamea
1043 3334 1119 3390 enim
1136 3333 1187 3404 qui
1206 3334 1242 3389 de
1257 3334 1403 3406 Babylone
1426 3350 1564 3391 reversus
1580 3338 1758 3398 videbatur
1780 3341 1817 3396 [tei
1827 3339 1859 3394 la·

161 3426 192 3477 st
213 3421 346 3493 penuria,
363 3425 392 3475 et
406 3436 506 3476 rerum
521 3420 654 3476 omnium
682 3428 797 3494 egestas
819 3424 990 3496 opprimunt
1043 3423 1111 3478 bere
1133 3421 1281 3489 notitiam,
1298 3427 1326 3479 et
1351 3424 1505 3480 observare
1532 3422 1657 3497 legem,
1688 3435 1719 3485 et
1735 3428 1857 3502 intelliget

161 3509 323 3566 muudum:
341 3509 471 3565 sciamus
486 3509 541 3565 boc
557 3525 592 3565 ex
606 3509 658 3566 Dei
678 3510 722 3568 ira
737 3511 922 3579 descendere,
939 3513 991 3585 qui
1044 3515 1195 3584 peccatum
1218 3528 1317 3580 suum,
1334 3515 1363 3567 et
1386 3529 1438 3584 pro
1452 3516 1580 3584 peccato
1619 3517 1735 3576 offerre
1751 3519 1856 3578 victua

161 3597 191 3653 in
206 3597 492 3671 pauperibus,sinon
507 3598 653 3670 accipiant
667 3597 894 3672 eleemosynam.
908 3601 989 3655 irau·
1044 3601 1173 3657 decimes
1197 3601 1328 3669 reddere,
1356 3602 1511 3657 observare
1528 3603 1721 3676 sabbatum,
1751 3613 1778 3664 at
1790 3611 1857 3664 calm

162 3687 273 3744 dariae
296 3684 436 3758 loquitur,
461 3692 489 3742 et
503 3704 558 3743 aua
576 3688 707 3756 portione
721 3688 774 3756 [tt.
792 3689 989 3761 possessione]
1046 3706 1110 3762 que
1125 3688 1175 3745 Dei
1201 3690 1272 3761 Lege
1288 3693 1430 3762 precepta
1456 3694 1541 3755 suut,
1558 3707 1702 3751 cernens
1728 3693 1856 3753 caucbsir

163 3776 281 3850 privari.
298 3776 600 3832 Possumasdecimas
615 3775 798 3847 etprimitias
809 3781 838 3833 ct
850 3777 892 3834 sic
903 3779 992 3834 intar-
1046 3777 1168 3834 circuitu
1194 3777 1326 3834 nationes
1349 3778 1436 3834 rebus
1452 3778 1602 3836 omnibus
1631 3784 1796 3851 abundare,
1808 3782 1854 3840 scir

164 3865 291 3938 proteri:
307 3865 336 3920 Si
353 3865 418 3938 quis
433 3865 536 3922 doctus
550 3869 579 3921 et
594 3865 727 3921 eruditus
741 3865 771 3920 in
787 3871 860 3939 Lege
884 3868 937 3936 [At.
953 3867 993 3924 le·
1045 3867 1175 3939 penuria,
1192 3871 1221 3921 et
1235 3866 1322 3937 tame,
1338 3871 1366 3923 et
1384 3866 1504 3923 miseria
1531 3871 1758 3943 coustitutum,
1772 3872 1854 3931 scarb

164 3946 433 4029 gam]De1⁴‚potest
456 3960 575 4011 ceteros
604 3953 730 4026 erudire,
748 3972 805 4011 uon
821 3956 907 4014 debet
930 3974 991 4015 sue
1046 3954 1192 4012 litabatur
1205 3955 1241 4011 ad
1257 3954 1383 4028 singula,
1396 3958 1483 4026 atque
1493 3955 1640 4017 dicebat:
1659 3962 1853 4035 Quidmibiprr

166 4044 317 4117 assignare
327 4043 496 4115 prudentie,
509 4042 683 4115 ingenioque
696 4044 772 4115 quod
784 4045 992 4116 possidetsaed
1047 4045 1123 4113 dest,
1139 4044 1209 4116 quia
1228 4061 1320 4100 unum
1348 4048 1377 4100 et
1393 4061 1493 4100 verum
1526 4047 1630 4104 Deum
1648 4050 1730 4119 colo,
1746 4050 1853 4108 scama

167 4132 276 4204 gratias
292 4135 359 4204 agat
372 4132 419 4186 ut
425 4132 586 4203 ltprimum
596 4130 666 4200 Deo,
676 4131 726 4204 qui
737 4138 841 4189 cuncta
852 4133 992 4208 largitur3
1046 4132 1136 4199 idola,
1152 4136 1384 4206 etcompunctus
1411 4132 1602 4191 conscientia
1618 4139 1804 4205 delictorum,
1819 4138 1852 4193 m

169 4219 274 4274 deinde
288 4219 489 4275 sacerdotibus
516 4221 630 4290 ejusac
660 4221 820 4294 magistris,
843 4240 861 4278 a
886 4224 994 4296 quibus
1048 4220 1602 4288 Deumtristiaincedoiouemlocum
1614 4228 1850 4302 utsuprsaiuua

171 4307 335 4364 doctusest.
347 4306 462 4364 Sieuim
474 4324 531 4364 non
537 4309 629 4381 egerit
638 4310 759 4382 gratias,
773 4312 824 4367 aed
836 4312 892 4368 sibi
903 4313 996 4370 ecieu·
1050 4309 1285 4383 septuagesimus
1300 4315 1330 4366 et
1340 4309 1488 4366 secundus
1498 4311 1650 4373 Psalmus
1663 4317 1782 4390 plenius
1794 4315 1851 4373 un

169 4397 240 4452 tiam
264 4395 462 4467 vindicaverit,
491 4396 521 4452 in
550 4397 889 4469 penuriamaledicatur.
913 4402 995 4466 Quod
1052 4397 1850 4475 quaprosequitur.Undapropbeta,quiestmedicum

170 4484 195 4542 si
203 4484 369 4558 intelligens
384 4485 552 4558 largitorem
564 4485 668 4557 Deum,
680 4486 865 4561 ethisageus
874 4491 997 4561 gratias,
1011 4511 1035 4576 D
1051 4487 1177 4555 ritualia,
1191 4485 1326 4543 medetur
1338 4487 1452 4544 cunctis
1462 4487 1663 4561 vulneribus,
1680 4500 1711 4551 et
1725 4489 1849 4552 verbsbb

81 4593 85 4596 ·
171 4590 222 4647 per
236 4591 310 4647 quos
325 4592 343 4631 a
358 4574 415 4631 Deo
430 4574 565 4631 eruditus
586 4580 640 4642 eet,
657 4574 857 4631 humiliaverit
871 4594 912 4644 ae,
927 4577 996 4635 etiu
1051 4575 1173 4650 phemio
1188 4574 1218 4630 in
1233 4575 1400 4632 Creatorem
1417 4575 1554 4655 recidere
1569 4586 1772 4652 contestatur,
1784 4573 1847 4638 aaa

172 4663 309 4720 borreum
333 4663 381 4720 Dei
410 4662 541 4719 intulerit
569 4663 659 4733 cibos,
677 4663 731 4719 hoc
760 4670 814 4730 est,
839 4665 996 4738 Scriptura
1050 4681 1225 4737 expersona
1252 4665 1322 4721 Dei:
1345 4662 1535 4720 Iuvaiueruut
1563 4684 1730 4741 superma
1751 4671 1845 4728 vertar

172 4758 278 4810 sanctu
288 4752 428 4809 alimenta
443 4753 473 4808 iu
487 4751 616 4809 Ecclesia
631 4751 748 4824 populis
763 4753 994 4813 ministraverit:
1051 4758 1121 4820 stra,
1138 4752 1357 4826 siveiugravata
1368 4757 1437 4809 aunt
1449 4770 1456 4809 τ
1470 4756 1499 4809 et
1514 4755 1600 4811 enim
1612 4758 1711 4829 juxta
1719 4756 1842 4817 amida

172 4842 273 4898 atatim
288 4842 457 4914 aperientur
471 4858 561 4913 supra
575 4857 643 4897 aum
659 4846 810 4898 cataracte
821 4842 895 4911 coeli,
910 4850 938 4901 et
952 4845 996 4900 sl·
1051 4842 1195 4915 iniquitas
1210 4843 1292 4899 aedat
1315 4859 1405 4915 super
1421 4841 1571 4900 talantum
1589 4845 1715 4919 plumbi
1738 4847 1812 4922 (lad.
1823 4841 1841 4904 ts<

172 4931 313 4988 tundetur
328 4931 426 5004 pluvia
440 4929 614 5004 spiritualis.
631 4936 660 4986 et
675 4932 827 4987 mandabit
842 4932 919 4988 Deua
942 4950 996 4988 uu·
1051 4935 1081 4986 et
1094 4932 1172 5003 quod
1183 4934 1284 4986 contra
1297 4930 1390 4986 Deum
1402 4930 1517 4999 dicitur,
1530 4936 1619 5006 gravi
1635 4936 1838 5011 blasphemio!

173 5020 261 5076 bibus
271 5020 344 5090 suis,
361 5027 394 5076 ut
409 5020 513 5092 piuant
527 5034 615 5091 super
630 5036 698 5074 eum
713 5020 848 5091 imbrem,
861 5027 889 5077 at
904 5022 997 5078 abun·
1053 5019 1129 5076 mole
1143 5019 1327 5092 deprimitur.
1343 5019 1398 5084 Oui
1413 5037 1470 5076 non
1496 5020 1710 5097 intelligentes
1723 5027 1837 5096 verba?

172 5109 273 5165 dantia
288 5124 385 5164 rerum
413 5108 547 5164 omnium
572 5107 747 5179 perfruatur,
777 5114 807 5164 et
834 5109 997 5182 increpabit
1052 5109 1186 5177 vissima,
1203 5112 1233 5165 et
1252 5107 1583 5181 blasphemiamsuam,
1601 5112 1793 5190 interrogant.

173 5198 262 5254 etiam
277 5214 377 5270 proso
392 5198 590 5264 devorantem,
607 5197 768 5253 contrarias
783 5197 895 5254 scilicet
914 5200 998 5255 sorti·
1054 5198 1144 5254 locuti
1159 5213 1264 5255 sumus
1274 5197 1559 5260 coutrate‘lQuibus
1572 5206 1734 5276 rospondit
1744 5199 1834 5261 Domi!

173 5287 303 5354 tudiuas,
318 5292 347 5343 et
360 5286 444 5342 labor
465 5286 560 5358 ipsius
575 5285 675 5342 alteret
699 5285 836 5357 fructum,
853 5293 883 5344 et
897 5305 999 5347 conse·
1056 5286 1310 5343 uixistlmvanus
1328 5285 1437 5359 estqui
1453 5286 1546 5343 servit
1560 5289 1680 5364 Deo‚et
1694 5293 1767 5366 quod
1797 5324 1799 5334 ‚
1905 5350 1907 5359 ,

174 5380 283 5446 quatur
297 5374 369 5431 illud
385 5374 464 5447 quod
479 5374 675 5447 scriptumest
690 5390 697 5429 ε
711 5374 870 5448 Beormqm·
879 5378 999 5436 inaurea
1056 5381 1198 5446 mentum,
1217 5375 1287 5448 quia
1296 5376 1508 5433 custodivimus
1519 5385 1679 5454 precepta
1689 5379 1801 5455 ejusne

177 5518 250 5675 ὦ)
265 5518 423 5652 (ἐῗέιοὶεἱυε
439 5517 497 5576 iere
516 5523 545 5576 st
563 5518 680 5578 bravius
703 5518 734 5580 iu
755 5518 855 5595 begin.
878 5525 996 5588 msam
1012 5518 1442 5596 comarumcomarum,
1463 5521 1511 5578 rm
1528 5535 1632 5599 muca,
1650 5525 1786 5587 mutua
1821 5510 1826 5517 ⁷

247 5628 255 5668 p
320 5633 326 5653 .
1888 5621 1907 5658 a
