3840 6098
102 335 159 406 28l
292 284 301 295 ·
403 339 777 410 COMMENTARIORUM
798 336 838 403 IN
860 331 1110 401 attentatam
1134 330 1209 397 tta.
1230 329 1283 397 lX.
1306 330 1392 397 GAP.
1413 330 1517 396 XXIX.
1748 332 1808 397 282

103 477 261 552 ingerebat
274 479 381 554 populo
396 480 551 539 Dominum
567 477 725 536 confitenti.
743 478 791 534 llic
808 493 873 532 vcro
885 491 929 529 ex·
944 476 970 540 Α
985 472 1082 543 mum).
1103 473 1134 527 Et
1150 488 1205 528 uon
1220 470 1369 528 elevabitur
1383 472 1457 529 ultra
1470 487 1551 545 saper
1565 479 1698 542 rmtvaaes,
1714 475 1740 528 ct
1754 486 1808 528 tm·

105 567 267 642 probratur
300 568 456 641 Pharaoni,
481 571 557 644 quod
584 570 670 627 suerit
701 567 801 624 domui
829 561 927 630 lsrael,
983 563 1177 632 minuameos,
1193 577 1227 617 ne
1243 560 1809 633 imperentpentilras(sireneptaressint

103 658 197 731 uirga,
216 658 278 715 sive
293 658 416 716 baculus
432 661 622 726 arundineus,
646 676 754 714 vanum
768 658 810 713 eis
825 662 853 713 et
870 657 929 711 lra-
984 654 1058 706 anter
1069 651 1182 721 penus).
1199 651 1288 722 Neque
1301 655 1381 707 erunt
1397 651 1471 706 ultra
1484 651 1578 707 domui
1587 651 1672 707 lsrael
1683 650 1808 720 inconfi-

101 746 157 819 gile
172 751 203 802 et
213 749 272 803 cito
283 749 543 804 comminuendum
557 746 699 803 auxilium
711 745 928 818 repromittens.
984 740 1079 796 derutm
1094 740 1166 812 (sive
1180 741 1210 794 in
1224 743 1282 812 spe)
1297 740 1418 796 docentes
1433 741 1617 813 iniquitatem,
1640 743 1671 796 al
1685 743 1806 813 sapiant,

104 834 253 892 litantem
270 837 345 892 scire
367 835 528 903 veleamus,
544 837 594 910 qui
610 835 648 890 sit
664 835 785 891 baculus
809 832 930 889 arundi—
985 842 1010 886 et
1024 838 1174 902 sequantur
1187 845 1231 885 eos
1245 829 1315 902 (sivo
1330 830 1460 886 reducant
1475 846 1519 885 eos
1534 832 1564 886 in
1577 831 1738 886 memoriam
1752 831 1809 886 ini·

104 940 187 992 neus,
203 942 363 997 superque
373 926 480 982 domus
491 924 579 982 lsrael
591 925 735 980 confidere
748 941 803 978 non
816 924 929 991 dehent,
985 920 1098 991 quitatis
1112 928 1141 974 ut
1154 927 1307 991 sequantur
1321 920 1395 991 illos)
1410 928 1436 976 et
1448 922 1533 976 scient
1548 923 1614 993 quia
1623 935 1670 990 epa
1680 936 1740 975 sam
1753 925 1810 977 Da·

102 1028 136 1068 ex
150 1011 301 1067 contrario
317 1011 422 1068 baculo
438 1019 465 1068 et
479 1012 561 1085 virgo
576 1012 692 1067 Domini
704 1012 868 1084 intelligere
880 1028 930 1083 po·
985 1010 1077 1063 miuus
1091 1009 1171 1063 Deus.
1187 1012 1282 1080 lunge
1298 1008 1444 1079 prioribus
1460 1026 1524 1081 quae
1539 1013 1713 1081 sequuntur.
1735 1009 1810 1075 Quia

103 1100 239 1167 terimus,
255 1102 292 1157 de
311 1117 370 1172 qua
384 1102 420 1156 ad
437 1094 733 1157 Dominum'dicitur:
752 1102 833 1170 l'irpa
846 1103 931 1156 trtaet
986 1097 1066 1153 luisti
1083 1097 1205 1153 baculus
1219 1098 1399 1154 arundineus
1416 1099 1515 1154 domui
1533 1097 1631 1160 lsrael,
1646 1103 1676 1153 et
1690 1116 1747 1155 non
1763 1116 1809 1158 so·

103 1189 223 1245 imulas
238 1194 313 1257 tuas,
329 1192 390 1259 ipsu
405 1207 448 1245 me
466 1191 605 1246 consolata
626 1195 689 1246 sunt
705 1191 789 1262 (Psoi.
806 1208 875 1260 xxii,
892 1191 929 1261 l).
986 1186 1048 1241 lum
1065 1187 1232 1242 confractus
1245 1204 1275 1243 es
1291 1186 1321 1242 in
1337 1204 1426 1243 manu
1442 1188 1517 1260 ejus,
1538 1190 1587 1244 sed
1601 1188 1687 1259 juxta
1702 1188 1810 1245 lsaiam

103 1277 180 1333 Hanc
196 1278 312 1351 virgam
328 1278 433 1335 hahuit
447 1284 476 1334 et
489 1281 594 1346 Aaron,
611 1296 674 1351 qum
690 1280 830 1335 dracones
846 1280 930 1351 AEgy·
987 1277 1060 1348 (lsai.
1077 1276 1183 1346 xxxvr),
1208 1275 1362 1348 perforasti
1378 1293 1499 1332 manum
1522 1278 1598 1349 ejus,
1617 1283 1646 1333 et
1661 1294 1718 1334 non
1735 1275 1812 1334 laee-

101 1367 177 1439 ptios
203 1367 365 1435 devoravit,
390 1373 419 1423 et
434 1368 552 1440 quando
569 1368 714 1440 percussit
727 1385 847 1440 aggeres
861 1367 930 1436 Nili,
986 1365 1056 1421 rasti
1071 1366 1238 1429 humerum,
1255 1370 1283 1421 et
1297 1365 1359 1438 ipse
1374 1366 1573 1423 comminutus
1588 1384 1630 1433 es,
1646 1371 1674 1423 et
1686 1367 1812 1424 inniten-

102 1460 129 1511 ct
143 1455 295 1529 cyniphes
309 1457 341 1512 in
356 1461 417 1512 tota
431 1457 550 1530 ihgypto
573 1462 714 1529 generate
739 1461 809 1512 sunt
833 1456 930 1528 (Ecod,
986 1454 1061 1509 tium
1078 1471 1167 1526 super
1178 1458 1206 1509 te
1217 1453 1376 1510 dissolvisti
1387 1454 1522 1512 lumbos:
1540 1456 1648 1512 ideireo
1659 1472 1711 1529 ego
1721 1457 1811 1513 indu·

102 1562 151 1611 ru,
167 1547 243 1616 rur).
261 1546 376 1618 Moyses
388 1562 515 1618 quoque,
528 1547 613 1617 juxta
623 1545 702 1615 LXX,
719 1544 932 1601 extendithanc
987 1561 1049 1599 cam
1067 1547 1196 1615 superte
1212 1543 1340 1599 hostium
1356 1543 1498 1617 gladium,
1515 1549 1543 1601 et
1557 1561 1625 1601 aum
1639 1544 1810 1603 homiuibus

103 1635 226 1707 virgam,
254 1639 284 1690 et
299 1633 403 1691 levavit
417 1635 447 1689 in
463 1635 581 1702 coelum,
607 1639 636 1690 et
660 1634 802 1690 Dominus
817 1634 933 1689 induxit
982 1635 1118 1703 jumenta
1132 1633 1263 1701 vastabo,
1276 1636 1305 1689 et
1319 1632 1468 1706 redigetur
1482 1639 1560 1690 terro
1571 1634 1684 1707 AEgypti
1695 1634 1725 1690 iu
1740 1634 1811 1691 soli·

99 1730 223 1779 rentum
239 1728 375 1780 austrum
396 1728 607 1796 superterram
624 1727 684 1779 toto
699 1721 749 1777 illo
765 1723 811 1778 die
827 1728 856 1779 et
871 1727 933 1779 tota
987 1722 1115 1785 tudines‚
1142 1727 1171 1778 et
1192 1722 1320 1778 secundo
1336 1722 1430 1778 scient
1445 1723 1567 1796 AEgyptii
1583 1723 1660 1795 quod
1675 1739 1728 1796 ego
1744 1740 1811 1781 sum

99 1817 196 1879 nocte,
220 1817 249 1868 et
264 1829 351 1869 mano
366 1812 471 1868 levavit
485 1817 599 1879 ventus,
625 1818 654 1867 et
668 1811 789 1867 adduxit
804 1811 932 1868 locustas
948 1845 973 1912 B
988 1812 1141 1868 Dominus.
1164 1812 1220 1867 Nec
1238 1812 1291 1868 hoc
1305 1828 1353 1868 ero
1369 1812 1427 1867 fine
1442 1817 1613 1881 contentus;
1629 1813 1681 1869 sed
1696 1813 1766 1885 quie
1780 1812 1811 1869 in
1878 1824 1881 1829 ·

101 1919 192 1975 super
206 1918 329 1958 omnem
344 1906 453 1958 terram
468 1901 592 1974 AEgypti.
618 1906 656 1957 De
681 1901 734 1957 hee
760 1906 830 1973 puto
854 1902 935 1974 virga
989 1904 1102 1956 tantam
1120 1900 1254 1972 prorupit
1264 1899 1488 1973 blasphemiam,
1505 1906 1538 1957 ut
1549 1918 1618 1958 suos
1628 1918 1692 1958 esse
1704 1902 1814 1959 diceret

99 1992 190 2049 scribi
204 1998 236 2048 et
250 1992 282 2047 in
292 1992 488 2048 Numerarem
499 1991 585 2055 libro,
597 1991 675 2062 quod
688 1991 828 2060 floruerit,
841 1997 870 2047 et
880 2009 934 2047 nu·
990 1989 1813 2065 tluvios,etomaemabundantiamAEgypti:ideoetipsum

101 2080 420 2153 eessireamygdalas
441 2079 609 2152 germinarit
638 2081 732 2151 (Nara.
749 2086 830 2151 xt'tl).
855 2080 935 2136 Hanc
990 2077 1120 2134 autorem
1137 2078 1814 2150 aasquiscuixerucreuoram,ornamina

100 2170 234 2226 hahebat
248 2174 278 2224 et
293 2167 451 2241 Apostolus
468 2185 534 2223 cam
550 2168 686 2225 dicebat:
706 2167 779 2238 Quid
794 2171 889 2236 uultis,
905 2171 936 2225 in
990 2184 1054 2239 que
1079 2184 1096 2221 a
1120 2184 1151 2223 se
1174 2172 1271 2223 creata
1291 2167 1463 2239 jactaverat,
1487 2172 1516 2224 et
1544 2169 1674 2242 redigam
1704 2174 1812 2227 terram

101 2260 181 2328 cir-pa
197 2260 312 2314 ueniam
328 2257 362 2313 ad
377 2273 422 2313 uos
446 2258 468 2328 (l
486 2256 545 2312 Cor.
563 2273 601 2327 iv,
617 2258 688 2330 21)‘t
709 2258 742 2312 llt
758 2258 807 2330 qui
824 2257 936 2314 Pascha
989 2256 1103 2329 AEgypti
1115 2256 1145 2311 in
1160 2256 1363 2331 longissimam
1380 2257 1579 2327 solitudinem,
1596 2265 1624 2314 et
1638 2258 1736 2333 gladio
1750 2259 1814 2317 dis·

101 2347 306 2414 celebrabant,
316 2344 436 2401 hnculos
446 2346 584 2402 tenebant
595 2346 742 2414 manibus,
753 2347 817 2402 sine
828 2347 936 2418 quihus
991 2346 1127 2418 sipatem,
1137 2363 1154 2401 a
1163 2350 1243 2402 turre
1252 2347 1345 2418 Syene
1353 2363 1446 2419 usque
1457 2349 1492 2403 nd
1501 2348 1642 2404 terminos
1650 2348 1813 2422 AEthiopin.
1876 2342 1882 2352 ’

103 2433 343 2491 imbecillitatem
353 2434 936 2507 humanieorpcrissustentantibus,car·
990 2435 1045 2490 Pro
1070 2439 1149 2490 turre
1172 2452 1236 2507 que
1262 2436 1402 2493 Hebraice
1425 2433 1544 2492 orneoau'
1568 2421 1667 2507 (bam)
1694 2437 1812 2506 dicitur,

104 2542 158 2582 nes
174 2524 246 2597 agni
263 2524 414 2579 comedere
429 2539 488 2578 non
508 2529 650 2595 poterant.
668 2523 732 2579 Hac
747 2530 791 2579 est
807 2525 887 2596 virga
901 2525 937 2580 de
991 2523 1059 2580 Lxx
1072 2523 1126 2579 loci
1140 2540 1245 2581 nomen
1258 2529 1429 2596 posuerunt,
1446 2529 1478 2581 ut
1488 2525 1526 2595 (d)
1542 2520 1687 2598 Μαγδαλὸν
1704 2525 1812 2583 scrihe-

104 2612 315 2679 rsdicelesse,
326 2628 414 2683 super
425 2628 513 2684 quam
529 2617 640 2684 septem
656 2612 779 2684 spiritus
789 2613 936 2685 requieve·
992 2618 1065 2669 rent.
1090 2613 1190 2669 Turris
1214 2619 1311 2670 autem
1335 2614 1427 2686 Syene
1442 2629 1534 2681 usque
1549 2613 1636 2670 hodie
1651 2619 1812 2685 permanet,

103 2707 187 2759 runt.
203 2702 261 2758 Sed
279 2718 336 2756 non
351 2700 419 2757 talis
433 2700 556 2773 Pharao,
574 2716 626 2756 nec
641 2701 764 2757 baculus
780 2703 893 2775 AEgypti
908 2707 938 2758 et
991 2707 1120 2758 castrum
1147 2702 1250 2758 ditioni
1266 2702 1402 2759 Romane
1418 2703 1579 2769 subditum,
1607 2702 1657 2758 uhi
1672 2707 1742 2760 sunt
1752 2702 1815 2759 ¹Nili

102 2792 189 2866 virga
205 2790 369 2856 arundinea
381 2806 445 2862 qus
461 2789 569 2861 decipit
583 2789 836 2862 apprehendentes
852 2807 893 2859 se,
909 2796 937 2847 et
991 2796 1153 2863 cataracte,
1171 2796 1308 2864 utusque
1323 2793 1359 2847 ad
1376 2809 1463 2864 quem
1475 2791 1569 2848 locum
1583 2792 1619 2848 de
1629 2796 1729 2849 nostro
1739 2792 1814 2851 mari
1907 2832 1910 2839 ·

102 2877 218 2935 laceret
239 2877 379 2933 humeros
403 2894 516 2945 eorum,
542 2877 642 2947 idest,
668 2876 880 2935 tortitudinem.
902 2879 937 2935 Et
991 2881 1079 2937 Nisus
1095 2880 1269 2952 navigabilis
1284 2888 1337 2937 est.
1352 2882 1455 2937 Totam
1471 2881 1561 2955 igitur
1574 2883 1729 2954 AEgyptum
1742 2881 1815 2939 dicit
1837 2924 1844 2930 -

104 2968 290 3041 quicumque
306 2983 473 3040 supeream
489 2966 576 3024 tuerit
592 2966 721 3033 innixus,
736 2967 937 3024 dissolvuntur
990 2986 1055 3026 esse
1077 2970 1312 3043 depopulandam
1334 2987 1427 3040 usque
1443 2971 1478 3026 ad
1493 2970 1637 3027 terminos
1650 2969 1812 3043 AEthiopirs,

103 3055 203 3111 lumbi
216 3057 282 3126 ejus
296 3059 325 3111 et
340 3059 417 3111 stare
431 3072 488 3111 uon
505 3059 617 3127 potest:
634 3072 687 3111 nec
701 3055 850 3112 accinctus
863 3057 936 3113 reni·
991 3059 1099 3131 quihus
1114 3063 1244 3115 extrema
1258 3059 1370 3132 AEgypti
1390 3059 1469 3132 regio
1488 3059 1634 3132 jungitur,
1659 3059 1699 3115 ita
1715 3063 1747 3115 ut
1764 3076 1813 3133 pes

103 3146 162 3201 bus
177 3145 292 3201 Pascha
306 3145 461 3201 celebrare.
479 3146 560 3209 Quod
576 3144 622 3200 his
638 3144 782 3217 congruit,
807 3162 933 3217 quorum
990 3148 1118 3205 hominis
1133 3149 1163 3203 in
1178 3152 1300 3222 AEgypto
1316 3166 1374 3205 non
1391 3152 1582 3221 pertranseat,
1605 3164 1659 3205 nec
1678 3149 1814 3220 jumenta

102 3239 257 3290 seruntur
272 3235 359 3289 corda
373 3239 402 3289 et
418 3248 502 3289 renes
517 3233 604 3288 Deus.
989 3238 1172 3310 reperiantur
1186 3238 1214 3293 in
1231 3254 1274 3306 ea,
1290 3242 1385 3293 etnon
1397 3238 1546 3293 habitetur
1557 3254 1606 3310 per
1617 3238 1814 3311 quadraginta

141 3323 239 3395 (Vers.
255 3324 273 3377 8
288 3323 382 3395 seqq.)
397 3323 471 3378 847
489 3323 636 3393 Propterea
651 3322 709 3379 trare
722 3322 789 3379 dicit
803 3325 934 3381 Dominus
989 3344 1091 3383 annos.
1119 3327 1250 3384 Parcitur
1273 3328 1352 3384 enim
1377 3327 1518 3401 AEgyptis,
1545 3332 1574 3384 et
1593 3328 1662 3398 quia
1683 3327 1814 3400 hospites

103 3413 196 3468 uem.-
215 3415 281 3467 ltcee
294 3427 344 3480 epo
358 3410 493 3466 adducam
507 3426 589 3482 super
603 3414 628 3466 te
642 3410 777 3479 pladiam,
793 3421 818 3467 et
829 3413 934 3483 interfi-
988 3418 1138 3489 quondam
1152 3417 1231 3473 luere
1242 3416 1342 3482 lsrael,
1359 3417 1473 3473 brevior
1482 3416 1624 3489 temporis
1635 3417 1814 3472 condemna·

104 3504 178 3557 dum
194 3501 230 3556 de
243 3509 269 3556 te
282 3500 420 3556 bominem
434 3503 458 3554 et
468 3500 635 3570 juvaculum.
652 3500 685 3554 Et
699 3502 751 3556 erit
766 3509 839 3557 terra
849 3505 933 3575 AEap·
989 3505 1030 3562 tio
1051 3511 1104 3561 est.
1129 3506 1223 3576 'l'yrus
1239 3505 1431 3562 sabbatizavit
1447 3505 1570 3561 sabbata
1584 3521 1639 3561 sua
1653 3521 1705 3579 per
1720 3520 1813 3561 annos

103 3593 145 3660 pti
155 3593 186 3646 in
198 3590 335 3645 desertum
347 3589 418 3661 (sive
425 3588 555 3660 perditio)
568 3597 592 3643 et
603 3588 642 3661 (a)
657 3588 794 3644 solitudo:
810 3599 836 3646 et
850 3593 936 3649 scien
989 3593 1184 3666 septuaginta,
1194 3598 1223 3649 et
1232 3593 1274 3648 sic
1285 3593 1314 3649 in
1324 3594 1479 3665 antiquum
1491 3597 1601 3650 statum
1612 3593 1748 3650 restitute
1758 3596 1812 3649 est.

103 3684 312 3753 quiacposum
325 3676 933 3754 Dominae:eoquoddi;rerit(sivedicerr's)
989 3680 1147 3754 Captivitas
1176 3698 1294 3754 quoque
1315 3682 1431 3747 ludum,
1461 3680 1621 3753 templique
1650 3680 1812 3752 subversio,

103 3769 209 3838 fluuius
223 3784 301 3823 meus
315 3771 363 3838 est,
379 3771 404 3822 et
420 3782 467 3836 epa
474 3766 531 3839 [eci
544 3782 606 3821 eant
621 3766 692 3835 (sive
704 3768 785 3836 fluuii
794 3770 850 3824 mei
858 3774 932 3837 sant,
989 3786 1083 3841 usque
1098 3771 1133 3824 erl
1147 3774 1252 3842 Cyrum
1264 3786 1360 3841 regem
1371 3770 1525 3824 Persarum
1537 3768 1814 3841 septuagintacom·

102 3866 129 3913 et
139 3874 189 3930 epa
203 3859 261 3928 [eci
275 3857 358 3926 illos).
382 3856 484 3911 idcirco
500 3872 558 3911 ecee
573 3871 623 3924 epa
638 3854 673 3910 ad
693 3864 716 3911 tc
730 3858 755 3911 et
767 3857 802 3912 ad
816 3859 934 3927 flumina
988 3856 1076 3929 plevit
1092 3875 1194 3913 annos.
1212 3861 1335 3914 Potentes
1345 3859 1418 3914 enim
1428 3861 1551 3930 potenter
1561 3864 1693 3914 tormenta
1703 3859 1813 3930 patien-

105 3955 172 4002 taa:
200 3947 324 4018 daboque
346 3953 451 4000 terram
474 3947 587 4017 AEpypti
601 3946 632 3999 in
645 3943 817 4016 solitudines,
841 3948 934 4018 plodio
989 3956 1034 4002 tar
1058 3946 1133 4019 (Sap.
1161 3964 1199 4014 vr,
1224 3947 1262 4017 7).
1290 3946 1370 4011 Quod
1392 3947 1596 4002 autemdicit:
1622 3946 1694 4003 liade
1711 3951 1814 4004 terram

104 4035 270 4109 dicipulum
292 4035 364 4105 (sive
379 4032 570 4104 disperditam)
592 4050 610 4088 a
625 4036 701 4088 turre
717 4033 818 4106 Syenes
834 4035 935 4106 (sivea
988 4037 1103 4108 AEpppti
1117 4036 1252 4092 desertm
1266 4038 1296 4091 in
1310 4035 1398 4092 media
1410 4039 1547 4091 terraram
1559 4035 1740 4106 desertarum,
1757 4039 1814 4091 Pa·

105 4125 241 4195 Hapdalo
268 4132 293 4179 et
316 4123 414 4195 Syene)
440 4138 526 4193 usque
548 4122 584 4176 od
608 4122 755 4177 teristrum
776 4125 932 4197 AEtdiopiae.
988 4123 1116 4181 lestines
1128 4124 1284 4198 significat,
1297 4125 1439 4182 ldumeos
1449 4129 1477 4181 et
1487 4125 1642 4193 Moabitas,
1653 4140 1814 4198 omnesque

103 4215 162 4271 don
175 4213 314 4270 transilit
325 4228 376 4285 per
389 4228 450 4268 eam
458 4228 506 4283 pes
518 4212 648 4278 laminis,
663 4227 749 4284 ncqac
760 4228 806 4282 pes
815 4215 935 4286 jumenti
989 4211 1061 4270 alius
1076 4214 1220 4287 regiones,
1237 4214 1392 4271 adversum
1408 4230 1483 4286 quas
1498 4231 1589 4287 supra
1603 4213 1752 4287 Prophetae
1767 4230 1815 4269 va-

104 4300 932 4377 pradietarinea,etnontrahitahitarqacdrapintaauaris.
985 4302 1122 4376 ticinium
1147 4308 1200 4359 est.
1226 4304 1307 4359 'lunc
1332 4303 1490 4377 disperget,
1522 4303 1581 4360 sive
1607 4301 1815 4359 disseminabit

104 4392 236 4466 mboque
251 4399 354 4447 terram
369 4391 482 4462 AEpypti
501 4388 634 4445 desertam
650 4391 680 4444 in
691 4390 780 4446 medio
796 4395 935 4448 terrarum
988 4393 1137 4465 AEgyptios
1154 4392 1341 4461 iocationes,
1358 4398 1386 4449 et
1399 4392 1609 4448 ventilabiteos
1620 4391 1649 4446 in
1660 4395 1764 4447 terras.
1781 4390 1815 4446 ut

102 4483 291 4547 desertarum,
303 4482 457 4536 etnuitates
467 4481 525 4551 ejas
535 4480 566 4533 in
576 4477 663 4534 medio
674 4479 934 4538 urbiamsabuersa-
989 4483 1058 4553 quia
1073 4481 1201 4538 clemens
1217 4487 1245 4538 et
1261 4481 1415 4538 miserator
1424 4485 1469 4537 est
1481 4480 1634 4545 Dominus,
1649 4479 1774 4551 patiens,
1785 4482 1814 4535 et

103 4590 168 4628 ram
183 4569 378 4643 erant1Vulg.
395 4578 420 4626 et
436 4570 527 4640 erant)
542 4568 674 4624 desolate
686 4569 869 4639 quadruplata
883 4589 935 4627 an·
949 4575 974 4640 1)
990 4570 1148 4627 multarum
1171 4569 1406 4637 miserationum,
1429 4573 1495 4641 post
1509 4568 1705 4641 quadraginta
1720 4582 1813 4623 annos

104 4665 158 4717 nis.
171 4663 207 4717 lit
220 4660 377 4732 dispeream
393 4658 465 4730 (sive
482 4657 674 4724 disseminabo)
690 4660 830 4730 AEppptios
841 4661 872 4715 in
884 4678 934 4716 na·
989 4659 1099 4731 AEgypti
1111 4657 1257 4714 restitutio
1267 4663 1322 4725 est,
1334 4662 1364 4713 et
1379 4657 1533 4714 reducetur
1548 4657 1578 4711 in
1594 4655 1748 4726 antiquum
1762 4668 1813 4710 so-

104 4753 206 4821 tianes,
231 4757 259 4805 et
281 4749 418 4805 ventilabo
445 4763 489 4803 eas
513 4749 543 4802 in
569 4757 664 4803 terras.
694 4748 763 4815 Quin
788 4747 847 4805 lroec
868 4750 935 4806 dicit
988 4748 1050 4804 lum
1062 4748 1198 4803 universa
1208 4747 1372 4819 captivitas,
1389 4751 1418 4802 et
1427 4744 1620 4802 collocabitur
1629 4744 1659 4799 in
1669 4743 1742 4799 urhe
1752 4758 1813 4798 me·

104 4841 241 4897 heminas
264 4839 356 4895 lleus:
379 4840 443 4894 Post
465 4837 549 4908 finem
572 4835 759 4908 quadruplata
785 4854 933 4909 annorum,
988 4834 1104 4908 tropoli,
1130 4852 1194 4908 qun
1217 4833 1380 4907 appellatur
1403 4834 1555 4901 Phatures,
1573 4831 1623 4888 uhi
1637 4835 1700 4888 orte
1714 4834 1767 4898 est,
1784 4834 1814 4887 st

104 4928 277 5002 maurepabo
291 4930 439 5000 AEppptum
456 4927 529 4996 (sive
543 4926 695 4997 AEpyptias)
711 4924 743 4980 de
753 4928 864 4998 populis
879 4927 934 5000 (vel
989 4925 1067 4980 uode
1082 4923 1211 4996 prolecta
1221 4928 1284 4979 est:
1302 4924 1343 4979 ita
1353 4924 1505 4979 dumtaxat
1516 4926 1548 4978 ut
1559 4938 1610 4994 pro
1624 4920 1748 4978 utilitate
1758 4936 1814 4979 sua

106 5020 249 5091 qmtibas)
267 5020 297 5074 in
313 5017 411 5089 quibas
418 5016 534 5087 dispersi
539 5018 662 5086 tuerent.
671 5016 703 5070 Et
712 5015 839 5072 reducam
847 5019 934 5088 cupti-
989 5013 1106 5069 amittat
1120 5012 1272 5085 antiquam
1288 5012 1469 5084 superbiam,
1483 5014 1511 5067 et
1525 5009 1607 5067 sitin
1623 5026 1748 5084 regnum
1758 5009 1813 5067 hu·

105 5110 221 5164 ritatem
236 5108 359 5180 AEpypti,
374 5109 400 5162 et
413 5104 548 5161 collocata
561 5119 605 5160 eos
619 5105 891 5175 interraPluaturcs,
904 5108 934 5162 in
990 5103 1070 5173 mile,
1089 5102 1178 5158 immo
1194 5100 1361 5157 humillime
1376 5100 1506 5156 omnium
1523 5100 1694 5156 nationum:
1710 5103 1812 5156 utnon

106 5201 185 5254 terra
200 5198 357 5253 natimtotis
369 5210 428 5252 sua
443 5193 514 5265 (sive
536 5194 567 5248 in
589 5200 662 5248 terra
683 5193 716 5249 dc
734 5209 788 5265 qua
802 5198 937 5266 assumpti
990 5192 1117 5248 elevetur
1132 5191 1209 5246 ultra
1223 5195 1336 5263 gentes,
1352 5206 1405 5245 nec
1415 5189 1445 5244 in
1456 5205 1506 5246 eas
1516 5188 1811 5263 haheatimperium;

105 5287 193 5359 mat),
208 5288 244 5343 Et
258 5291 338 5342 erant
352 5285 394 5341 ibi
407 5286 437 5340 in
452 5299 568 5355 requam
582 5280 654 5352 (sive
666 5284 867 5355 principatum)
883 5283 935 5340 lra-
991 5280 1040 5335 sed
1065 5280 1182 5335 redacta
1206 5278 1235 5332 in
1260 5279 1447 5350 paucitatem,
1475 5294 1659 5350 nequequam
1684 5276 1813 5349 decipiat

106 5378 184 5447 mdc,
200 5378 274 5432 inter
287 5390 373 5446 repca
387 5377 486 5431 crema
501 5373 554 5427 erit
567 5369 726 5426 humillima
742 5371 796 5442 [Al.
809 5372 935 5428 tramitti·
990 5369 1111 5424 domum
1127 5365 1214 5424 lsrael
1230 5366 1276 5422 sui
1292 5367 1477 5436 confidentia,
1503 5384 1554 5422 nec
1574 5367 1674 5423 doceat
1689 5382 1738 5422 eos
1752 5364 1812 5422 ini·

141 5537 184 5607 (a)
198 5534 319 5618 Victor.²
335 5533 567 5615 irrectitudinum,
584 5532 620 5587 ad
636 5531 723 5587 Hebr.
737 5531 853 5614 tulgat.
865 5534 933 5591 edit.
990 5547 1096 5605 aymus
1121 5529 1239 5612 scripsit
1261 5529 1383 5612 mapdot,
1409 5545 1459 5602 pro
1474 5528 1594 5611 mupdat.
1618 5528 1692 5584 Nem
1707 5532 1736 5585 et
1750 5528 1812 5587 haeo

107 5609 207 5682 ipsum
234 5622 269 5663 us
283 5606 389 5663 llreron
410 5621 492 5660 mum
508 5621 539 5659 rn
552 5608 773 5660 commentario.
989 5619 1043 5658 vox
1058 5600 1230 5673 appellative
1244 5604 1372 5657 sumitur
1387 5617 1438 5673 pro
1453 5604 1537 5656 turrr.

141 5621 936 5753 (b)Alibi,payiolhv.titioneiaquitllrusiusffliero·
