3840 6098
48 335 131 405 1469
373 337 742 402 communiasalutari
767 334 807 398 ln*
829 330 1061 397 alcanethet
1082 335 1157 398 hili.
1179 335 1218 397 ll.
1241 334 1326 397 cte.
1350 332 1431 399 vlit.
1676 335 1754 398 1470

48 472 211 533 helenam
226 472 394 540 reserentes,
411 472 442 528 in
458 489 516 544 qua
536 471 738 529 confortantur
765 484 873 526 manus
888 465 917 533 Α
931 467 1181 540 proclamantem:
1200 469 1388 544 Unusquisque
1400 470 1669 544 occipiupropriam
1680 486 1754 527 mer-

48 580 104 639 per
117 563 194 619 bona
204 578 302 634 opera,
318 566 348 618 el
359 561 522 618 tundantur
535 563 653 626 domus,
665 560 781 632 quando
807 555 874 614 fidei
928 558 1020 615 cedem
1030 560 1115 631 justo
1127 576 1193 631 opus
1206 577 1286 617 suum
1303 562 1328 633 (l
1344 562 1404 618 Cor.
1422 579 1463 626 ιιι,
1479 562 1517 633 8).

50 653 245 710 lhndamcntn
282 651 444 723 jaciuntur,
476 650 679 724 templumque
703 650 873 718 exstruitur,
964 648 1117 718 (Verstt,
1134 650 1191 722 t2.)
1206 652 1284 707 Nunc
1299 656 1390 708 cutem
1404 653 1553 724 conjucta
1567 651 1626 707 dics
1646 653 1754 725 priores

47 742 168 816 quando
179 739 336 797 multitudo
352 739 533 796 credentium
549 741 711 809 roboratur,
727 739 812 795 etita
831 740 874 794 vi-
931 752 979 809 epo
988 736 1096 811 seciam
1105 740 1232 811 reliquiis
1244 742 1340 812 populi
1354 740 1449 813 hujus,
1460 741 1526 797 dicit
1534 743 1666 798 Dominus
1675 757 1754 799 caer-

48 832 104 899 vit,
120 835 153 887 ut
165 830 310 902 templum
326 829 376 885 Dei
391 845 456 885 csse
470 833 626 885 mercatur.
929 828 1121 889 circumseri
1137 845 1229 884 semea
1241 832 1319 901 pacis
1333 832 1396 885 erit.
1424 832 1505 886 Vinea
1532 830 1612 886 dubit
1635 832 1756 901 inactum

87 920 182 992 (Vers.
199 918 255 987 10.)
271 918 410 990 Siquidem
425 926 488 973 aute
503 918 559 974 dies
576 919 637 974 illos
657 934 758 974 merces
786 917 873 974 bomi-
929 932 1029 971 suum:
1045 925 1072 972 el
1084 920 1160 972 terra
1172 918 1252 973 dabit
1264 935 1376 989 permen
1387 935 1469 974 suum
1479 920 1589 975 :etcoeli
1598 918 1756 976 dabuulro·

49 1026 122 1068 sum
135 1025 192 1065 noa
203 1011 277 1074 erat
292 1023 341 1062 uec
354 1008 649 1079 mercesjumeulorum
659 1017 820 1080 creataeque
829 1009 874 1063 ia·
931 1020 989 1062 rom
1001 1022 1083 1061 suum
1094 1010 1130 1061 :et
1144 1007 1283 1076 possidere
1292 1009 1400 1077 taciem
1412 1008 1544 1080 reliquias
1550 1009 1648 1080 populi
1662 1010 1755 1081 liujus,

49 1099 175 1157 tmeuuti
188 1106 214 1154 el
227 1098 341 1153 eceuuti
350 1105 409 1152 crat
421 1113 477 1168 pec
488 1114 548 1169 pra
564 1097 762 1153 lubrclolioue:
784 1104 810 1152 et
832 1095 875 1151 di·
930 1093 1060 1149 uoieersc
1075 1093 1142 1151 hac.
1160 1095 1251 1150 LXX:
1267 1098 1304 1152 Et
1318 1113 1392 1152 uuae
1406 1112 1460 1152 noa
1471 1096 1555 1168 jueta
1569 1098 1629 1153 dios
1651 1099 1758 1169 priores

50 1189 120 1244 misi
134 1202 228 1244 omues
241 1187 365 1241 bomiscos
380 1201 599 1257 unumquemque
612 1193 709 1241 contra
718 1187 877 1257 proximam
930 1197 978 1253 ece
990 1184 1095 1250 tedam
1109 1184 1236 1257 reliquiis
1249 1186 1345 1257 populi
1350 1185 1443 1257 hujus,
1456 1185 1657 1242 dicitllomiuus
1666 1187 1757 1242 maui-

49 1292 146 1334 suum.
162 1274 332 1332 dehllx:
350 1276 422 1344 Quia
435 1283 499 1330 aule
527 1275 583 1330 dies
608 1276 673 1331 illos
698 1291 800 1331 merces
828 1275 876 1330 lio·
929 1278 1042 1342 poleas:
1059 1271 1105 1327 sul
1118 1289 1213 1344 pacem
1226 1273 1391 1330 mmutroho.
1425 1274 1510 1329 l'ioea
1535 1273 1611 1330 dabit
1632 1276 1758 1347 fructum

50 1368 165 1423 micum
178 1380 233 1421 uou
248 1366 300 1421 erit
319 1366 348 1419 iu
364 1365 482 1428 lucrum,
511 1372 536 1420 et
562 1379 664 1420 meroes
688 1365 877 1434 jumentorum
931 1374 1031 1416 suum:
1047 1363 1072 1416 el
1087 1365 1164 1417 terro
1183 1361 1395 1433 dalilae-raiae
1408 1362 1698 1420 suozelcoelurrrdahit
1712 1379 1758 1419 ro-

53 1470 114 1512 uon
127 1454 263 1519 subsistet,
278 1461 304 1509 ct
331 1453 529 1524 oboedientia
552 1454 723 1526 iuqredierrli
746 1469 802 1508 reon
823 1452 878 1508 erit
931 1451 1616 1524 remsuum:elpossiderescciamreliquiuspopuli
1628 1453 1685 1508 mei
1699 1453 1758 1511 laec

49 1560 116 1618 pcc
135 1557 198 1615 pre>
226 1542 422 1598 tribulatione:
447 1543 473 1597 el
494 1543 617 1597 emittam
640 1557 732 1598 omncs
756 1541 878 1598 homines
932 1539 1212 1612 omnial’riusquam
1224 1540 1381 1597 domusDei
1393 1541 1584 1597 fundamenta
1590 1543 1762 1614 jacerentur

51 1646 276 1704 unumquemque
289 1631 326 1686 cd
337 1632 496 1703 proximum
510 1647 601 1686 suurn.
622 1630 812 1703 Septuaginta
841 1630 877 1685 ad
932 1630 962 1683 et
971 1627 1440 1701 edilicerelurternplum,merces
1450 1630 1604 1687 hominum
1617 1648 1675 1688 non
1686 1635 1758 1698 erat,

51 1722 188 1778 futurum
204 1726 321 1790 tempus
337 1718 437 1774 emnia
450 1718 624 1784 retulerunt,
642 1720 693 1775 sed
710 1719 814 1775 melius
841 1718 878 1774 ad
934 1730 988 1771 nec
1003 1732 1116 1774 merces
1127 1718 1321 1789 jmentorum,
1338 1735 1392 1774 nec
1402 1736 1459 1791 prae
1470 1718 1659 1776 tribulatione
1669 1724 1698 1777 et
1710 1737 1760 1776 an·

52 1808 248 1885 preteritum,
265 1806 341 1862 utin
356 1807 498 1862 Hebraico
509 1806 643 1878 habetur,
660 1811 688 1863 et
702 1808 742 1878 (a)
764 1807 878 1880 exposi·
896 1804 1034 1892 Bguslia
1044 1805 1696 1878 paxintroeuntibus‚etexcuntibua,etomncs
1707 1809 1759 1866 hc-

51 1899 146 1956 tionis
161 1897 268 1953 veritas
279 1895 629 1968 approbabitnnthacm
646 1896 819 1952 fundaretur
834 1897 883 1951 do·
938 1892 1261 1950 minesintersehostili
1276 1895 1542 1952 odiodissidcbant.
1559 1897 1642 1954 Nune
1662 1902 1759 1954 aulem

56 2003 128 2045 mus
143 1985 270 2050 Domini,
286 1990 316 2041 ct
329 1983 522 2040 adificaretur
535 1983 679 2058 templum
698 1984 885 2050 Dominiom-
939 1981 1761 2056 quiaJamdomusllominilundamcnlajactascutellam

55 2077 108 2132 nis
120 2074 203 2131 labor
215 2077 311 2130 vestm
320 2073 421 2129 irritus
437 2072 502 2128 luit.
519 2074 623 2128 Etiam
637 2072 773 2129 homines
794 2090 883 2145 quam
939 2069 1762 2147 ptumedificatumcstnequaquamfaciamutpriustece

50 2165 194 2237 jumenta
208 2162 237 2217 in
251 2159 442 2234 agricultura,
456 2160 484 2216 in
501 2160 711 2231 mercimoniis,
732 2161 885 2234 operibus·
939 2174 1002 2214 ram
1012 2158 1682 2234 hisquidecaptivitatebabyloaiasuulreversi
1692 2181 1698 2230 ;
1710 2163 1761 2220 sed

58 2268 119 2326 que
130 2251 263 2319 diversis,
281 2249 373 2306 cassis
388 2251 544 2306 conatibus
559 2250 797 2308 frustrabantur:
814 2251 885 2307 ioris
939 2246 995 2304 erit
1010 2247 1120 2319 ubique
1135 2264 1190 2320 pax
1204 2253 1233 2304 et
1247 2249 1424 2322 gaudiumet
1434 2249 1599 2306 ariditatem
1613 2251 1761 2308 aciamem

59 2340 236 2411 adversarii,
250 2339 330 2395 domi
346 2339 450 2395 seditio
463 2339 627 2395 turbabant
642 2355 753 2412 pacem,
770 2344 799 2395 et
826 2344 888 2396 erat
943 2335 1061 2407 pristini
1072 2335 1213 2408 temporis
1230 2337 1328 2393 lutura
1342 2337 1523 2394 abundantia
1550 2339 1761 2412 compensabit.

61 2429 174 2501 ubique
188 2428 226 2499 (h)
238 2427 389 2499 justitium
401 2427 437 2483 ab
448 2427 591 2483 bellorum
603 2428 888 2500 frequentiametin·
939 2423 1032 2480 Vinea
1058 2424 1136 2479 enim
1166 2424 1247 2480 dabit
1275 2425 1402 2481 fruet-um
1432 2442 1531 2490 suum,
1549 2431 1577 2482 et
1604 2427 1764 2485 torcularia

62 2517 158 2576 aidias
171 2515 358 2585 domesticas,
375 2517 508 2572 dumnoc
524 2517 612 2572 irater
627 2516 709 2572 tratri
720 2515 837 2573 exhibet
850 2517 887 2571 li-
941 2513 1042 2570 omnia
1052 2511 1368 2585 complebuntur,terra
1378 2513 1450 2570 laetis
1460 2514 1762 2587 segetibusvestielur‚

61 2608 143 2677 dem,
156 2609 185 2661 ct
198 2605 295 2661 omnis
306 2606 351 2660 est
366 2603 487 2660 inimica
498 2604 711 2677 propinquitas.
724 2604 807 2660 Hunc
820 2621 887 2661 seu·
941 2606 970 2659 et
985 2601 1175 2674 irrigantibus
1190 2601 1297 2675 pluviis
1312 2619 1344 2660 ac
1355 2606 1581 2675 rorenoclurno,
1592 2604 1765 2679 omniapul-

62 2711 132 2753 aum
148 2693 214 2750 aliis
228 2693 324 2750 rcrbia
335 2695 457 2766 tggaeus
472 2693 614 2766 propheta
635 2693 887 2765 comprehendens
942 2689 1098 2746 lulahunt:
1115 2691 1253 2747 universa
1268 2708 1331 2763 qua
1344 2692 1416 2763 dixi,
1435 2692 1541 2748 faciam
1571 2692 1608 2765 (d)
1631 2693 1764 2767 reliquiis

62 2781 458 2855 ait:Etauucpouilooortla
473 2782 645 2837 oestroadie
667 2781 758 2837 bucol
784 2798 887 2855 supra:
942 2777 1043 2852 populi
1074 2779 1130 2835 mei
1160 2779 1327 2851 possidere:
1355 2781 1548 2837 fundamenta
1570 2783 1678 2839 domus
1705 2783 1765 2840 Do·

61 2875 211 2944 munuum
222 2873 374 2943 permotus·
384 2870 455 2942 lapis
468 2886 551 2942 super
560 2871 679 2943 lapidem
688 2872 719 2926 iu
730 2872 829 2944 templo
841 2874 889 2927 llo·
943 2866 1017 2923 mini
1040 2867 1121 2938 jacta
1142 2871 1222 2934 sunl,
1239 2872 1268 2924 et
1282 2868 1426 2941 templum
1440 2873 1605 2926 extructum
1629 2875 1683 2927 eat.
1701 2872 1765 2927 ileo

62 2962 147 3017 mini.
163 2959 231 3016 Cum
245 2959 407 3016 accederetis
419 2960 455 3014 od
465 2976 591 3015 oceroum
610 2961 711 3032 eripiar-ti
737 2960 891 3017 modiorum
942 2956 1210 3028 eademetnggaeua
1222 2957 1364 3029 propheta
1374 2958 1764 3032 eodemtemporelcquitur,

61 3059 91 3106 et
102 3050 203 3120 fierent
216 3048 308 3103 decem
320 3051 355 3103 :et
369 3049 511 3104 intraretis
525 3048 560 3103 ed
575 3049 740 3109 torcularet
751 3051 888 3120 exprime·
943 3044 993 3116 qui
1009 3060 1099 3115 supra
1113 3044 1225 3101 dixerat
1240 3048 1369 3102 Percussi
1384 3063 1429 3103 uos
1444 3052 1525 3104 uento
1539 3051 1638 3104 urente
1648 3052 1676 3104 ct
1689 3052 1766 3106 euri-

62 3139 134 3195 retis
148 3137 354 3209 quiuquopiula
369 3135 491 3205 laconas,
506 3136 890 3208 etiebcatoipiati.Percussi
943 3135 1009 3203 piae
1022 3138 1049 3190 el
1061 3134 1200 3206 praedico
1222 3137 1316 3191 omnic
1343 3151 1430 3207 opera
1452 3153 1587 3193 manuum
1601 3143 1766 3207 uestrorum,

66 3242 115 3283 vos
127 3232 206 3281 uerte
219 3228 316 3282 urente
329 3228 355 3281 cl
369 3226 509 3293 auceiae,
521 3226 693 3296 elpreudiue
702 3228 796 3282 omnio
805 3243 889 3298 opera
944 3227 1101 3295 postquam
1117 3223 1220 3297 templi
1235 3224 1428 3282 fundamenta
1442 3230 1512 3281 sunt
1529 3226 1628 3297 Jacla:
1660 3229 1766 3296 Ponite,

65 3330 204 3371 manuum
217 3317 409 3379 uestrorum,cl
418 3329 474 3369 oon
485 3321 544 3369 erat
558 3316 587 3369 iu
599 3313 674 3370 tobis
683 3317 732 3385 qui
740 3319 889 3372 reuertere·
942 3310 1050 3382 inquit,
1067 3314 1097 3367 iu
1107 3311 1190 3368 corde
1201 3317 1291 3368 oestro
1304 3313 1391 3369 ecclic
1404 3315 1488 3370 istuet
1498 3316 1528 3370 irr
1538 3316 1675 3386 fluuium,
1690 3333 1706 3370 a
1723 3317 1767 3372 die

63 3403 161 3461 turcd
174 3418 228 3470 me,
243 3403 312 3459 dicit
326 3404 458 3458 Dominus
472 3403 550 3473 (App.
567 3420 599 3470 ιι,
631 3403 665 3458 16
691 3404 785 3475 seqq).-
810 3404 888 3475 quod
943 3401 1764 3475 uuesimoouartoaouimerrsts:odioquosuudamerrlaju

64 3497 95 3550 et
110 3492 141 3548 iu
152 3490 281 3549 Ecclesia
295 3496 324 3548 el
336 3490 367 3546 in
381 3506 557 3563 unoquoque
568 3491 748 3546 credentium
759 3491 889 3563 accipere
942 3495 985 3542 cto
998 3497 1063 3544 suat
1079 3489 1185 3561 templi,
1196 3491 1289 3560 ponite
1303 3506 1387 3561 super
1399 3507 1447 3547 cor
1464 3494 1594 3547 uestrum.
1623 3492 1761 3566 Numquid

65 3597 237 3656 possumus.
255 3579 404 3651 Siquidem
413 3583 571 3651 antequam
583 3580 689 3634 demus
704 3578 754 3634 Dei
766 3577 794 3632 in
804 3579 889 3635 nobis
938 3576 1000 3648 jam
1012 3592 1105 3633 semen
1116 3579 1146 3632 ia
1160 3579 1285 3648 pumice
1298 3587 1356 3634 est:
1369 3583 1394 3634 el
1409 3579 1590 3635 cdhucuiuea
1603 3584 1629 3636 et
1642 3581 1710 3651 {ictu
1737 3589 1764 3639 ct

64 3669 260 3727 fundamenta
266 3667 425 3740 jaciantur,
437 3671 466 3722 et
478 3665 808 3739 aedificemurtemplum
821 3671 887 3739 Deo,
943 3665 1170 3737 maloprcnatum
1184 3675 1210 3723 et
1227 3665 1336 3739 liceum
1347 3667 1426 3723 olive
1433 3669 1550 3738 floruit?
1577 3670 1619 3725 Ec
1640 3668 1685 3725 die
1710 3671 1765 3727 isla

64 3763 96 3816 et
110 3756 267 3813 audiamus
284 3757 319 3812 de
333 3755 493 3828 Apostolos
510 3756 559 3812 Vos
572 3756 639 3811 estis
654 3757 789 3827 templum
817 3757 889 3813 Dei:
944 3753 1112 3822 benedicam,
1128 3764 1153 3812 et
1168 3772 1278 3812 rursum
1288 3756 1765 3828 mooebocoelumpariteretterram

64 3854 92 3905 et
103 3846 227 3918 Spiritus
241 3852 351 3900 sauctus
365 3844 473 3899 habitat
488 3845 517 3899 iu
532 3845 606 3899 vobit
622 3845 658 3911 (ll
671 3843 732 3899 Cor.
761 3860 801 3910 vr,
832 3846 887 3917 16),
944 3843 1022 3914 (Apo.
1055 3862 1085 3911 ιι,
1115 3845 1149 3898 19
1172 3845 1257 3916 seqq.)
1280 3843 1418 3901 Dicamus
1445 3850 1473 3902 et
1501 3844 1594 3917 aliter,
1637 3850 1761 3919 coeptum

65 3933 213 4009 quidquid
229 3933 298 3990 boni
314 3932 411 4005 operis
427 3932 534 3988 hahere
543 3931 778 4003 videbamurhll.
791 3933 889 3989 videa·
943 3932 1407 4006 superEcclesiaexplanaiionem
1419 3934 1763 4009 sequentesPriusquam

64 4023 156 4094 marl,
172 4022 232 4078 sive
247 4020 416 4087 rationales,
433 4021 483 4092 qui
500 4019 837 4093 appellanturhomines,
850 4021 889 4078 ai·
944 4020 1032 4077 iidem
1048 4020 1154 4077 Christi
1170 4022 1237 4094 quis
1252 4022 1382 4094 recipiat,
1399 4028 1429 4079 et
1441 4023 1471 4078 in
1486 4022 1656 4097 eoSpirilus
1671 4026 1765 4082 saneti

63 4129 101 4169 ve
115 4111 275 4183 simplices,
292 4110 342 4183 qui
353 4111 491 4181 jumenta
505 4109 646 4164 dicuntur
667 4108 790 4165 homines
816 4112 889 4167 caim
944 4108 1022 4165 840
1035 4109 1226 4166 fundamenta
1236 4111 1401 4183 Jaciuntur,
1416 4112 1515 4169 nullus
1531 4113 1633 4170 audire
1647 4116 1763 4187 poterit,

63 4206 92 4259 et
100 4203 241 4272 iumento,
256 4199 365 4271 inquit,
379 4200 467 4254 saluos
479 4200 575 4269 samu,
588 4199 699 4253 Domine
724 4198 781 4269 (Pe.
805 4216 888 4268 xxxv,
943 4203 987 4255 est
1001 4214 1113 4255 merces
1127 4199 1207 4272 operi
1222 4204 1282 4257 tuo.
1294 4201 1359 4257 Sive
1374 4200 1423 4258 ille
1437 4201 1557 4258 ludaus
1571 4200 1620 4270 sit,
1631 4203 1692 4260 sive
1707 4203 1766 4260 he·

63 4291 106 4360 7),
123 4290 286 4345 mercedem
302 4304 360 4343 non
375 4286 463 4343 hahet
477 4287 554 4358 apud
570 4290 705 4357 Deum‚el
719 4287 827 4343 suntin
841 4306 892 4345 no·
944 4287 1064 4354 relicua,
1080 4287 1140 4344 sive
1154 4288 1292 4361 gentilis:
1309 4289 1451 4364 quidquid
1462 4291 1529 4347 boni
1540 4291 1636 4363 operis
1655 4292 1765 4362 fecerit,

65 4379 114 4436 his
128 4376 205 4434 halla
219 4382 308 4448 atque
322 4376 486 4441 discordie,
502 4381 531 4431 et
545 4375 654 4447 ubique
681 4374 833 4431 tribulatio
862 4381 891 4432 et
944 4376 1002 4433 nisi
1016 4377 1177 4434 innomine
1191 4377 1297 4435 Christi
1314 4378 1424 4446 fecerit,
1439 4380 1602 4436 mercedem
1626 4379 1671 4435 aui
1697 4380 1765 4436 honi

66 4467 132 4524 aine
142 4482 214 4539 pace
228 4464 346 4532 Christi,
362 4481 450 4537 quam
467 4464 503 4519 ad
519 4467 634 4520 Patrem
648 4463 891 4537 vadeus;aposto-
945 4465 1041 4538 operis
1056 4483 1113 4522 non
1128 4466 1400 4523 habebit.Videmus
1414 4466 1766 4541 harelieommvirgines,

66 4554 106 4611 lis
128 4553 284 4627 dereliquit
307 4555 387 4610 locu.
415 4557 485 4619 xrv),
516 4551 714 4625 impleturque
740 4552 769 4607 in
808 4553 892 4610 nobis
906 4561 930 4626 Ι)
946 4554 1186 4627 philosophorum
1203 4554 1329 4627 rigorem
1344 4555 1510 4611 iudeorum
1526 4555 1557 4610 in
1571 4572 1705 4612 escarum
1720 4573 1769 4613 va-

64 4641 184 4700 Domini
199 4641 360 4698 sententia:
378 4642 490 4697 inimici
504 4641 633 4712 bominis,
662 4640 805 4696 domestici
833 4641 892 4713 ejus
946 4643 1048 4700 rietate
1062 4641 1297 4710 observantiam
1313 4645 1452 4699 ettamen
1470 4643 1665 4710 dicimualrtt.
1695 4644 1767 4700 dici·

65 4731 161 4806 (uicti.
177 4731 390 4801 v11,b).0muis
402 4729 891 4802 caim[rutersupploalctiouesup-
945 4731 1015 4802 turl,
1027 4732 1275 4803 juxtanggaum,
1291 4731 1368 4803 quod
1385 4731 1550 4800 comedant,
1576 4735 1606 4788 et
1633 4749 1690 4788 non
1720 4750 1766 4789 sa·

65 4822 176 4895 plantor
183 4822 220 4882 ,τί
230 4820 321 4875 omnis
335 4819 441 4875 amicas
450 4818 641 4890 fraudulenter
650 4817 799 4890 inusitate)
811 4825 837 4873 et
849 4820 893 4875 eir
946 4819 1075 4876 tientur:
1092 4817 1204 4884 bibant,
1220 4821 1248 4873 et
1262 4834 1320 4873 non
1336 4817 1534 4876 inebrientur:
1551 4819 1769 4892 operiantur,et

66 4911 187 4982 tratrem
199 4923 282 4964 suum
298 4908 406 4964 deridet
420 4909 597 4964 etreritotcm
610 4922 666 4962 roa
677 4907 891 4977 loquiturdrdi-
947 4924 1005 4964 non
1021 4907 1175 4963 calefiant:
1191 4907 1277 4978 etqui
1294 4908 1443 4963 mercedes
1473 4915 1641 4982 congregat,
1671 4910 1768 4965 mittat

67 5000 108 5054 cit
120 4997 218 5066 liupuu
232 5012 326 5053 eorum
350 4998 425 5069 loqui
453 4996 628 5052 mendacium
650 4996 758 5066 (ierem.
783 5013 822 5064 ιιι,
853 4997 892 5069 ¹1),
946 5014 997 5055 eas
1011 4997 1039 5051 in
1056 4998 1207 5068 pertusum
1223 4993 1373 5051 sacculum
1386 4997 1463 5067 (cipp.
1480 4998 1511 5069 1).
1528 5001 1685 5071 Postquam
1700 5014 1768 5055 vero

68 5087 152 5154 Quod
166 5085 191 5142 ai
206 5090 411 5142 convertamur
424 5086 458 5141 ad
471 5084 662 5150 Christum,et
672 5084 816 5157 templum
828 5085 893 5157 ejus
947 5086 1034 5141 fldem
1049 5083 1156 5140 Christi
1172 5084 1341 5158 receperint,
1358 5088 1387 5140 ct
1402 5083 1445 5139 illi
1459 5089 1487 5141 et
1500 5085 1589 5157 hiqui
1601 5086 1768 5143 inlicclesia

70 5174 147 5234 845
175 5174 350 5244 efficiamur,
385 5175 484 5230 statim
522 5173 678 5229 audiemus
719 5173 893 5245 Apostolum
948 5174 1063 5231 lucrant
1077 5175 1252 5246 peccatores,
1268 5177 1361 5245 cipro
1376 5173 1579 5246 magnitudine
1594 5173 1766 5231 delictorum

105 5445 137 5512 (c
162 5442 285 5514 Victor,
294 5447 321 5499 el
337 5444 367 5498 iu
378 5443 558 5514 expositionis
571 5442 643 5498 serie
657 5440 767 5512 auitas,
784 5443 838 5497 etc.
984 5441 1018 5513 (c)
1028 5438 1135 5505 Verba,
1147 5441 1172 5493 el
1187 5438 1230 5494 uir
1244 5439 1363 5509 tratrem
1376 5456 1457 5496 suurn
1471 5442 1585 5509 daudet,
1601 5442 1637 5499 ad
1656 5445 1770 5498 nosue·

106 5516 134 5583 (b
161 5515 194 5569 ln
210 5512 275 5569 aliis
291 5513 375 5570 libris
386 5515 509 5585 iustitio,
526 5514 556 5567 in
569 5510 634 5568 aliis
650 5527 731 5584 arque
747 5510 894 5584 malejur·
949 5528 1015 5569 rum
1031 5527 1108 5567 mss.
1125 5508 1212 5564 fidem
1227 5509 1451 5569 interseruntur.

67 5586 157 5660 ptum.
173 5584 279 5641 Notum
291 5585 408 5659 quippe,
416 5584 567 5669 publicum
578 5582 757 5649 luctum,seu
768 5581 891 5652 malurn,
983 5583 1022 5657 (d)
1036 5587 1130 5642 huma
1141 5584 1204 5637 erat
1212 5581 1317 5653 socium
1330 5583 1426 5656 populi
1435 5582 1772 5659 uuireliquiaspossidere

69 5661 100 5716 et
112 5655 223 5731 publici
235 5657 313 5728 Juris
327 5661 531 5722 cessationem,
537 5656 685 5729 justitium
699 5655 767 5712 dici.
948 5655 1045 5715 Nostri
1062 5669 1133 5712 mss.
1151 5652 1319 5710 emendant.
1490 5652 1497 5668 '
