3818 6104
103 369 179 438 loll
729 368 762 437 S.
784 361 940 438 nusum
961 364 1184 440 ntuaoutttt
1725 364 1803 433 tots

100 508 229 581 prolerre
253 520 428 565 sermonem.
454 505 489 563 Et
511 503 624 563 dicente
648 507 790 564 Domino:
809 508 879 563 Varie
897 511 923 562 et
939 513 963 577 Α
979 508 1341 581 posuimus.Nunaautam
1353 501 1803 565 adnostraredeamus.l⁷olaers

99 596 142 652 aiio
156 597 255 668 populo
269 595 334 652 buia
349 598 394 667 (ls.
411 614 449 667 vi,
465 597 503 667 9),
521 595 562 651 illi
579 597 741 652 econtrario
752 597 869 669 jubent,
886 611 922 651 ne
976 614 1007 654 se
1021 599 1122 654 subter
1136 615 1186 654 eos
1202 598 1368 671 plaustrum
1380 596 1437 670 [ΑΙ.
1448 598 1524 654 sicut
1537 594 1719 670 plaustrum]
1729 609 1804 650 com·

99 682 229 755 loquaris
245 684 274 739 in
289 685 408 741 nomine
423 685 549 751 ltomiui,
566 685 691 740 maxime
707 685 731 740 si
749 684 797 740 ille
812 685 861 756 qui
874 684 923 739 do·
977 685 1107 742 minatur
1117 692 1202 758 Deus,
1212 688 1277 742 seno
1287 686 1330 742 vel
1342 685 1685 757 stipulapraegravatum‚
1696 686 1729 737 ut
1737 681 1804 754 quis

98 778 173 839 caat,
189 790 246 828 non
262 773 339 845 turpi
355 774 436 829 lucro
449 779 477 829 ct
491 773 587 846 gloria
599 778 685 845 utque
696 773 855 845 jactantia,
871 773 922 829 sed
940 776 952 790 ⁶
977 774 1154 831 trumentum
1173 791 1230 830 uon
1247 774 1357 830 habent
1373 773 1450 846 quod
1467 774 1496 828 in
1519 773 1624 828 horrea
1649 771 1803 838 condatur,

99 861 219 917 utilitati
235 862 392 934 legentium
409 862 652 934 audientiumque
667 862 826 934 provideat.
977 864 1077 919 lenum
1092 880 1192 919 corum
1207 869 1236 918 et
1250 863 1360 935 stipula
1373 861 1508 917 incendio
1523 859 1805 917 concremetur.llas

134 950 226 1020 (Vers.
244 951 277 1004 13
292 954 386 1022 seqq.)
398 952 464 1005 Ecce
478 965 524 1021 epo
540 951 661 1006 stridebo
675 951 766 1005 subter
783 965 838 1016 uos,
854 951 923 1005 sicut
977 958 1021 1008 est
1036 953 1135 1007 tenum
1146 953 1181 1007 de
1193 968 1249 1024 quo
1265 951 1405 1024 propheta
1419 939 1508 1006 dicit:
1524 952 1605 1006 Fiant
1619 951 1695 1004 sicut
1707 947 1805 1021 fenum

97 1038 193 1093 studet
209 1038 285 1095 248
299 1039 455 1109 plaustrum
470 1047 595 1093 onirstnm
610 1041 683 1108 leno,
699 1047 725 1093 et
738 1040 840 1109 peribit
853 1042 923 1109 supa
976 1041 1170 1111 aedificiorum,
1193 1040 1265 1112 quoii
1281 1043 1442 1111 priusquam
1454 1039 1599 1101 evellatur,
1615 1039 1733 1092 exaruit
1747 1039 1804 1104 (ΡΙ.

96 1128 225 1194 anelare,
242 1131 269 1181 et
283 1130 360 1197 tortis
376 1143 431 1182 non
443 1128 573 1183 obtinebit
587 1130 717 1183 virtulem
730 1143 820 1197 suram,
836 1131 861 1182 et
876 1143 923 1182 ro·
976 1146 1091 1193 cxxviii,
1107 1130 1145 1200 6).
1163 1133 1215 1184 nt:
1233 1126 1327 1184 Ornnis
1341 1144 1409 1183 caro
1423 1130 1518 1199 senum
1533 1128 1608 1197 (lsai.
1628 1143 1677 1190 xn,
1692 1126 1734 1197 6).
1751 1124 1805 1181 sti-

98 1216 192 1270 bustus
201 1232 256 1271 non
266 1218 387 1271 soluerint
396 1219 522 1271 animam
530 1222 651 1280 suamet
659 1218 754 1270 teneris
764 1233 858 1271 arrum
869 1231 923 1270 non
977 1217 1076 1291 pulum
1088 1222 1185 1273 autem
1196 1217 1246 1272 illa
1256 1223 1311 1287 est,
1327 1233 1415 1288 super
1427 1219 1512 1285 cujus
1523 1214 1659 1270 incendio
1671 1212 1817 1270 flebiliter·

96 1305 189 1370 stabit,
202 1313 227 1359 et
236 1304 314 1359 aelon
325 1303 439 1375 pestibus
448 1308 505 1359 suis
519 1321 573 1359 non
584 1305 746 1369 salvabitur,
763 1313 788 1360 et
798 1321 923 1362 ascensor
976 1307 1118 1379 propheta
1132 1306 1301 1379 complorat,
1318 1307 1437 1361 dicens:
1455 1307 1511 1360 ileu
1526 1303 1618 1360 mibi!
1632 1305 1704 1375 quio
1718 1305 1807 1372 suetus

96 1394 161 1464 equi
170 1408 224 1446 non
236 1394 354 1447 solinunt
364 1395 489 1447 animam
498 1402 618 1460 sunm,et
628 1393 840 1449 robustuscoraie
851 1395 923 1449 inter
975 1412 1036 1450 sum
1049 1395 1118 1449 sicut
1133 1396 1181 1465 qui
1194 1395 1299 1464 cultipit
1310 1394 1442 1465 stipulum
1457 1395 1487 1449 in
1502 1407 1595 1459 messe,
1610 1393 1724 1446 etsicul
1735 1406 1806 1446 raes·

96 1484 189 1553 sortes,
205 1480 295 1536 nudus
307 1482 394 1552 sapiet
408 1483 438 1536 in
453 1482 497 1538 alie
511 1483 575 1552 illo,
592 1482 661 1536 elicit
675 1483 816 1536 Dominus.
835 1481 920 1536 LXX:
975 1499 1033 1539 mos
1042 1485 1072 1538 in
1081 1482 1229 1550 vindemio,
1241 1498 1303 1537 cum
1315 1483 1421 1536 nonsit
1434 1482 1526 1536 botrus
1535 1478 1807 1535 admanducandum

98 1571 266 1641 Quapropter
280 1585 338 1625 ecoe
351 1586 400 1639 epo
414 1571 524 1626 ootoam
538 1571 633 1624 subter
648 1586 693 1624 uos
713 1573 784 1625 straet
805 1571 923 1625 statuitur
973 1574 1126 1644 primitivo.
1144 1576 1206 1627 ileu
1221 1572 1309 1626 mibi!
1323 1572 1419 1625 aninaa
1433 1569 1487 1640 [ΑΙ.
1504 1568 1625 1624 additur
1639 1573 1727 1639 meat,
1743 1569 1806 1638 quis

96 1658 251 1729 plaustrum
265 1659 377 1728 plenum
397 1659 513 1730 stipula,
535 1667 560 1713 et
574 1658 677 1729 peribit
690 1659 757 1728 iupa
772 1675 788 1713 a
802 1672 921 1728 cursore,
975 1663 1047 1732 perii
1061 1676 1186 1716 reverens
1201 1659 1233 1715 oie
1248 1663 1338 1720 terra,
1354 1645 1378 1715 et
1390 1661 1438 1729 qui
1448 1659 1660 1726 rectumsaciat,
1677 1659 1712 1712 in
1722 1656 1806 1712 bom-

99 1753 125 1801 et
137 1747 217 1816 sortis
230 1761 285 1800 non
295 1746 428 1801 obtinebit
441 1746 629 1816 fortitudinem
648 1762 742 1815 suam,
753 1751 779 1801 et
787 1752 925 1818 pupnotor
975 1751 1056 1804 nibus
1075 1764 1131 1803 non
1144 1752 1205 1803 est:
1220 1763 1314 1803 omnes
1330 1750 1361 1801 in
1374 1748 1511 1817 sanquine
1534 1745 1700 1812 iudicantur
1719 1745 1806 1816 (Hicin

95 1851 150 1891 non
164 1835 284 1890 salvabit
295 1836 517 1900 unimamsnam,
532 1840 556 1889 et
568 1835 732 1902 sapittarius
745 1837 923 1891 norasustine·
975 1855 1025 1903 vn,
1043 1837 1080 1906 Ι),
1096 1843 1124 1891 et
1139 1836 1263 1908 reliqua.
1279 1837 1337 1892 Han
1348 1840 1393 1891 est
1404 1836 1503 1890 lenum
1520 1839 1548 1889 et
1560 1832 1686 1905 stipula,
1703 1834 1742 1889 de
1755 1848 1808 1905 qus

96 1925 143 1990 bit,
159 1928 185 1979 et
199 1924 279 1979 uelox
292 1923 404 1992 pentbns
418 1924 524 1978 salubri
537 1938 591 1977 non
606 1925 716 1993 poterit,
732 1927 757 1978 et
771 1939 852 1993 eques
866 1939 922 1979 non
976 1930 1005 1981 et
1014 1924 1172 1998 Apostolus
1184 1925 1332 1997 loquitur:
1350 1922 1570 1994 ligunianum,
1581 1920 1699 1993 stipula
1709 1921 1806 1977 unius·

94 2013 217 2069 salvabit
224 2013 349 2067 animam
357 2012 519 2083 suum,(a)et
529 2013 791 2082 inuentumoorejus
799 2015 871 2068 inter
876 2028 923 2082 po
976 2015 1121 2086 cujusque
1131 2031 1204 2086 opus
1217 2013 1408 2069 manifestum
1418 2013 1470 2067 fiet
1480 2012 1503 2082 (l
1514 2012 1574 2067 Cor.
1584 2011 1630 2082 ιιι)
1643 2028 1650 2065 :
1669 2011 1806 2082 quoniam

95 2106 190 2168 tentes,
206 2110 231 2158 et
245 2101 335 2156 nudus
348 2101 438 2172 [apiae
452 2102 483 2155 in
497 2101 540 2156 (tie
555 2101 617 2168 illa,
638 2102 705 2156 elicit
718 2103 860 2157 Dominus.
877 2101 923 2157 Me
977 2104 1006 2158 in
1033 2104 1080 2159 die
1105 2103 1219 2159 Domini
1237 2103 1267 2158 in
1283 2103 1350 2175 igne
1366 2100 1551 2157 revelabitur.
1577 2098 1804 2172 Plaustrumqus

95 2189 177 2246 vobis
199 2194 354 2263 prestante
370 2189 505 2256 benficia,
530 2193 559 2244 at
573 2188 715 2244 educente
729 2206 781 2244 vos
796 2190 831 2244 de
845 2194 923 2245 terra
977 2192 1054 2264 quod
1078 2192 1214 2262 volvitur,
1238 2191 1311 2248 illud
1327 2194 1380 2256 est,
1396 2191 1432 2245 de
1447 2205 1505 2261 quo
1520 2188 1549 2242 in
1566 2187 1645 2244 lsaia
1660 2187 1801 2261 legimus:

96 2279 221 2352 AEgypti‚
238 2283 267 2334 et
281 2278 475 2334 interficiente
490 2282 557 2333 ante
573 2276 674 2332 taciem
686 2282 813 2333 vestram
825 2280 924 2333 Amor·
978 2280 1188 2337 conculcabitur
1203 2280 1243 2350 (b)
1259 2279 1392 2344 lloabitis,
1420 2280 1491 2333 sicut
1503 2276 1686 2332 conculcatur
1702 2277 1801 2332 armis

98 2367 219 2438 rhesum,
231 2373 263 2422 ut
274 2365 463 2439 possideretis
472 2371 578 2421 terram
593 2368 667 2436 ejus,
679 2371 705 2421 et
717 2367 876 2422 suscitante
889 2366 924 2422 de
976 2371 1108 2442 plaustris
1132 2370 1178 2441 (ts.
1194 2386 1259 2437 xxv,
1282 2368 1337 2438 ΙΟ).
1363 2368 1398 2422 ΙΙΙ
1413 2367 1443 2422 in
1460 2365 1516 2420 alio
1532 2365 1615 2421 loco:
1631 2366 1752 2431 Portam,
1764 2364 1800 2420 in·

99 2455 168 2512 filiis
183 2456 299 2511 vestriis
315 2455 483 2527 prophetas,
497 2459 526 2510 et
540 2455 575 2510 de
586 2454 745 2525 juvenibus
756 2456 859 2510 vestris
871 2455 926 2509 Na·
979 2459 1052 2529 quit,
1067 2462 1094 2514 te
1107 2460 1176 2513 sicut
1188 2465 1260 2513 rotas
1274 2457 1393 2528 plaustri
1402 2470 1485 2510 nouas
1494 2471 1556 2509 cum
1566 2470 1715 2510 serrarum
1726 2453 1798 2510 denti

99 2561 217 2612 aaraeos,
243 2561 293 2600 vos
317 2543 507 2600 inebriabatis
533 2544 683 2598 Nazaraeos
706 2559 785 2598 meos
800 2544 876 2609 vino,
896 2545 925 2599 et
979 2548 1329 2614 bucoleonteresmontes,
1342 2542 1635 2600 eteomminuesrotles
1649 2542 1796 2614 (ibid.,xu,

99 2633 249 2705 prophetis
269 2632 411 2689 dicebatis
427 2650 434 2688 ε
459 2632 499 2687 Ne
514 2630 705 2703 prophetetis.
717 2631 825 2687 [dcirco
849 2631 927 2687 sicut
979 2636 1042 2706 15):
1059 2636 1093 2707 (e)
1109 2640 1138 2690 et
1153 2639 1308 2706 postquam
1330 2638 1445 2688 montes
1460 2630 1609 2703 collesque
1624 2629 1793 2697 contriveris,

98 2721 264 2794 plaustrum
276 2720 390 2793 stipula
401 2720 443 2776 vel
456 2719 513 2775 sani
526 2736 613 2775 onere
623 2725 846 2791 praegravatum,
858 2720 925 2775 stri·
980 2725 1072 2796 periet
1086 2724 1155 2796 suga
1169 2740 1187 2778 a
1200 2722 1307 2787 veloce,
1317 2721 1430 2776 dicente
1440 2718 1529 2776 Paulo
1543 2735 1550 2773 :
1567 2720 1687 2775 Nescitis
1696 2717 1792 2791 qunti,

99 2810 169 2865 dore
179 2815 208 2865 at
218 2809 315 2864 sonitu
327 2809 412 2882 longe
422 2808 553 2865 exululat
565 2825 571 2861 :
590 2808 632 2864 sia
643 2824 696 2879 ego
706 2812 927 2880 peccaterestra
980 2815 1031 2885 qui
1040 2814 1070 2867 in
1080 2812 1168 2867 stadio
1178 2818 1304 2878 currunt,
1317 2826 1409 2865 omnes
1419 2808 1528 2880 quibem
1538 2812 1672 2876 currunt,
1682 2821 1790 2863 unuroir

102 2896 178 2953 ultra
193 2914 251 2953 nou
267 2899 428 2964 sustineus,
441 2903 469 2954 ct
481 2897 565 2969 quasi
581 2895 719 2967 stipulam
730 2898 866 2952 stradeus
881 2895 928 2951 iu·
980 2910 1032 2958 tem
1047 2902 1145 2972 accipit
1161 2901 1287 2955 bravium
1301 2900 1331 2970 (Ι
1348 2899 1408 2954 Cor.
1425 2915 1462 2967 ix,
1477 2897 1534 2967 24).
1551 2897 1587 2951 ΕΙ
1601 2898 1633 2951 in
1650 2896 1708 2952 alio
1722 2894 1788 2951 loeo:

103 2985 217 3052 cendio,
233 2984 366 3042 clamabo
381 2992 409 3040 et
423 2986 539 3040 dicam:
567 2984 672 3040 Peribit
693 2986 758 3055 supa
780 3001 796 3038 a
817 2985 926 3040 nemra:
981 2989 1139 3045 Currebatis
1149 2989 1224 3053 bene,
1238 2991 1300 3060 quis
1312 3003 1354 3042 uos
1364 2986 1503 3058 impalluit
1514 3001 1568 3039 non
1583 2987 1788 3057 acquiescerent·

103 3072 927 3146 quemtblllsbrraileroboamtiliumNabathintelligunt,
981 3079 1060 3134 rituti
1080 3076 1154 3148 (Gat.
1170 3094 1198 3141 v,
1213 3077 1266 3147 rt?
1292 3075 1374 3132 Unde
1401 3079 1430 3130 et
1458 3069 1788 3129 desetimenssit:llos

103 3163 153 3235 qui
171 3163 251 3235 prius
267 3164 296 3217 in
312 3163 465 3234 AEgyptum
483 3162 596 3233 ingerat
610 3160 659 3232 (ΙΙΙ
677 3163 740 3230 ltrp.
757 3163 797 3233 ιιι)
815 3162 863 3217 llio
879 3179 929 3217 au·
983 3168 1048 3238 quia
1052 3167 1113 3238 jam
1123 3166 1227 3237 accepi,
1239 3169 1287 3220 unt
1294 3164 1434 3237 perfectus
1444 3164 1497 3218 sim
1508 3180 1517 3216 :
1529 3177 1612 3217 curro
1623 3161 1788 3231 antennor

103 3256 162 3308 tem
178 3251 489 3323 nonipsospriucipes,
503 3251 553 3304 sed
567 3238 963 3318 comessorum,ets0ta(l
980 3254 1159 3327 prebendam,
1187 3256 1216 3308 in
1241 3269 1292 3324 quo
1316 3260 1341 3307 et
1365 3251 1551 3323 apprehensus
1577 3267 1640 3305 sum
1663 3267 1682 3305 a
1703 3249 1788 3308 olma

104 3340 161 3396 lem
171 3339 398 3412 accipiamuslit
406 3340 546 3408 tortisnon
556 3339 687 3393 obtinebit
696 3340 925 3394 virtutemsuam:
979 3343 1092 3416 (Philip.
1118 3359 1160 3409 111,
1182 3344 1243 3407 lit:
1260 3341 1324 3397 Huc
1340 3340 1476 3396 universa
1490 3339 1628 3403 iaciebat,
1646 3355 1683 3394 ne
1696 3336 1785 3411 periret

105 3429 209 3485 sortem
216 3430 309 3485 Basan
321 3428 558 3498 interpretantur,
567 3427 616 3497 qui
628 3426 681 3481 tuit
692 3428 728 3483 ab
741 3426 815 3483 bella
829 3443 926 3500 prom·
980 3432 1049 3503 luga
1062 3448 1079 3486 a
1094 3431 1189 3486 veloce
1202 3448 1208 3486 :
1225 3430 1415 3501 quamobrem
1427 3445 1493 3484 cum
1506 3429 1570 3498 jam
1582 3421 1788 3499 pervenisselatl

104 3517 258 3589 piissimus
271 3516 320 3588 (ΙΙΙ
335 3516 399 3585 neu.
415 3515 471 3585 xv).
487 3516 520 3569 Et
535 3516 660 3570 robustus
670 3531 724 3570 nou
735 3516 851 3572 salvabit
866 3518 925 3571 ani·
980 3518 1099 3586 calaum,
1127 3523 1155 3573 et
1179 3519 1339 3589 accepisset
1365 3516 1497 3571 bravium
1522 3515 1664 3587 victoria,
1688 3525 1787 3570 securm

103 3622 182 3661 mam
195 3622 298 3660 suarna:
314 3604 391 3659 hunc
407 3604 453 3658 hio
468 3605 548 3658 Amri
563 3605 615 3675 (ΑΙ.
631 3603 721 3676 Omril
738 3605 877 3660 sentiunt.
894 3607 926 3660 Et
980 3609 1091 3664 aiebat:
1106 3606 1247 3668 Certamen
1257 3605 1475 3672 bonumeertaui‚
1487 3619 1599 3658 cursum
1610 3600 1784 3662 commoti,

102 3696 310 3762 tenensarcnm,
322 3694 478 3759 nauseabit,
491 3692 551 3748 sive
560 3693 703 3748 sustinebit
712 3710 722 3746 .·
735 3694 771 3748 de
780 3693 853 3748 lahu
866 3694 925 3750 filio
980 3697 1060 3768 fidem
1075 3697 1193 3762 sennaar,
1209 3695 1243 3750 tte
1255 3702 1352 3750 cataro
1365 3695 1487 3764 reposito
1502 3699 1540 3746 est
1553 3692 1628 3747 mibi
1638 3691 1786 3764 justitian-

101 3781 201 3838 Namsi
217 3783 270 3855 [lt.
287 3782 408 3853 Ncmsil,
425 3783 473 3853 qui
488 3781 588 3836 loram
606 3797 703 3853 regem
720 3781 806 3837 lsrael
818 3782 926 3854 sagitta
980 3801 1060 3853 rona,
1085 3801 1168 3856 quom
1190 3782 1281 3838 reboet
1302 3780 1373 3836 mibi
1397 3782 1528 3836 Dominus
1552 3779 1792 3851 inuisitatum

101 3871 246 3942 percussit
268 3870 316 3938 (ΙΙΙ
332 3873 393 3941 lieo.
412 3870 462 3940 ix),
478 3870 588 3924 dictum
606 3874 720 3941 putant.
735 3873 771 3924 at
786 3871 865 3926 nolon
877 3887 925 3942 pe·
974 3874 1085 3944 iudea:
1100 3888 1156 3927 non
1168 3872 1361 3927 solumautem
1372 3870 1451 3938 milii,
1466 3869 1513 3924 seni
1523 3877 1550 3924 et
1560 3871 1690 3925 omnibus
1704 3868 1747 3940 qui
1754 3865 1793 3922 a·-

100 3957 180 4014 dibus
195 3962 251 4014 suis
265 3974 320 4013 non
332 3958 504 4013 salvabitur:
521 3957 672 4013 Manahem
686 3958 862 4030 intelligunt,
874 3959 924 4031 qui
980 3964 1069 4033 lipunt
1084 3961 1232 4016 aduentum
1245 3961 1302 4029 eins
1317 3958 1353 4030 (ΙΙ
1366 3960 1433 4014 Tim.
1447 3975 1485 4023 1v,
1500 3958 1527 4025 7,
1539 3957 1578 4027 8).
1597 3956 1629 4012 Si
1639 3957 1794 4030 meduana·

102 4045 211 4102 trustra
226 4046 367 4102 testinans
383 4046 442 4118 regi
457 4045 642 4118 Assyriorum
658 4046 734 4101 dona
749 4047 855 4103 direxit
877 4047 925 4118 (IV
980 4051 1036 4106 cito
1052 4048 1226 4120 fugerimus,
1238 4052 1388 4118 peceatum
1402 4045 1793 4117 nosapprehenderenoars·

101 4134 165 4202 llep.
177 4135 240 4207 xvi:
252 4136 285 4190 Et
295 4151 423 4191 ascensor
433 4137 497 4207 equi
505 4152 563 4188 non
571 4135 687 4190 salvabit
698 4137 822 4190 animam
830 4152 923 4192 snam:
980 4139 1064 4204 tebit,
1075 4136 1120 4192 sin
1133 4139 1230 4192 autem
1242 4134 1374 4208 ligaverit
1383 4133 1494 4189 malitia
1504 4133 1593 4204 pedes
1603 4128 1794 4203 obstruam

100 4221 180 4279 hunc
202 4214 322 4288 Phaone,
347 4222 441 4278 lilium
457 4221 603 4288 Romulia,
619 4223 858 4294 interpretantur,
875 4223 925 4296 qul
979 4226 1134 4298 loquemur
1146 4240 1214 4279 cum
1226 4222 1367 4295 propheta
1378 4223 1413 4278 ad
1426 4227 1536 4277 Deum:
1553 4222 1613 4290 Quo
1628 4222 1673 4278 ibo
1683 4220 1791 4293 aspiritt

97 4311 201 4382 juncto
220 4313 313 4384 ¹tram,
340 4311 438 4380 idest,
454 4312 534 4383 Syro,
558 4311 613 4366 sub
630 4326 695 4382 rege
713 4311 804 4367 achaz
820 4312 924 4367 tudae
978 4317 1035 4379 tuo,
1057 4317 1083 4370 et
1097 4330 1148 4384 quo
1162 4330 1179 4367 a
1193 4313 1263 4384 facie
1288 4316 1336 4367 lua
1350 4313 1460 4383 inpiam
1481 4311 1536 4378 (Ps.
1553 4325 1694 4376 cxxxv111,
1706 4306 1789 4381 'tlibi

101 4400 195 4457 multa
208 4401 342 4457 vastavit.
358 4402 391 4456 lit
406 4402 532 4456 robustus
551 4399 639 4470 corate,
655 4401 727 4454 iuter
739 4402 821 4470 sortes
835 4400 925 4457 nudus
980 4401 1066 4458 malis
1082 4401 1253 4457 cursoribus
1266 4397 1426 4471 apostolus
1441 4396 1591 4469 loquitur:
1610 4399 1669 4455 Non
1685 4396 1787 4463 uolatu

98 4492 186 4562 sapiet
200 4492 231 4547 in
245 4491 290 4546 die
304 4489 369 4558 illa,
393 4491 460 4546 dicit
480 4489 614 4544 Dominus
630 4489 718 4560 (ibid.)
743 4489 829 4545 Solus
853 4490 925 4546 Osee
978 4507 1066 4562 neque
1078 4491 1226 4554 sumentis,
1246 4489 1292 4544 seni
1306 4488 1460 4544 miserentis
1474 4494 1513 4542 est
1528 4487 1578 4542 Dei
1593 4487 1683 4558 (liam.
1699 4503 1736 4554 ιι,
1750 4482 1787 4540 tot

98 4579 148 4650 qui
159 4578 280 4635 ultimus
291 4597 341 4635 rex
351 4579 450 4634 decem
461 4577 591 4632 tribuum
604 4576 667 4644 luit,
679 4583 859 4634 eterrantem
871 4595 922 4652 po·
939 4600 962 4666 D
978 4579 1134 4652 Sequitur:
1151 4579 1183 4633 lit
1197 4579 1277 4649 tortis
1286 4593 1341 4632 non
1352 4577 1485 4632 obtinebit
1494 4577 1629 4631 uirtutem
1637 4592 1737 4632 snum:
1747 4585 1785 4628 nu

97 4667 201 4738 pulum
217 4669 253 4724 ud
268 4668 318 4724 Dei
334 4666 445 4722 cultum
462 4681 594 4721 revocare
609 4670 730 4722 conatus
743 4673 787 4722 est
801 4669 846 4738 (ΙΙΙ
857 4669 920 4738 liep.
976 4685 1034 4740 quo
1049 4668 1133 4723 tortis
1148 4667 1198 4732 sit,
1215 4666 1265 4721 sed
1281 4682 1339 4736 quo
1356 4666 1459 4721 lartem
1476 4681 1507 4719 se
1521 4680 1588 4719 esse
1599 4664 1726 4735 jactitet.
1740 4661 1785 4719 Sin

97 4760 188 4825 xviu),
203 4759 238 4829 (a)
253 4758 339 4829 quusi
354 4757 452 4812 nudus
466 4753 627 4827 egredietur
642 4756 695 4823 [ΙΙ.
712 4756 870 4828 egreditur]
887 4759 922 4815 de
976 4757 1027 4829 qui
1042 4754 1161 4811 conlidit
1172 4754 1201 4809 in
1214 4753 1386 4809 tortitudine
1397 4770 1462 4819 sua,
1476 4756 1572 4807 etuuu
1590 4753 1621 4807 in
1633 4752 1684 4808 Dei
1696 4745 1784 4808 miser}

97 4845 173 4900 m
188 4844 334 4902 incendio.
350 4844 469 4899 Nudum
481 4846 580 4897 autam
596 4849 686 4910 vocat,
703 4844 771 4915 quia
787 4845 843 4899 sub
858 4844 921 4917 ipso
975 4844 1085 4911 cordia,
1105 4846 1187 4913 Juxta
1202 4841 1275 4897 illud
1290 4842 1368 4913 quod
1385 4841 1526 4912 scriptum
1543 4846 1608 4896 est:
1626 4841 1742 4897 Perdam
1754 4851 1785 4894 st·

96 4933 196 4988 decem
212 4933 306 4990 tribus
321 4938 412 5005 captae
428 4934 507 4988 sunt.
522 4932 578 4985 lloc
591 4931 703 4987 Hebraei
714 4937 880 5000 autumant,
893 4939 922 4990 et
972 4935 1117 5007 pientiam,
1127 4932 1294 5002 sapientium
1303 4934 1329 4985 et
1342 4930 1563 5000 intellipentium,
1575 4929 1783 5000 prementium

95 5019 171 5077 sicut
182 5021 266 5077 nobis
277 5022 312 5077 ab
327 5021 399 5093 ipsis
410 5019 550 5076 traditum
562 5020 732 5088 est,nostris
744 5021 923 5078 lldeliterex·
974 5022 1092 5091 probabo
1116 5021 1138 5090 (Ι
1156 5020 1215 5075 Cor.
1233 5036 1264 5086 11,
1282 5019 1325 5090 19)
1340 5036 1346 5074 :
1363 5033 1494 5089 nonque
1509 5016 1608 5090 perire
1633 5017 1726 5090 possit
1737 5024 1783 5072 rm

131 5179 169 5250 (a)
180 5179 288 5235 Mirum
299 5180 353 5236 hoo
364 5179 435 5243 loco,
448 5184 590 5250 quantum
603 5176 667 5249 ipsa
678 5178 713 5232 ab
725 5177 848 5234 invicem
860 5179 920 5236 dis·
972 5180 1080 5236 raverit
1090 5196 1099 5232 :
1111 5193 1174 5249 qua
1184 5175 1375 5248 verbaneque
1387 5174 1465 5230 ullus
1476 5190 1490 5229 a
1503 5175 1616 5231 uostris
1628 5192 1702 5232 mss.
1713 5182 1781 5244 nequ

95 5252 330 5307 sentiantGraeca
341 5251 528 5322 exemplaria.
539 5252 722 5320 Quamquam
736 5249 920 5305 terentexan-
975 5253 1036 5324 ipse
1053 5248 1196 5305 Victorius
1213 5245 1301 5301 novit.

95 5320 179 5377 drino
194 5322 295 5378 isthaec
310 5322 437 5378 adhaeret
452 5321 660 5393 interpretatio,
677 5319 765 5375 verba
777 5325 882 5391 lumen,
894 5326 921 5377 et
1009 5321 1047 5392 (el)
1057 5325 1110 5375 Pro
1122 5318 1255 5386 beabitis,
1265 5316 1376 5390 vulgati
1388 5315 1456 5372 libri
1467 5306 1779 5388 preferebantttoatnt

95 5392 237 5447 inreritum
260 5410 307 5448 cor
332 5393 389 5464 ejaas
415 5396 485 5448 inter
506 5400 637 5465 potentes,
655 5391 684 5445 in
700 5391 769 5446 (list.
788 5407 843 5446 ms.
861 5409 918 5449 non
973 5409 1012 5457 eo,
1029 5389 1296 5446 contradicentibus
1312 5405 1383 5443 mss.
1399 5388 1506 5459 quilius
1520 5389 1776 5455 arimannorum

97 5468 176 5517 sunt.
972 5461 1223 5530 καταπατήθήσεται
1241 5452 1410 5526 utinsilia<
1427 5455 1571 5530 Suspiriose
1589 5463 1730 5531 πατοῦσιν,
1742 5458 1775 5513 ὥ

132 5529 168 5600 (ὁ)
184 5532 312 5599 Auctori,
329 5533 379 5600 qui
396 5533 520 5591 ltubnus
535 5534 626 5599 audit,
641 5536 700 5586 tata
712 5531 772 5587 haeo
784 5533 917 5590 Hebrao·
973 5535 1039 5591 Erat
1074 5548 1170 5604 uoque
1185 5530 1289 5585 vitiosa
1304 5530 1381 5602 apud
1399 5530 1535 5586 Martian.
1550 5531 1584 5584 in
1599 5547 1678 5587 area.

95 5614 160 5654 rum
176 5600 293 5678 traditio
307 5615 362 5676 non
376 5608 473 5670 manni
485 5606 613 5676 ponderis
627 5604 743 5658 dicitur.
1007 5606 1044 5677 (e)
1084 5602 1154 5660 ostri
1171 5618 1241 5658 mss.
1257 5609 1288 5657 ul
1300 5604 1454 5674 postquam,
1474 5606 1502 5657 et
1517 5616 1599 5672 mox,
1612 5606 1718 5674 perenm

130 5671 165 5745 (a)
181 5670 340 5727 Martanum
351 5669 438 5727 editio
449 5675 539 5747 addit,
554 5676 623 5750 quia
633 5673 664 5728 in
673 5673 784 5732 boanm
795 5690 916 5747 perseve-
