3818 6104
102 271 184 337 tarr
648 235 653 247 ’
729 267 762 328 s.
785 263 942 330 ausaau
965 261 1184 333 annnorum
1744 262 1811 330 aaa

99 407 170 466 nicli
184 404 367 463 nostriierre
382 404 551 475 potuerunt,
567 398 657 457 locuti
675 417 790 466 sumas,
818 408 848 456 et
871 405 927 457 fla·
943 409 968 470 Α
983 420 1081 460 curam
1095 401 1391 472 contumescant
1416 396 1489 472 quia
1516 398 1602 454 Deus
1627 390 1810 471 augelisper·

98 496 242 552 bremam
253 494 454 548 etnoetrurum
465 489 560 544 variae
570 488 855 562 opinioneabraviter
866 506 928 561 per·
981 492 1181 549 cantibusnon
1193 489 1384 565 pepercit,qui
1393 487 1518 561 proprio
1530 487 1610 543 vitio
1620 485 1808 546 habitaculum

97 583 286 653 stringentes,
300 579 326 636 si
341 579 409 650 quis
422 577 527 633 meiius
544 576 637 632 immo
651 577 750 633 verius
765 578 881 645 dixerit,
897 581 928 634 ot
981 580 1132 652 perdidere
1143 579 1268 647 coeleste,
1284 580 1348 634 idea
1361 578 1425 649 ipse
1434 575 1510 632 dicit
1534 590 1592 648 per
1614 575 1744 631 isaiam:
1760 577 1808 632 iar·

97 686 152 726 nce
162 668 286 725 libenter
300 666 470 723 melioribus
485 666 712 737 acquiescimus.
982 668 1086 724 briotus
1108 677 1146 725 est
1172 667 1285 740 pruritur
1304 682 1381 722 meus
1405 667 1438 720 ta
1456 665 1529 720 coeto
1554 665 1638 735 (lsai.
1666 674 1761 730 xxxxv,
1777 665 1808 735 5).

133 757 215 829 (Gap.
229 760 265 812 V.
285 787 300 795 ·
330 756 442 810 versi
472 755 568 826 seqq.)
583 756 617 811 st
643 770 789 810 convocas
814 770 885 823 sam,
902 770 928 823 et
981 756 1083 812 Gladio
1098 757 1346 813 eniminteribunt
1359 755 1438 811 ΜΒ
1462 769 1576 809 omncs
1587 757 1759 825 peccatores
1770 769 1809 825 po·

97 843 507 913 ieoaoiocatosmeoaetoidi,
523 846 548 898 et
562 858 622 899 ecce
636 844 763 898 uolumen
779 844 883 913 octone,
898 847 927 899 et
980 845 1054 917 puli,
1070 862 1128 901 non
1144 841 1516 917 utiquagiadiocarporali·
1531 840 1704 914 (siqnidem
1728 841 1808 897 maiia

97 935 170 991 dieii
185 934 221 990 ud
235 948 297 989 me:
308 933 381 1001 Quid
396 936 427 987 tu
440 932 520 987 uides
529 935 542 985 t
551 932 584 986 Et
593 932 657 987 dixi
665 950 676 986 :
687 931 741 1001 Epo
757 931 833 987 rideo
848 933 925 988 uota·
980 939 1008 989 et
1017 933 1138 990 diversa
1149 939 1252 1006 prater
1262 932 1391 1006 gladium
1403 932 1440 988 ad
1454 935 1591 986 mortem
1603 928 1662 984 via
1678 930 1807 1000 subticet

96 1023 282 1080 menoclem:
294 1020 435 1091 toapitudo
445 1021 506 1088 eius
516 1021 616 1090 vipiati
626 1021 792 1085 cubitorum,
809 1023 835 1076 et
855 1019 923 1076 tars-
978 1021 1076 1092 giadio
1091 1020 1247 1093 spirituaii,
1259 1036 1318 1093 quo
1334 1019 1521 1093 percutiendi
1537 1024 1617 1075 sunt
1628 1017 1682 1090 qui
1693 1032 1807 1091 uoaege

96 1112 161 1170 no
171 1110 329 1182 ejmderem
343 1108 509 1164 cubitorum.
526 1107 644 1163 Etdr'cr't
664 1107 779 1164 adme:
808 1110 927 1166 tiaram
979 1106 1806 1182 runtpoenttentiam,atquibuseomminatarrsaimisu

96 1200 251 1256 maledictio
261 1197 923 1270 qtraeegredietursuperiaciemuniueraoeiarrae:
980 1198 1181 1270 proclamans:
1192 1198 1252 1254 Nisi
1262 1197 1472 1262 corwertomini,
1484 1195 1621 1268 gladium
1631 1210 1717 1251 marn
1726 1197 1803 1252 m’tro

96 1291 163 1361 quia
177 1288 265 1343 omnis
273 1290 331 1359 sur,
346 1289 417 1342 sicut
432 1287 471 1341 tot
484 1284 620 1356 icriptum
634 1289 684 1348 est,
702 1285 885 1356 jmticatitur,
900 1294 927 1343 et
979 1288 1019 1342 oa
1030 1303 1036 1342 :
1049 1300 1144 1342 arcam
1157 1302 1237 1342 saum
1247 1287 1371 1356 mandit,
1380 1289 1409 1341 et
1417 1286 1534 1356 parauit
1549 1285 1704 1340 illatrant
1723 1287 1805 1357 tripu

96 1378 292 1445 ametistorum
306 1391 341 1431 ea
355 1375 403 1430 too
414 1374 546 1430 similiter
555 1373 737 1445 judicabatur.
749 1374 870 1430 Educam
881 1375 916 1429 a·
976 1376 1085 1446 parauit
1098 1376 1270 1430 casamartis
1281 1374 1366 1445 (Psoi.
1378 1389 1427 1439 vn,
1437 1374 1474 1428 13
1484 1381 1513 1428 et
1527 1373 1587 1444 tt).
1600 1373 1640 1429 tlt
1656 1373 1686 1428 in
1696 1373 1805 1430 tannis

97 1464 383 1530 immacutatum
396 1463 577 1532 exercituum,
593 1467 619 1518 et
649 1464 736 1519 ueniet
763 1462 798 1518 ud
815 1463 924 1519 mmmm
976 1461 1272 1535 legimuszllsoaequo
1301 1464 1530 1527 senecensem,
1560 1460 1610 1517 vel
1640 1461 1803 1534 piudiueDo

95 1554 180 1625 faris,
196 1561 221 1608 et
234 1552 392 1608 cddomam
406 1553 525 1620 iurantis
540 1553 568 1606 ia
583 1551 696 1606 nomiae
712 1566 770 1606 mec
783 1551 924 1606 mendaci·
977 1553 1070 1606 mirri?
1081 1552 1224 1623 Usqueqao
1233 1567 1288 1607 aaa
1299 1555 1442 1623 quiesces?
1455 1554 1632 1607 maceries-e
1646 1553 1680 1608 ia
1692 1552 1804 1621 maian

95 1645 146 1707 ter,
162 1647 187 1698 et
201 1641 413 1698 commorabitur
420 1643 450 1696 ia
458 1639 550 1696 medio
559 1639 654 1695 domas
663 1641 733 1711 ejus,
745 1643 770 1695 et
784 1643 924 1696 cmsumet
976 1643 1054 1695 tuam
1067 1640 1131 1711 (ier.
1148 1657 1234 1704 xavn,
1250 1641 1288 1712 d).
1307 1643 1363 1697 istc
1373 1639 1494 1713 gladius
1504 1655 1568 1696 non
1581 1638 1685 1697 salum
1696 1641 1751 1696 iaix
1763 1656 1803 1714 ap

94 1747 166 1801 eom,
181 1735 207 1786 et
221 1730 304 1799 tipno
316 1731 385 1801 ejus,
408 1736 435 1784 et
464 1728 569 1800 tnptdee
589 1728 665 1785 815
691 1728 750 1799 ejas
774 1727 862 1783 LXX:
891 1730 924 1783 st
977 1726 1112 1800 pellatur,
1124 1745 1187 1801 qua
1199 1728 1308 1794 lenum,
1320 1728 1475 1801 stipulam,
1487 1727 1664 1801 spinasque
1673 1730 1802 1797 concilim

94 1835 237 1876 macereas
251 1834 323 1882 sum,
338 1823 364 1874 et
378 1818 466 1873 teram
480 1818 572 1874 ocutos
595 1832 678 1879 meos,
702 1825 727 1872 et
750 1814 809 1872 aidi
821 1818 921 1887 sulcem
975 1816 1026 1871 scd
1042 1821 1071 1871 ct
1085 1816 1196 1872 securis
1211 1818 1349 1874 arborum
1364 1815 1484 1888 dicitur,
1502 1832 1576 1889 quae
1601 1818 1736 1874 succidet
1753 1830 1802 1889 eos,

94 1908 240 1963 mrtaatem.
256 1908 288 1961 Et
302 1906 374 1962 dicit
387 1905 423 1960 ad
439 1921 500 1960 me:
517 1904 588 1973 omri
616 1908 646 1959 tu
674 1904 769 1960 uideat
780 1905 817 1958 Et
838 1903 918 1958 dici:
973 1904 1023 1974 qui
1038 1921 1097 1960 nau
1114 1904 1233 1961 iecerint
1248 1906 1352 1979 dignas
1368 1904 1486 1961 fructus
1514 1904 1716 1979 poenitentia.
1732 1904 1764 1962 Bt
1775 1907 1804 1962 ds

94 1995 341 2066 Epouideosctcem
363 1994 512 2058 coloratam,
529 1992 919 2062 longitudiniscuiritoramui·
974 1982 1084 2064 quibus
1097 1993 1226 2050 ioannes
1242 1995 1371 2068 Baptista
1385 1993 1620 2066 proclamabat:
1638 1998 1804 2052 &amru

95 2085 177 2153 piati,
192 2092 218 2139 et
232 2083 388 2138 latitudinis
398 2082 555 2137 cubitorum
570 2081 672 2135 decem.
685 2083 722 2134 iit
730 2080 803 2136 dicit
813 2081 848 2136 ad
857 2096 919 2136 me:
972 2080 1008 2136 ad
1022 2082 1128 2139 radices
1142 2082 1274 2138 arborum
1288 2084 1377 2154 posita
1387 2085 1448 2139 est:
1462 2083 1567 2139 Omnis
1583 2083 1674 2141 arbor
1687 2099 1749 2156 με
1761 2099 1804 2140 aas

96 2172 400 2243 Harmatediciiopuae
426 2169 566 2241 epreds'tar
592 2186 675 2240 saper
703 2171 804 2238 faciem
831 2171 919 2225 monis
972 2171 1040 2241 facit
1054 2174 1174 2242 fructum
1189 2172 1299 2240 tonum,
1313 2171 1457 2227 acidam
1472 2180 1500 2227 et
1513 2173 1547 2227 in
1565 2176 1664 2241 torrem
1693 2175 1803 2230 mittar

95 2261 271 2332 tempato
286 2262 374 2315 omnis
386 2258 544 2330 sarachim
559 2257 690 2329 usquead
701 2259 919 2328 mortempuaie·
973 2259 1057 2330 (aaa.
1073 2276 1117 2327 111,
1130 2260 1182 2330 io).
1201 2259 1343 2316 Volumen
1359 2261 1438 2316 istud
1455 2261 1485 2315 ia
1513 2277 1581 2333 quo
1609 2265 1733 2334 peccata
1751 2277 1802 2318 om·

94 2353 150 2420 tor,
165 2356 191 2406 et
204 2351 294 2405 amois
308 2350 436 2420 perjurare
449 2365 485 2402 ear
498 2348 548 2402 tor
561 2363 646 2418 osque
659 2346 696 2402 ad
721 2351 836 2402 mamam
860 2362 920 2402 cns·
972 2347 1054 2405 nium
1066 2347 1282 2416 describuntur,
1294 2347 1355 2403 sive
1367 2348 1425 2403 falx
1436 2351 1801 2420 quecunetorumdsties

94 2439 223 2495 stabitur.
235 2438 267 2492 Et
275 2437 387 2495 mecam
397 2436 478 2504 iliud,
493 2436 560 2492 dreit
584 2437 715 2492 Dominus
739 2438 917 2506 omnipotens,
972 2436 1106 2503 succidit,
1124 2436 1251 2492 mittitur
1264 2437 1294 2492 in
1310 2437 1425 2493 vincam
1449 2438 1672 2505 Sodomorum,
1698 2440 1734 2496 de
1754 2456 1801 2512 qua

94 2536 120 2584 et
133 2528 302 2597 iopredietar
316 2528 346 2581 ia
361 2527 472 2581 domum
485 2527 568 2595 suris,
583 2532 610 2580 et
621 2524 730 2580 doraum
747 2526 875 2595 ‚turcatis
888 2525 917 2578 in
971 2525 1164 2597 scriptumest
1174 2528 1298 2582 :iaimtri
1307 2528 1594 2595 ncsotimipientes:
1604 2544 1643 2586 ex
1653 2531 1801 2587 oinecm

94 2619 207 2672 nomiae
220 2631 279 2671 osec
288 2615 467 2683 mendaciter,
483 2617 508 2669 et
523 2615 671 2685 requiescet
685 2615 715 2668 ia
723 2613 812 2669 taedio
821 2613 919 2668 domur
972 2613 1149 2671 Sodomorum
1164 2617 1245 2671 uinea
1268 2631 1371 2682 eoram,
1395 2618 1422 2671 et
1441 2630 1576 2688 propago
1604 2634 1705 2674 eoram
1717 2618 1750 2674 de
1761 2618 1801 2674 De

94 2705 164 2776 ejus,
179 2708 352 2760 etcoarumct
365 2719 437 2770 eam,
452 2706 480 2758 et
494 2704 574 2775 lipac
588 2704 657 2773 ejus,
673 2708 700 2757 et
728 2701 917 2773 lapideretur.
970 2704 1109 2759 mcertis:
1123 2705 1291 2779 Danaorum,
1299 2705 1444 2775 conicitis,
1455 2708 1485 2759 et
1497 2706 1600 2762 botrus
1611 2707 1801 2763 crucritudr'sit

95 2797 269 2857 Conversus,
285 2792 381 2863 inquit
395 2791 547 2863 propheta,
563 2793 596 2844 ad
614 2789 701 2845 aliam
721 2790 873 2860 visionem,
890 2792 918 2844 at
970 2793 1019 2846 eis.
1034 2792 1290 2862 Furardraconum,
1307 2795 1403 2848 uinum
1425 2809 1527 2848 eorum
1555 2800 1586 2850 et
1613 2794 1700 2866 saror
1712 2796 1801 2868 uendit

96 2896 115 2937 a
129 2880 201 2937 letis
215 2885 302 2952 atquc
318 2878 451 2935 lelicibus
466 2878 566 2935 oculas
575 2895 656 2934 meos
666 2879 701 2934 ad
712 2877 842 2934 tristiora
855 2895 919 2934 sus·
971 2882 1136 2937 incunabilis
1147 2881 1237 2953 (Demi.
1248 2881 1369 2952 xxxn,3i
1382 2885 1481 2953 aeos).
1495 2881 1569 2938 llaec
1580 2884 1800 2958 ialxviglntilra·

94 2968 211 3036 totiens,
225 2986 312 3026 cerno
326 2967 461 3025 volumen
473 2966 624 3036 volansta)
636 2969 714 3038 quod
726 2966 866 3023 Hebraico
876 2966 918 3022 di·
971 2969 1139 3025 betcuhitos
1151 2970 1395 3042 longitudinis,et
1405 2970 1504 3026 decem
1517 2970 1740 3044 latitudinis,iu
1752 2989 1798 3047 qm

95 3056 373 3127 citarumenmili.
389 3054 523 3124 Gemoll]
538 3041 652 3125 (abab),
667 3061 696 3110 ct
710 3055 746 3109 ab
770 3054 875 3127 Aquila
889 3060 917 3111 et
974 3074 1095 3114 numera
1105 3059 1240 3114 tristibus
1254 3058 1318 3114 lata
1333 3059 1494 3115 sociantur.
1512 3062 1563 3117 Ad
1578 3061 1638 3119 hoe
1669 3063 1746 3120 enim
1760 3064 1799 3119 Da·

94 3144 292 3201 Theodotioac
302 3160 417 3199 versum
443 3149 488 3199 est
498 3142 617 3219 διφθέρα,
634 3161 651 3197 a
678 3143 852 3214 Symmacho
873 3162 917 3196 κε·
932 3127 953 3193 C
975 3147 1073 3202 minus
1085 3147 1205 3220 corripit
1216 3152 1248 3202 ut
1259 3148 1403 3203 emendet.
1415 3147 1445 3203 ln
1458 3148 1622 3218 vicesimo,
1635 3151 1732 3224 quiex
1743 3152 1798 3206 due

97 3228 178 3306 pell<
193 3231 222 3287 id
238 3237 292 3298 est,
306 3232 468 3302 capitatam,
479 3232 564 3302 juxta
574 3230 646 3286 iliud
663 3232 739 3303 quod
763 3231 792 3285 in
804 3231 918 3303 psalmo
973 3236 1028 3291 bus
1038 3236 1197 3291 decadibus
1208 3237 1795 3302 efficitur,auateraettristisnuutiaatur:

98 3320 227 3393 legimus
239 3336 246 3375 ε
258 3321 287 3375 ia
298 3320 418 3391 capitato
427 3321 495 3376 iibri
503 3322 634 3386 scriptam
645 3327 685 3377 ert
694 3322 730 3376 de
739 3335 783 3375 me
802 3321 857 3390 (Pr.
869 3338 918 3376 xix
972 3324 1001 3378 in
1013 3324 1135 3391 decimo,
1151 3325 1180 3379 id
1208 3329 1261 3392 est,
1274 3341 1333 3380 arua
1343 3325 1461 3395 decade,
1474 3326 1648 3385 melicraet
1657 3344 1795 3402 praepara:

96 3409 215 3480 8i3sive
226 3410 313 3480 juxta
324 3407 558 3481 Septuagintalt)
574 3405 704 3482 δρέπανον
719 3407 878 3480 πετόμενον,
887 3409 917 3464 id
972 3430 1024 3485 per
1033 3413 1217 3468 omniaeaim
1231 3412 1345 3486 flagella
1355 3417 1443 3486 atque
1458 3414 1618 3487 supplicia
1628 3415 1794 3474 eruditoris

96 3503 151 3565 est,
166 3498 265 3569 [sicma
278 3499 423 3553 uolantem.
440 3496 545 3553 Omnia
555 3497 634 3553 enim
651 3514 713 3569 quae
728 3515 818 3571 supra
836 3497 918 3553 vide·
973 3501 1042 3556 rael.
1056 3501 1208 3574 Simulque
1219 3518 1393 3558 moneamus
1403 3517 1453 3557 eos
1465 3504 1521 3574 qui
1535 3520 1632 3576 parra
1643 3505 1796 3578 putantori·

96 3591 151 3654 rat,
166 3586 388 3643 edificationem
405 3585 683 3657 templi.adventum
696 3585 810 3642 Domini
822 3585 919 3642 Salva·
972 3591 1053 3645 mina
1066 3591 1176 3644 lurtum
1191 3595 1280 3661 atquo
1294 3590 1465 3662 perjurium,
1478 3594 1563 3663 quod
1577 3594 1796 3653 inducatarba-

94 3675 409 3744 taris,libertatemde
438 3674 582 3748 Babylone
611 3675 709 3747 popuii
734 3675 916 3730 nuntiarant.
971 3677 1489 3751 ladictioquainvoiumineacffl.
1524 3681 1556 3753 a]
1588 3683 1796 3755 repedassem

96 3768 197 3838 itaque
212 3764 425 3821 declararetur
440 3780 507 3819 cum
536 3763 673 3836 Apostolc
699 3780 749 3818 cor
776 3765 840 3835 ejus
859 3763 918 3835 (cui
973 3771 1019 3823 est
1032 3767 1060 3821 in
1075 3768 1197 3823 domum
1212 3767 1286 3823 iuris
1300 3772 1387 3839 atque
1408 3767 1534 3839 perjuri,
1562 3775 1593 3825 ct
1614 3776 1796 3828 commoretur

96 3855 184 3911 datus
198 3858 244 3911 eet
265 3853 387 3924 angelus
415 3853 528 3908 Satanae
562 3852 694 3923 quicum
722 3852 918 3924 colaphizaret
973 3855 1003 3910 in
1018 3872 1062 3926 ea,
1084 3860 1113 3911 at
1127 3855 1226 3911 omnia
1240 3858 1304 3927 ejus
1329 3855 1410 3928 ligna
1436 3854 1622 3930 lapidesque
1648 3860 1795 3916 consumat

95 3942 381 4015 (IlCor.111),aese
405 3940 574 4012 extolleret).
603 3940 681 3996 videt
708 3945 736 3996 et
764 3941 826 4013 ipse
853 3957 918 4013 que
973 3944 1055 4011 Quod
1068 3943 1091 3999 si
1107 3942 1137 3998 ia
1152 3944 1198 3999 his
1215 3960 1279 4016 quae
1295 3943 1408 3999 minora
1422 3948 1576 4016 putantur
1589 3948 1721 4014 (turtum
1735 3948 1795 4010 dico,

95 4030 279 4094 tristiasunt,
291 4036 322 4084 ut
332 4028 476 4101 quidquid
486 4046 519 4085 ex
531 4029 674 4085 banorum
687 4028 862 4086 revelatione
872 4046 919 4085 ar·
973 4037 1001 4088 et
1016 4031 1189 4103 perjurium)
1203 4035 1286 4087 tauta
1300 4047 1451 4104 poenarum
1461 4034 1730 4103 commiuatioest,
1740 4034 1795 4109 quil

95 4116 234 4188 rogantia
249 4120 387 4182 creverat,
401 4132 437 4172 ex
464 4117 593 4172 tristium
622 4118 849 4174 comminatione
868 4119 917 4174 da·
972 4120 1106 4177 dicemus
1117 4120 1154 4176 de
1168 4119 1367 4189 fornicatione,
1383 4119 1544 4190 adulterio,
1567 4123 1748 4192 homicidio,
1759 4138 1796 4181 sa·

96 4208 216 4261 crescat.
233 4203 375 4260 Voluman
391 4208 489 4260 autem
505 4203 606 4261 voians
621 4206 796 4277 ostenditur,
811 4206 842 4262 in
861 4223 919 4279 quo
973 4208 1102 4282 crilegia,
1119 4208 1291 4280 cunctisque
1306 4207 1490 4278 criminibus,
1522 4226 1593 4283 quse
1619 4210 1797 4287 absportata

95 4291 227 4349 omnium
239 4292 919 4368 peccatadescriptseunt,utunusquisquereci-
973 4297 1048 4353 inter
1064 4297 1160 4353 carnis
1174 4313 1262 4369 opera
1275 4301 1469 4354 numerantur
1497 4299 1610 4369 (Galat.
1627 4303 1660 4376 v)
1670 4302 1755 4376 iiagi
1765 4299 1799 4356 ri·

95 4381 157 4455 piat
170 4383 333 4439 secundum
349 4399 437 4454 opera
448 4398 513 4448 sua,
527 4382 718 4451 sivebanum,
730 4383 918 4452 sivamalum,
974 4385 1048 4460 giuti
1063 4385 1177 4443 cubitos
1192 4384 1394 4458 longitudinis,
1410 4390 1439 4442 et
1453 4386 1560 4445 decem
1575 4389 1758 4460 latitudinis,
1769 4387 1798 4446 ad

96 4470 209 4529 dicente
224 4471 362 4529 Daniele:
379 4471 478 4529 Titroni
488 4473 572 4544 potiti
586 4480 659 4538 suat,
687 4475 712 4527 et
740 4474 807 4527 citri
829 4474 921 4545 operti
936 4492 960 4557 D
975 4479 1090 4531 atatem
1106 4475 1207 4530 reterri
1229 4474 1345 4531 Domini
1368 4475 1543 4544 Salvatoria,
1575 4478 1611 4534 id
1629 4486 1679 4537 ast
1691 4481 1798 4539 uisas

94 4562 253 4632 seatlDoa.
268 4575 321 4631 vu,
339 4563 393 4634 10).
409 4561 459 4618 Sin
476 4566 574 4618 autem
589 4559 873 4633 satcemaccipimus,
889 4565 922 4619 ut
975 4563 1052 4619 rium
1078 4578 1236 4619 numerum
1260 4563 1334 4619 tm
1361 4563 1494 4619 officere:
1521 4568 1606 4638 quod
1642 4585 1684 4626 no
1705 4567 1801 4641 judicat

97 4649 168 4706 LXX
178 4649 443 4718 transtulerunt,de
453 4650 624 4723 Apocalypsi
633 4649 756 4706 ioannis
767 4666 921 4708 sumamus
976 4656 1057 4708 Pater
1066 4666 1244 4722 quemquam
1257 4651 1325 4706 :sed
1336 4650 1582 4722 omnejudicium
1596 4657 1719 4715 dederit
1732 4655 1797 4722 rita

96 4738 274 4811 exemplum,
290 4739 320 4795 in
336 4756 394 4810 qua
410 4737 554 4810 seriptum
579 4742 642 4796 est:
659 4741 691 4795 Et
720 4737 920 4810 respondam-
974 4743 1003 4796 et
1017 4740 1101 4798 abac
1117 4739 1435 4810 mundusjudicandus
1450 4739 1489 4795 sit
1505 4741 1606 4813 (iecra.
1624 4747 1668 4817 v).
1848 4800 1850 4807 ,

96 4827 921 4900 ocius,etdieiteiqaisedetctsapmeqaum:litttesotcem
1010 4829 1285 4902 (Vars.5seqq.)lit
1299 4843 1421 4898 egressus
1434 4830 1613 4902 octonarius
1627 4834 1798 4908 pnitoqaete
1848 4822 1850 4865 ἶ

96 4917 385 4986 taomacute‘ssa‘mom,
402 4920 428 4973 et
443 4917 921 4988 materiamm(c)taam,qooniam
975 4927 1023 4974 tur
1038 4916 1379 4984 rememorandae:
1394 4918 1463 4973 teuc
1488 4921 1588 4976 ocutos
1621 4919 1799 4994 iacal&

96 5008 217 5063 maturae
236 5009 300 5061 sant
319 5007 456 5078 uuaeejaa
477 5006 641 5077 (dcccxxv,
663 5006 706 5077 18)
730 5011 784 5062 Pro
803 5006 921 5063 ialcein
975 5007 1040 5079 quid
1067 5008 1104 5063 sit
1133 5005 1182 5061 hoc
1209 5005 1278 5076 quod
1305 5005 1470 5078 epradiernr.
1504 5011 1541 5065 st
1565 5010 1657 5069 dioei:
1682 5012 1797 5084 odida·

98 5093 320 5150 Deuteronomio
330 5093 614 5164 snpttrmetpiadtam
625 5092 766 5164 legimus:
778 5095 922 5151 inebriabo
974 5100 1035 5153 esi?
1049 5097 1080 5151 lit
1105 5096 1166 5150 uit:
1181 5095 1241 5150 ilaec
1269 5104 1307 5150 est
1321 5096 1454 5167 amphora
1482 5099 1662 5167 egrediens:
1677 5108 1704 5159 et
1722 5099 1795 5158 diri:

96 5184 215 5256 soporas
230 5198 305 5238 meos
328 5184 475 5254 scopatae,
499 5186 526 5238 et
553 5182 663 5252 pladite
680 5199 755 5240 meus
783 5182 921 5241 devorata
976 5190 1043 5243 Haec
1056 5183 1204 5240 estocutus
1218 5198 1313 5239 eorum
1328 5186 1358 5240 in
1371 5186 1506 5242 uniuerso
1522 5191 1616 5248 tem.
1649 5193 1791 5249 &aab

118 5357 173 5430 nlo)
188 5357 296 5415 Omnes
311 5375 382 5415 mss.
399 5358 513 5416 codices
528 5374 603 5429 quoe
616 5357 729 5429 inspexi
751 5358 860 5415 habent
874 5359 922 5416 hic
975 5362 1013 5418 lte
1035 5361 1089 5417 ine
1104 5377 1176 5417 mss.
1191 5361 1404 5417 desiderantur.

97 5429 285 5486 metathesim
315 5430 414 5501 primae
440 5428 575 5502 syllaba:
592 5428 786 5501 leguntenim
800 5431 922 5487 Genmtto
1010 5378 1789 5558 Co)victoriasquinqueFlorentinarumcodicumopt

98 5513 150 5572 pra
163 5499 287 5570 tapetia.
304 5501 397 5556 Manu.
709 5570 715 5583 ·
834 5571 841 5586 ι
975 5506 1004 5557 ct
1037 5503 1346 5586 rixiaucrumaliquot,
1363 5506 1497 5578 itemque
1522 5508 1666 5586 Vulgatae
1679 5508 1787 5572 editionis

134 5569 172 5651 it)
183 5566 418 5650 Verbatptnmm
433 5569 593 5648 πετόμενον,
603 5569 696 5644 edem,
707 5588 738 5631 m
750 5569 874 5634 Palatua.
887 5588 921 5633 ac
975 5577 1148 5637 anctoritate
1160 5581 1301 5653 reposuit,
1317 5579 1407 5650 terra,
1425 5593 1478 5657 pro
1494 5583 1592 5642 tama.
