3818 6104
72 272 166 359 llas
441 296 816 364 COMMENTARIORUM
838 302 876 360 ιιι
900 301 1089 363 MICHAEAM
1114 302 1187 362 LIB.
1208 301 1232 361 i.
1256 301 1344 364 CAP.
1365 301 1406 364 ιι.
1696 303 1790 396 illid'
1821 358 1827 363 .

69 429 244 501 tranquillae
255 433 378 486 senectus
391 430 508 504 (Terent.
524 433 580 489 Act.
596 450 637 503 ιιι,
653 449 689 488 sr.
705 436 743 500 2).
759 433 787 487 si
798 437 895 488 autam
911 436 938 499 Α
953 431 1772 505 proquoseptuagintatranstulerunt,inllccleaiallommi;

68 516 254 573 voluerimus
271 517 326 573 hoc
341 519 439 592 ipsum
456 525 485 577 et
500 522 535 577 de
550 520 684 593 presenti
701 525 830 593 tempore
846 520 896 576 Ju-
947 521 1196 593 juxtaeditionem
1208 521 1365 595 Vulgatam
1376 521 1654 596 sequentiscapituli
1664 524 1773 596 princi·

69 606 162 662 deine
178 606 581 681 udaversionisaccipero,
598 608 897 665 videbimusomnem
951 611 1033 682 pium
1049 614 1104 666 est.
1122 610 1232 667 titides
1247 611 1277 667 in
1293 611 1344 668 illo
1360 612 1386 669 si
1400 611 1688 684 Dominusjusserit,
1718 612 1777 670 dis·

68 693 209 767 gretiam,
227 710 287 766 qua
300 697 450 767 quondam
466 698 543 769 apud
560 702 651 753 Deum
666 697 774 768 floruit,
790 697 827 754 ab
854 697 897 752 eis
952 716 1094 756 seramus.
1110 698 1159 754 Va
1175 699 1366 771 igiturvobis,
1382 701 1552 758 Judaeorum
1567 705 1669 758 emtus:
1686 701 1778 774 quiet

68 783 190 855 penitus
215 784 381 841 recessisse.
394 782 449 841 Ubi
461 785 744 857 estenimpropbeta
755 785 818 842 labi
829 786 897 842 doo·
951 788 1085 861 cogitatis
1102 787 1226 856 malum,
1242 792 1270 844 et
1284 789 1603 861 opereconsnmmatis.
1620 788 1774 846 lltcubilia

67 877 117 928 tor
132 871 247 944 Legis?
264 872 314 928 ubi
340 875 520 945 Angelorum
536 874 702 946 presidia?
719 874 771 931 ubi
795 879 898 931 contra
952 878 987 933 ad
1003 876 1214 948 quiescendum
1227 877 1297 933 data
1308 878 1419 945 stupris
1441 877 1574 950 polluitis
1585 883 1624 946 ;et
1633 877 1776 952 quidquid
1790 883 1792 887 ’

67 959 203 1033 plnresa
216 961 318 1034 paucis
341 962 485 1034 imperata
514 962 566 1033 [Al.
597 965 723 1034 sperata]
753 962 897 1020 victoria?
952 964 1115 1038 iniquitatis
1131 969 1215 1021 nocte
1229 965 1372 1034 tractatis,
1384 965 1470 1039 quasi
1481 965 1597 1023 dillerre
1611 965 1775 1037 nonlieest,

67 1047 225 1110 Decalvata
239 1052 284 1105 est
295 1049 460 1107 Jerusalem
481 1067 547 1122 ιιι
562 1067 681 1106 omnem
697 1066 812 1107 comam
837 1051 898 1123 pri·
952 1054 1053 1111 statim
1066 1057 1100 1110 ut
1114 1053 1177 1111 dics
1194 1053 1342 1123 claruerit,
1368 1054 1515 1111 festinatis
1543 1055 1684 1128 implere:
1714 1071 1774 1113 non

68 1138 153 1194 stine
167 1136 266 1210 glorie
278 1137 405 1210 perdidit
419 1140 495 1203 (lsai.
516 1156 616 1207 xxxur,
644 1139 838 1210 1831Cor.1),
869 1143 898 1196 et
952 1142 1172 1199 considerantes
1186 1143 1264 1215 quod
1280 1144 1438 1200 adversum
1452 1142 1707 1201 Dominumiortis
1730 1146 1777 1201 est

67 1224 122 1282 illii
138 1227 204 1298 ejus
220 1226 270 1298 qui
285 1225 487 1284 clamaverunt
503 1232 604 1284 contra
619 1227 787 1297 Dominum,
809 1230 898 1285 cruci-
952 1248 1059 1288 manus
1074 1237 1179 1289 vestra.
1196 1234 1231 1289 at
1246 1236 1279 1288 ut
1297 1233 1414 1290 doceret
1427 1233 1580 1307 Scriptura
1601 1232 1673 1305 quid
1698 1234 1777 1290 esset

66 1316 131 1387 fiae,
147 1317 277 1387 crucifipe
289 1332 352 1372 enm
367 1315 559 1389 (terminali),
569 1317 598 1372 in
611 1317 897 1389 captivitatemdueti
952 1320 1071 1392 quadiu
1086 1324 1171 1378 nocte
1187 1321 1358 1394 cogitarent,
1376 1321 1441 1378 etin
1456 1321 1505 1378 die
1523 1322 1660 1392 fecerent,
1689 1336 1777 1394 expo·

67 1408 149 1460 sunt.
167 1404 448 1477 Legiincujusdam
467 1405 897 1477 Commentariisboeqaoddi-
952 1409 997 1465 nit
1015 1409 1045 1464 in
1071 1409 1218 1481 partibus.
1249 1411 1461 1482 concupierunt,
1489 1409 1596 1482 inquit,
1625 1426 1718 1482 apros,
1746 1417 1774 1467 et

67 1493 156 1561 citur,
172 1492 349 1550 ιιιιιιυιιιιι
361 1494 508 1550 dcterutere
518 1511 603 1564 super
630 1496 704 1566 filios
732 1495 897 1552 deliciarum
950 1499 1087 1555 violenter
1102 1500 1242 1555 tuterunt:
1256 1502 1285 1555 et
1299 1500 1412 1568 domos,
1427 1498 1776 1571 subauditurponanpte-

67 1591 194 1649 tuarum,
211 1582 247 1638 de
261 1582 428 1639 conditione
439 1584 568 1640 bumana
579 1600 665 1657 posse
675 1583 829 1657 accipi:ut
847 1583 897 1641 Dei
952 1592 1032 1655 runt,
1047 1592 1164 1659 etquas
1179 1586 1398 1660 concupierant,
1420 1586 1626 1659 diripuerunt:
1656 1590 1686 1644 et
1715 1602 1776 1646 non

67 1671 106 1727 ad
120 1670 229 1736 Adam,
246 1671 306 1728 sive
332 1674 369 1729 ad
397 1672 559 1729 Jerusalem
584 1673 731 1729 caelestem
752 1673 898 1746 dirigatur
952 1674 1049 1732 solam
1064 1675 1323 1732 calumniabantur
1340 1675 1487 1743 homines,
1499 1679 1529 1732 et
1544 1676 1648 1733 domos
1662 1691 1776 1747 eorum,

67 1757 234 1831 eloquium.
252 1758 274 1814 0
291 1759 545 1818 animahumanal
559 1761 653 1819 aurbs
667 1762 816 1833 qnondam
828 1778 895 1818 san·
912 1809 936 1874 B
952 1765 1003 1820 sed
1019 1769 1151 1836 posteros
1174 1780 1292 1836 qnoque
1314 1764 1364 1836 qui
1394 1763 1626 1821 misericordiam
1655 1768 1776 1837 propter

67 1852 188 1904 ctorum
204 1852 308 1913 mater,
326 1864 390 1920 que
405 1850 489 1921 prius
504 1867 570 1906 eras
584 1850 615 1905 in
631 1850 810 1922 paradiso,et
821 1850 898 1907 irue-
952 1856 1068 1910 atatem
1078 1851 1229 1925 parvulam
1239 1851 1543 1921 merebantur,rabido
1550 1868 1600 1910 ore
1609 1853 1776 1910 vastabant.

66 1936 149 1995 baris
164 1935 283 1993 deliciis
299 1937 438 1994 arborum
449 1939 643 2006 diversarum,
654 1942 682 1994 et
692 1937 821 1995 habebas
831 1953 896 2011 spe·
953 1942 1027 2005 Quia
1039 1941 1131 2014 igitur
1141 1941 1198 1997 iste
1211 1940 1333 2010 lecistis,
1349 1946 1378 1998 et
1391 1940 1526 2014 cogitatis
1535 1940 1650 2010 inutile,
1666 1929 1699 1998 et'
1722 1956 1777 2014 ego

66 2025 268 2082 ciosissimam
283 2043 397 2082 comam
411 2045 417 2082 :
430 2028 584 2098 nuncquia
599 2028 729 2100 projecta
738 2031 783 2084 est
797 2027 832 2083 de
847 2044 898 2085 su·
953 2030 1331 2102 Dominuseogitabosuper
1341 2028 1484 2085 familiam
1491 2029 1579 2087 istam
1589 2028 1779 2086 malummon

66 2114 255 2171 blimihuset
276 2115 402 2172 deducta
421 2115 451 2172 in
471 2116 658 2189 Babylonem,
687 2120 716 2172 et
733 2115 838 2173 venisti
867 2116 896 2171 in
952 2119 1031 2191 quod
1047 2118 1159 2176 malum
1174 2119 1214 2175 sit
1225 2117 1302 2190 quod
1315 2134 1368 2191 ego
1384 2118 1633 2191 eogit03sedquod
1643 2118 1789 2190 patienti.

65 2202 167 2261 locum
181 2203 369 2276 captivitatis,
385 2207 414 2259 et
428 2203 581 2277 perdidisti
597 2221 711 2261 cernam
731 2208 825 2272 tuam,
852 2221 897 2260 ra·
952 2205 1698 2280 busmalumvideatur(c)quodirrogozquoditavos
1709 2222 1775 2281 pre-

66 2294 136 2350 dere
151 2295 181 2349 et
195 2308 314 2348 assume
329 2291 463 2347 habitum
480 2292 660 2364 paenitentis,
677 2298 707 2348 et
725 2309 789 2364 qua
814 2293 898 2364 prius
954 2295 1243 2362 met‚utcollavestra
1253 2310 1310 2351 non
1318 2295 1438 2368 possitis
1449 2293 1778 2363 levare,necambnletis

66 2381 156 2455 quasi
171 2380 271 2453 aquila
285 2379 403 2437 volabas
415 2380 897 2455 inexcelsis,plangolilios,plange
952 2382 1777 2457 superbi,scilioetouostempaseaptivitatisoppressarat

67 2469 203 2528 sobolem
218 2475 312 2539 tuam,
329 2485 391 2541 quae
407 2486 442 2526 ιι
455 2475 483 2526 te
497 2469 585 2525 ducta
600 2475 645 2526 est
659 2470 782 2542 captiva.
987 2472 1069 2528 'l'uno
1084 2471 1137 2527 [Al.
1149 2471 1225 2544 tum]
1256 2471 1370 2527 dicetur
1392 2487 1482 2545 super
1510 2487 1562 2529 vos
1576 2470 1729 2545 parabola,
1744 2473 1776 2529 et

104 2559 189 2632 (Cep.
206 2558 399 2615 ll.-Vers.l
420 2558 898 2630 ιιι.)ιίιιίιιιιιιιὶιιιιιιιιι,ιι
952 2559 1075 2616 miseria
1091 2563 1355 2616 vestraevcrtentur
1376 2560 1406 2615 iu
1436 2559 1601 2617 canticum:
1625 2560 1788 2634 aspipite.

63 2648 897 2721 operaminimatumincutttilrusuestris:r'nluacmotutina
952 2652 1025 2706 tione
1039 2652 1136 2705 nasute
1150 2665 1254 2716 sumus,
1280 2666 1348 2721 pars
1374 2650 1473 2722 populi
1498 2651 1576 2706 mci:
1607 2649 1777 2722 Templum,

63 2735 898 2808 sociantillud,quoniamametroDeumeslmannaeorum,et
952 2738 1167 2810 inquit,menm
1182 2738 1261 2810 quod
1276 2737 1373 2794 solum
1384 2737 1572 2811 intergentes
1583 2736 1777 2811 ceterasplus

62 2827 277 2898 concupierunt,
293 2828 412 2896 apror,ct
428 2826 562 2881 violenter
577 2826 736 2895 tulerunt,ct
746 2824 837 2881 domos
851 2840 897 2880 ra·
953 2826 1108 2897 habebam,
1120 2826 1304 2884 mutabimur
1312 2827 1342 2882 iu
1354 2826 1636 2893 ruinamtluomodo
1646 2843 1665 2884 a
1676 2842 1779 2884 mere·

59 2912 898 2986 pueruntetcalumniabanturuirum,etdomumej·us,virum
951 2915 1033 2973 cedet
1047 2915 1194 2988 Assyrius,
1211 2932 1278 2972 eum
1295 2919 1461 2972 revertatur
1476 2919 1509 2971 ut
1521 2931 1608 2989 agros
1622 2930 1704 2972 meos
1719 2914 1777 2972 sibi

63 3006 93 3058 et
110 3001 298 3060 baereditamm
312 3002 381 3074 ejus.
399 3002 500 3059 Idcirco
516 3002 576 3060 baec
589 3003 657 3058 dicit
672 3003 805 3058 Dominus
818 3003 898 3059 :ltere
952 3008 1030 3061 sorte
1047 3003 1233 3060 distribuas?
1248 3003 1415 3076 Propterea,
1430 3020 1447 3061 o
1462 3002 1575 3061 familia
1596 3001 1697 3075 lsrael,
1723 3018 1776 3061 sa·

65 3105 120 3161 epo
135 3090 324 3162 moitosuper
338 3091 480 3160 tarnaliam
502 3093 584 3146 utam
597 3091 714 3158 malum,
742 3088 815 3146 unde
842 3104 897 3145 non
952 3108 1106 3165 perquam
1122 3107 1176 3164 ego
1192 3091 1303 3148 malum
1320 3091 1425 3165 cogito,
1456 3108 1516 3148 non
1545 3091 1624 3150 450
1650 3089 1776 3149 habebis

65 3179 205 3248 auferetis
217 3178 287 3236 eolla
302 3187 401 3250 vestro,
417 3187 443 3235 el
471 3195 527 3236 non
555 3180 737 3235 ambulabitis
763 3178 876 3250 superbi
885 3195 895 3232 :
911 3177 933 3244 (J
951 3185 1064 3253 partem
1080 3180 1110 3235 iu
1121 3179 1290 3237 haereditate
1306 3181 1468 3252 justorum.
1485 3180 1541 3238 Sed
1557 3182 1586 3238 et
1601 3180 1775 3240 deextrema

68 3269 207 3341 quoniam
222 3275 330 3340 tempus
342 3269 495 3340 pessimum
509 3271 556 3324 est.
572 3270 604 3324 ln
619 3268 725 3324 dioillo
747 3284 829 3341 snper
848 3282 894 3323 vor
948 3269 1115 3344 captivitate
1129 3269 1184 3326 boc
1198 3268 1295 3341 ipsum
1312 3269 1404 3342 accipi
1434 3273 1540 3343 potest,
1571 3269 1648 3342 quod
1673 3268 1773 3326 omnia

63 3365 196 3413 sumetur
207 3356 351 3428 parabola,
364 3358 555 3413 associabitur
568 3359 705 3413 canticum
715 3373 778 3412 eum
804 3357 895 3412 suavi-
948 3358 990 3414 eis
1005 3357 1154 3414 evenerint
1169 3357 1238 3429 quia
1252 3357 1411 3413 Dominum
1426 3357 1652 3414 erucifixerunt:
1669 3357 1711 3413 ita
1729 3361 1772 3413 ta·

65 3450 125 3502 tate
146 3445 314 3502 dicentium:
337 3444 550 3517 depopulatione
575 3448 675 3501 castali
700 3461 814 3501 sumus:
830 3460 895 3516 pars
950 3462 1017 3502 men
1033 3450 1064 3502 ut
1079 3444 1271 3516 Septuaginta
1284 3444 1477 3517 interpretum
1490 3444 1578 3501 editio
1594 3444 1769 3500 disseratur.

63 3535 166 3609 populi
179 3535 237 3590 mei
256 3537 425 3590 commutato
452 3537 500 3590 ast.
532 3534 666 3602 Quomodo
694 3533 797 3589 recedet
809 3550 827 3588 a
839 3548 894 3604 me,
950 3534 1185 3605 Glorianamqae
1196 3531 1262 3587 alia
1273 3531 1361 3589 lsrael
1376 3531 1525 3588 decalvata
1539 3535 1594 3604 est,
1610 3535 1639 3588 et
1652 3535 1769 3588 attonsa

65 3641 134 3681 cum
148 3624 359 3695 revertaturpui
372 3624 498 3692 raciones
512 3630 619 3679 nostras
633 3622 761 3678 dividat?
782 3622 896 3693 Propter
950 3639 1038 3695 super
1051 3621 1121 3678 filiis
1133 3620 1281 3693 quondam
1294 3619 1523 3688 delicatissimis,
1535 3623 1564 3676 et
1573 3620 1598 3676 si
1609 3619 1680 3692 quid
1689 3618 1771 3676 dein-

66 3714 120 3770 ιιι
132 3728 192 3768 non
204 3713 259 3768 erit
272 3713 325 3767 titi
339 3714 450 3768 mittens
464 3713 623 3783 lanuuium
636 3713 833 3768 combinanda
843 3711 896 3766 lle·
950 3727 1019 3784 ceps
1033 3713 1169 3766 renatum
1184 3707 1311 3781 pilorum
1321 3706 1387 3779 luit,
1401 3705 1458 3764 alia
1472 3707 1611 3781 deinceps
1625 3722 1729 3764 rasura
1742 3708 1772 3764 st

66 3803 154 3858 mini.
168 3799 258 3856 LXX:
276 3801 351 3856 Facti
364 3803 428 3856 sunt
437 3803 587 3872 copitantes
598 3800 703 3856 labores
715 3805 743 3856 et
753 3802 897 3871 operantes
951 3799 1117 3856 attonsione
1130 3800 1299 3853 truncatum
1314 3799 1369 3852 est.
1384 3795 1465 3851 Tunc
1480 3793 1580 3850 omnia
1590 3793 1713 3852 consilia
1726 3808 1773 3851 so-

65 3891 150 3947 mata
163 3892 195 3946 in
208 3890 346 3946 cubilitus
361 3891 430 3960 auis,
446 3890 565 3946 etsimut
576 3892 604 3945 in
621 3888 898 3946 dicronsummatunt
952 3906 1018 3946 rum
1032 3904 1117 3945 uersa
1132 3886 1243 3943 suntin
1259 3884 1401 3954 laborem,
1415 3888 1446 3941 et
1472 3901 1537 3957 qum
1565 3883 1773 3956 cogitauerunt,

66 3997 123 4037 eo:
134 3981 204 4052 quia
217 3994 274 4049 non
288 3979 446 4035 annuerunt
460 3979 497 4034 ad
509 3979 594 4035 Deum
602 3994 701 4034 monus
710 3981 812 4049 suaset
830 3976 900 4033 deai-
953 3981 1050 4034 menta
1065 3979 1094 4032 ct
1109 3975 1208 4031 anima
1222 3973 1398 4040 dormiente,
1410 3971 1573 4030 attulerunt
1582 3972 1625 4030 eis
1638 3971 1773 4031 labores:

67 4068 210 4127 derodant
219 4071 337 4137 darnart
352 4066 525 4140 diripiebant
537 4068 700 4139 papillatus
708 4067 899 4138 domosoppri·
954 4081 1077 4138 queque
1105 4063 1217 4136 operati
1240 4066 1320 4129 sunt,
1350 4061 1451 4119 statim
1482 4063 1515 4119 ut
1539 4060 1591 4117 lux
1617 4060 1727 4118 Gbristi
1747 4065 1778 4119 et
1890 4060 1898 4071 '

68 4156 615 4232 metant,etrapietnntnirnnraldomum
623 4158 786 4228 ojmpirum
803 4159 830 4211 et
841 4155 901 4213 ιιι-
955 4154 1027 4212 ultio
1042 4151 1187 4226 apparuit,
1204 4151 1377 4209 conturbata
1391 4154 1471 4207 sunt.
1491 4151 1565 4207 uun
1588 4150 1668 4207 enirn
1692 4148 1779 4224 legis·

68 4246 375 4318 reditatamejathi
386 4246 533 4317 Propterea
546 4245 605 4302 lasa
614 4246 681 4301 dicit
690 4246 902 4301 Dominuscltcce
956 4246 1021 4300 sont
1034 4241 1137 4297 vicisse
1154 4238 1253 4308 lsrael,
1269 4240 1388 4312 quando
1408 4239 1521 4313 Moyses
1542 4254 1648 4296 manus
1674 4237 1780 4296 levavit

69 4352 123 4409 epo
133 4336 318 4406 mottosuper
330 4335 524 4391 tribumistom
534 4334 903 4407 maladepuitusnonaule·
958 4331 993 4389 ad
1003 4330 1172 4400 Dominum,
1189 4333 1357 4402 superatum
1372 4344 1437 4384 esse
1452 4328 1488 4384 ab
1503 4326 1633 4400 amalec,
1660 4326 1779 4399 quando

69 4426 145 4482 retis
159 4422 243 4480 eolla
257 4432 358 4490 uestra,
373 4433 475 4479 utnon
490 4423 637 4479 ambuletis
661 4425 727 4478 reale
763 4422 904 4487 ÷subito
958 4421 1074 4493 Moyses
1088 4418 1167 4475 lassa
1176 4417 1297 4474 brachia
1306 4417 1470 4491 deponebat
1483 4416 1579 4487 (daed.
1609 4416 1689 4484 xvir),
1717 4429 1778 4471 non

31 4556 36 4565 .
71 4514 257 4586 quiakmpus
264 4511 560 4584 pessimumest.lndie
569 4511 756 4567 illosumetar
765 4525 848 4583 super
857 4524 902 4566 uos
958 4507 1337 4566 levaveruntadllominum
1353 4520 1458 4562 manus
1473 4520 1554 4572 suas,
1570 4500 1779 4560 sedomniain

70 4600 221 4676 parabola,
238 4604 263 4656 et
275 4601 423 4673 planpetur
431 4601 561 4670 planctus
576 4602 607 4655 in
621 4601 726 4655 cautim
736 4600 903 4655 dicentium:
958 4613 1102 4671 pauperes
1116 4603 1142 4653 et
1157 4593 1271 4668 plebem
1287 4592 1403 4651 Domini
1431 4592 1542 4649 scelera
1567 4593 1779 4665 perpetrantes,

72 4691 192 4748 laeena
201 4688 601 4763 (llmiscrisactisumuspnrs
609 4687 771 4761 populimei
780 4686 906 4743 dimersae
958 4685 1198 4743 desideraverunt
1209 4697 1305 4754 agros,
1321 4685 1350 4737 et
1359 4679 1650 4754 pupillorumdomae
1660 4678 1780 4752 diripie-

72 4782 114 4836 est
130 4781 163 4834 in
176 4775 316 4849 funiculo,
331 4784 357 4832 el
370 4793 426 4833 non
439 4781 500 4834 eret
523 4779 572 4849 qut
594 4776 751 4846 prohiberet
771 4792 844 4843 eum,
874 4777 906 4831 ut
959 4775 1041 4842 bant,
1057 4790 1090 4829 aa
1105 4771 1202 4827 virum
1218 4770 1328 4844 pariter
1343 4773 1372 4826 ot
1387 4785 1506 4827 uxorem
1522 4769 1690 4841 liberosque
1715 4767 1782 4840 ejus

74 4870 259 4925 comeretur.
273 4865 436 4935 torinostri
449 4867 754 4939 dioisisunt:proptcr
776 4865 826 4921 tae
851 4880 907 4921 non
960 4867 989 4920 et
999 4860 1194 4919 substantiam
1205 4858 1468 4931 depopulabantur.
1479 4859 1636 4930 Propterea
1645 4855 1784 4931 cogitavit

76 4958 137 5014 erit
147 4956 201 5012 libi
214 4964 328 5012 mellens
337 4955 495 5027 tuniculam
504 4957 534 5010 in
548 4953 802 5021 haereditataouod
812 4953 907 5010 inllne
962 4951 1016 5018 [at.
1028 4948 1187 5022 cogitabat]
1204 4947 1345 5004 Dominus
1357 4947 1436 5003 mala
1450 4961 1541 5021 super
1553 4945 1664 5003 tribum
1679 4943 1779 5002 illam:
1819 4952 1827 4959 ·

78 5042 205 5118 capituli
214 5044 299 5114 juxta
307 5043 481 5100 liebreiaum
491 5044 655 5117 posuimus,
667 5046 775 5100 incoetu
785 5043 907 5111 Domini,
962 5053 1149 5111 nequaquam
1161 5036 1199 5109 (d)
1210 5037 1364 5093 duodecim
1375 5035 1480 5106 tribus,
1492 5035 1543 5092 sed
1554 5034 1664 5091 tribum
1672 5031 1786 5092 malitia

77 5204 130 5262 bic
144 5202 203 5261 loci
219 5203 255 5259 ad
271 5219 391 5261 sensam
404 5204 573 5278 Scripturas,
588 5220 646 5260 non
662 5203 698 5259 ad
712 5203 801 5259 verba
814 5204 908 5260 atten-
1000 5200 1035 5273 (a)
1046 5195 1222 5281 Vorbsnpnod
1232 5197 1324 5280 irropa
1334 5195 1364 5251 in
1378 5193 1786 5280 nostrismss.desiderantur.

78 5276 195 5333 debat:
210 5290 264 5331 nec
278 5275 428 5332 Gomiearn
443 5280 546 5331 testem
558 5292 617 5332 suae
628 5274 778 5332 sententia
793 5271 910 5328 babuis-
1000 5271 1039 5343 (d)
1053 5270 1151 5325 Nostri
1163 5284 1238 5350 mss.
1254 5283 1285 5323 tn
1311 5267 1458 5324 duodecim
1484 5265 1618 5352 tributus.
1643 5267 1786 5321 Getarum

77 5352 141 5413 set,
157 5344 218 5402 nisi
233 5347 353 5403 verbum
374 5347 533 5404 senectutis
562 5347 710 5420 posuisset
736 5345 767 5401 in
790 5343 911 5401 recitato
967 5358 1034 5398 cum
1061 5340 1189 5396 Victoria
1213 5355 1247 5395 ιιι
1274 5343 1386 5410 septem
1412 5338 1573 5421 Florentio,
1602 5340 1631 5393 et
1659 5338 1789 5409 quatuor

77 5416 196 5496 psalmi
207 5432 246 5472 cu
260 5418 414 5476 versiculo.
430 5419 523 5474 Maur.
967 5412 1069 5470 Brixis
1083 5428 1156 5467 mss.
1166 5409 1303 5483 legimus,
1318 5409 1365 5466 sed
1379 5411 1483 5467 tribum
1497 5410 1609 5465 nectutis
1629 5415 1658 5473 el
1683 5405 1786 5464 neum

115 5489 160 5563 (a)
183 5488 216 5544 ln
231 5487 352 5546 instanti
368 5489 477 5547 habent
491 5490 549 5546 duo
565 5489 688 5547 mss.bio
702 5486 913 5560 concupiunt,et
966 5484 1104 5560 sedeam,
1120 5498 1172 5555 pro
1186 5497 1245 5554 quo
1258 5480 1393 5539 liertiae.
1403 5478 1783 5557 retinuittrt'tummttliitae,

78 5577 155 5625 mox
171 5559 392 5618 calumniantur.
966 5566 993 5618 et
1007 5560 1039 5617 in
1050 5555 1150 5615 aarum
1160 5553 1334 5631 foderatam.

113 5633 160 5739 gt)
172 5629 299 5697 Pdatn.
315 5649 388 5697 mss.
403 5632 518 5697 mnata
531 5634 632 5699 naama
644 5647 751 5699 mmm.
