3818 6104
101 264 182 331 {1oe
472 268 852 334 comuuu'lnetouutt·
869 268 910 331 lli
932 266 1111 332 AGGAEUM
1132 270 1260 335 utens.
1282 272 1371 337 GAP.
1393 273 1433 336 ll.
1726 276 1811 340 teto

101 402 133 457 et
145 400 280 457 conditas
292 401 423 474 prebent
432 402 515 471 esui;
532 404 583 459 ant
595 402 697 459 vinum
713 402 790 475 quod
801 400 930 459 letificat
942 408 971 476 Α
985 401 1046 457 dem
1061 417 1092 457 m
1105 403 1205 475 temple
1219 404 1339 460 ltcmevt.
1348 403 1581 461 Gemccoederetu
1591 405 1761 465 aduncum
1772 426 1809 467 or·

100 505 153 546 cor
167 488 316 559 hominis;
332 495 384 548 eut
397 491 505 559 oleum,
521 492 550 548 iu
566 508 625 563 qun
639 490 819 548 exhilaratur
839 491 929 549 lanies
983 491 1055 562 pinli
1068 490 1806 564 modiorumetfiercntdecem,etintruretiscdtcm·
1850 508 1854 513 '

100 578 250 636 audientis
263 597 270 649 ;
284 585 460 638 automuem
476 582 574 638 cibum
587 599 594 638 :
606 581 663 650 lec,
679 598 737 653 quo
746 580 867 639 aluntur
877 582 929 638 Go-
984 578 1037 650 lar,
1048 582 1278 651 moeremus
1288 584 1492 655 quinquaqinta
1501 584 1810 655 inperceptfietaetci·

99 666 205 724 rinthii
220 669 243 741 (l
260 668 323 725 dor.
338 669 378 741 2),
395 674 424 727 et
438 668 517 726 olera
532 670 640 743 quibus
650 674 808 726 vescuntur
820 668 930 725 inllrmi
984 669 1065 739 picti.
1077 669 1203 726 Pacate
1212 676 1341 729 coemto
1348 676 1486 739 createet
1493 674 1666 741 scripturus
1674 674 1811 742 praedius

100 754 191 829 (llcm.
207 774 266 829 arv,
282 758 320 831 3),
350 762 497 815 etcetere
525 758 571 814 his
586 758 711 815 similia:
742 775 800 815 non
828 758 929 815 stetim
985 759 1321 831 cumiaoperumcvcum
1335 765 1611 829 vestrorum,etncn
1625 763 1811 833 sustinentis

100 845 188 918 quusi
203 846 389 903 sanctificata
402 863 436 904 ea
451 847 849 921 comedentquibnscumque
863 848 932 924 dats
985 847 1035 918 qui
1047 848 1272 904 rmertereturnrl
1285 864 1338 921 me,
1353 850 1423 907 dicit
1436 851 1578 907 umeros.
1589 850 1677 907 exit:
1694 854 1812 909 diense

101 931 225 989 inerint.
240 934 303 990 Non
318 935 397 991 enim
414 952 448 991 ex
462 951 495 991 en
511 935 588 1008 quod
602 935 759 1002 dicuntur;
782 936 833 992 sed
849 952 884 992 ex
898 951 931 992 eo
983 937 1077 1007 ponite
1088 952 1173 1008 cuper
1185 938 1362 994 cordavestra
1375 938 1540 995 cretaeae
1554 954 1650 1011 supro,
1661 943 1810 1012 mteqtcer

101 1022 182 1095 quod
206 1023 421 1097 suscipiuntur,
437 1025 620 1081 sanctificant
648 1024 801 1081 audientes
825 1043 832 1080 :
862 1024 933 1097 quia
984 1026 1217 1098 poneretur-lapis
1234 1042 1316 1099 svper
1330 1026 1495 1099 tapirkmin
1510 1028 1609 1098 meu
1624 1030 1746 1095 mneos,
1762 1031 1811 1102 qui

101 1110 190 1168 multi
201 1112 351 1170 auditores
362 1113 400 1186 (a)
416 1112 576 1186 legissent,
589 1117 617 1169 et
625 1130 683 1181 nan
694 1114 827 1170 lectores.
839 1114 893 1169 Sed
904 1119 933 1169 et
987 1115 1071 1169 eratis
1084 1115 1198 1186 quande
1211 1115 1396 1172 mttetmutn
1408 1114 1548 1188 cymelem
1556 1115 1810 1186 hemeriorum·

100 1200 143 1256 ob
156 1199 189 1255 id
204 1204 274 1273 puto
289 1200 349 1257 heo
364 1201 501 1258 uuivrrea
528 1218 593 1273 que
608 1201 677 1272 dini,
702 1218 738 1258 ex
752 1206 830 1258 tactu
845 1202 931 1259 vesti·
987 1205 1025 1266 tc,
1041 1211 1067 1259 et
1080 1203 1181 1274 &iord
1193 1203 1463 1263 demmsatcicrdci:
1474 1209 1501 1260 ct
1513 1203 1747 1276 tnqredictcmiru
1756 1213 1811 1263 tcr·

102 1289 197 1347 menti
212 1290 248 1345 ad
260 1294 411 1347 vescentes
423 1306 610 1364 nequaquam
621 1290 804 1349 sanctificata
815 1290 931 1359 deferri,
987 1293 1076 1358 ester,
1091 1295 1123 1348 ut
1135 1292 1285 1350 hauriretis
1302 1294 1665 1367 quinquaqintccmplrcrcs,
1677 1295 1813 1366 eidem

102 1378 185 1453 quod
191 1379 363 1436 summitate
373 1382 489 1437 tautum
499 1379 578 1453 pallii
589 1381 801 1455 continguntur
813 1384 858 1447 ;et
869 1396 935 1437 san·
986 1381 1096 1451 oipioti.
1112 1381 1239 1438 Pectore·
1251 1397 1297 1439 ves
1311 1382 1468 1453 mittitote,
1497 1390 1523 1440 ct
1536 1384 1714 1453 empore
1727 1385 1810 1451 uris,

101 1466 237 1524 ctillcats
252 1484 355 1525 earnes
370 1468 559 1537 intrinsecus,
569 1469 734 1539 humorem,
746 1470 931 1543 sanguinem,
987 1474 1015 1524 et
1028 1469 1162 1541 prandisse
1175 1473 1271 1527 macic
1285 1486 1368 1544 opero
1378 1487 1512 1528 munuum
1531 1479 1702 1528 uiuorum:
1716 1474 1743 1527 et
1755 1487 1813 1529 nore

100 1572 194 1614 venas
225 1558 312 1626 m,
345 1573 508 1630 nervosque
524 1575 582 1615 non
612 1562 731 1615 norunt.
748 1559 830 1615 Siout
844 1558 935 1632 igitur
988 1560 1091 1615 reversi
1105 1560 1286 1628 estundere,
1303 1560 1373 1617 dicit
1386 1560 1529 1617 deniare.
1541 1560 1622 1617 Licet
1633 1560 1734 1617 omnia
1747 1576 1812 1633 que

99 1644 263 1702 summitas
276 1645 444 1702 vestimenti
456 1646 607 1716 dominici,
623 1650 653 1704 et
675 1646 748 1704 levis
762 1650 860 1704 metus
874 1664 933 1704 non
988 1646 1137 1706 obtulistis
1149 1648 1223 1705 mihi
1237 1648 1605 1722 inaltari,quiatemplum,
1617 1665 1676 1706 uon
1686 1649 1810 1706 edilice-

100 1731 280 1806 sanctificet,
296 1734 353 1791 nisi
368 1750 437 1791 eum
453 1735 504 1807 qui
520 1736 680 1793 comederit
693 1752 794 1793 carues
809 1737 888 1810 agni,
904 1740 935 1793 et
988 1736 1106 1808 verutis,
1120 1737 1809 1811 cacuminateluerint(sineexstruotionequip

99 1822 280 1894 sanguinem
286 1823 352 1895 ejus
359 1823 468 1879 biberit
480 1840 486 1878 :
501 1824 931 1882 sioeccntrarioimmundusin
985 1841 1021 1900 pe
1034 1825 1147 1899 templi,
1158 1827 1270 1883 donum
1283 1825 1585 1899 omnepollutumeet)
1599 1844 1607 1887 ;
1622 1829 1721 1883 temen
1734 1842 1812 1885 nuuc

100 1908 216 1978 anima,
230 1926 374 1984 perverse
402 1929 525 1986 quaque
549 1913 697 1983 doctrine,
725 1914 933 1987 quodcumque
985 1918 1016 1971 te
1030 1914 1140 1982 hortor,
1155 1931 1173 1971 o
1187 1915 1304 1987 popule,
1325 1920 1360 1971 ut
1370 1931 1459 1972 sensu
1475 1914 1510 1971 ed
1526 1915 1673 1987 preterita
1686 1919 1812 1973 reverta-

100 1999 264 2073 letigeriut,
280 2000 468 2058 immundum
487 2002 595 2059 leniant
609 2018 729 2060 necesse
747 2006 802 2060 est.
818 2003 935 2060 Habent
986 2004 1038 2071 ris,
1055 2003 1280 2076 consideresque
1307 2019 1372 2076 que
1388 2003 1465 2060 laeta
1479 2002 1552 2071 sint,
1579 2003 1634 2059 hoc
1648 2006 1703 2069 est,
1727 2008 1758 2059 st
1775 2005 1812 2060 eb

101 2087 185 2145 euim
207 2088 236 2144 iu
252 2091 445 2147 sacramentis
459 2097 576 2164 penem,
593 2094 623 2148 et
637 2091 749 2161 vinum,
776 2095 806 2148 et
823 2090 932 2161 oleum,
988 2094 1043 2149 hec
1057 2093 1105 2150 die
1118 2092 1257 2150 vicesima
1272 2091 1455 2166 quartauoni
1471 2090 1582 2148 mensis
1596 2092 1812 2150 euncsecundc

103 2181 268 2234 etomnem
283 2177 933 2253 cibum;sedsacramentaeorumquesipa·
987 2182 1079 2250 Darii,
1097 2181 1240 2254 quidquid
1270 2185 1347 2239 retro
1372 2184 1488 2253 gestum
1504 2185 1550 2237 est
1573 2184 1671 2238 mente
1685 2180 1813 2255 mmple·

103 2266 156 2323 nie
168 2265 276 2334 luctus,
293 2282 395 2324 omnes
411 2269 461 2340 qui
477 2286 512 2325 ea
537 2270 722 2342 contigerint,
746 2269 932 2326 contamina·
987 2275 1074 2337 ctere,
1091 2277 1119 2326 et
1134 2273 1341 2343 propterque,
1358 2273 1470 2341 quauta
1495 2268 1683 2338 sustinueris,
1698 2271 1733 2327 nt
1744 2285 1813 2327 cum

100 2354 226 2411 buntur.
240 2356 356 2429 Legunt
367 2356 643 2431 stipsiscripturas.
655 2359 775 2432 etquasi
786 2359 823 2415 de
835 2358 933 2430 Scrip·
986 2357 1124 2430 deinceps
1138 2373 1279 2431 prospere
1299 2357 1353 2413 tibi
1368 2358 1529 2423 evenerint,
1545 2357 1623 2414 scias
1651 2374 1713 2430 qua
1723 2374 1814 2418 ceuve

100 2446 240 2502 turanum
255 2444 430 2502 testimoniis
459 2451 658 2520 conspergunt
682 2464 799 2521 panem,
829 2451 858 2504 et
874 2449 934 2503 tota
987 2445 1146 2503 evenerint.
1164 2447 1239 2519 lirgc
1254 2449 1412 2518 antequam
1426 2444 1571 2518 inciperes
1580 2445 1725 2503 editiones
1737 2449 1813 2503 tem

101 2538 191 2591 nocte
205 2534 236 2589 in
256 2533 372 2590 clibano
400 2541 532 2609 coquunt
547 2536 650 2606 illum;
679 2537 730 2594 sed
751 2537 869 2593 eumad
884 2552 933 2593 ve·
987 2535 1081 2610 plum,
1097 2534 1264 2608 etlapidem
1279 2551 1369 2607 super
1379 2533 1509 2607 lapidem
1524 2550 1642 2607 ponere,
1652 2548 1721 2591 cum
1731 2551 1813 2593 occe·

80 2654 85 2661 ·
101 2622 249 2680 scendum
260 2623 347 2679 detus
358 2624 456 2694 inerit,
468 2626 655 2682 comedentes
666 2625 855 2683 edinsaniem
867 2640 933 2699 pro·
987 2624 1117 2682 deresad
1133 2640 1279 2694 acervum,
1295 2628 1326 2681 et
1335 2628 1454 2694 putares
1466 2620 1572 2695 viginti
1586 2626 1616 2679 te
1630 2622 1738 2680 hahere
1747 2639 1813 2681 mc·

106 2714 205 2769 vocet.
220 2711 337 2769 Habent
355 2712 540 2786 pulmentum
555 2720 583 2771 et
598 2714 769 2782 continuem,
795 2718 933 2772 conantes
987 2714 1062 2780 dios,
1076 2714 1116 2785 (t)
1131 2713 1286 2769 ucnnevix
1300 2711 1428 2769 mediam
1445 2716 1557 2785 partem
1572 2710 1709 2784 colligere
1731 2714 1812 2785 pote·

95 2800 188 2875 juxta
201 2800 401 2873 perversitatis
415 2819 475 2859 sue
491 2819 612 2859 sensum
628 2802 750 2877 mystice
765 2802 934 2876 quequede
988 2801 1058 2859 rasi
1068 2802 1134 2858 Sive
1147 2802 1230 2873 juxte
1245 2800 1318 2857 Lxx
1331 2816 1339 2858 :
1353 2800 1427 2857 Cum
1440 2799 1570 2857 mitteres
1579 2799 1684 2873 viginti
1697 2798 1813 2859 modies

100 2888 266 2962 Scripturis
281 2894 386 2958 texere,
403 2896 432 2948 et
446 2892 533 2964 qussi
546 2907 680 2965 coquere,
697 2896 726 2950 et
739 2892 860 2949 condire
869 2907 933 2948 oar·
987 2891 1088 2948 hordei
1102 2890 1133 2947 in
1148 2907 1198 2947 ves
1215 2891 1293 2964 quod
1312 2894 1432 2948 vocatur
1445 2890 1576 2963 cypseles,
1591 2895 1621 2947 et
1629 2888 1814 2947 existimares

103 2992 162 3035 nes
188 2979 267 3052 agni,
292 2980 344 3036 sed
371 2980 463 3037 coctio
477 2980 528 3037 ille
556 2981 679 3054 perditio
693 2985 748 3037 est.
778 2981 891 3037 liabent
906 2985 935 3038 et
987 2977 1815 3053 tequamquamlvurdeummittereedumentorumcibum,

103 3066 358 3139 vinum,sednon
376 3070 511 3126 deviner
532 3069 935 3144 Sorec,etqnamplnntavit
987 3069 1032 3126 uel
1048 3070 1085 3126 de
1101 3067 1176 3141 ipsis
1199 3068 1304 3142 viginti
1321 3068 1428 3125 modiis
1455 3084 1522 3124 esse
1543 3082 1691 3135 amarum,
1721 3082 1819 3125 noune

104 3154 251 3213 Dominus
267 3156 296 3213 in
310 3156 448 3224 ieremin,
463 3156 587 3215 electam
602 3161 737 3215 ettotam
751 3175 850 3216 reram
865 3159 935 3231 tter.
951 3159 973 3228 c
992 3161 1094 3229 postea
1109 3157 1286 3213 reversusad
1299 3172 1354 3213 vos
1364 3155 1521 3213 vixdecsm
1533 3154 1648 3211 modios
1659 3152 1818 3227 reperisti?

105 3247 141 3313 u)
153 3261 166 3309 ,·
177 3244 227 3300 sed
240 3245 739 3304 devinceSodomorumllshentet
750 3246 847 3304 oleum
859 3248 937 3320 quod
991 3246 1033 3301 Ad
1049 3244 1179 3302 torcular
1203 3260 1320 3318 quoque
1336 3260 1404 3301 oum
1430 3243 1613 3312 accederitis,
1628 3246 1659 3299 et
1685 3240 1817 3301 videritis

105 3332 145 3389 de
159 3334 266 3390 veteris
281 3338 310 3390 et
324 3351 404 3393 nove
417 3337 574 3409 scripture
597 3337 774 3394 testimoniis
800 3335 939 3393 violenter
992 3350 1075 3404 uvas,
1086 3337 1115 3389 et
1130 3329 1818 3406 quinquagintaamphorasvobisnculipolliue·

105 3421 324 3494 exprimuntet
336 3424 421 3495 quasi
431 3425 461 3481 iu
472 3424 658 3482 relectionem
671 3425 798 3497 deceptis
811 3430 840 3481 et
850 3423 942 3483 lassis
992 3428 1113 3480 rentur:
1130 3440 1188 3479 non
1202 3423 1269 3478 dico
1285 3426 1397 3494 partem
1426 3420 1571 3487 medinm,
1585 3418 1637 3477 sed
1653 3420 1700 3475 vix
1712 3416 1817 3491 viginti

106 3510 264 3567 mentibus
279 3511 467 3583 pollicentur;
480 3514 530 3570 sed
546 3514 708 3569 detestatur
722 3512 794 3568 illud
805 3517 936 3579 sanctus,
991 3511 1148 3581 amphoras
1162 3510 1324 3583 exprimere
1338 3508 1488 3581 peteretis.
1516 3508 1553 3563 ut
1566 3507 1627 3563 herc
1642 3506 1696 3563 leci
1710 3521 1816 3576 perco-

100 3600 135 3655 et
149 3598 226 3655 dicit
240 3614 247 3654 :
263 3600 359 3656 Oleum
372 3605 464 3657 eutem
479 3604 628 3674 peccatoria
642 3617 699 3657 nen
720 3602 936 3673 impiequetca·
990 3600 1133 3656 tiensvoe
1158 3604 1244 3656 vento
1265 3602 1376 3668 arente,
1406 3599 1435 3653 et
1462 3594 1649 3667 corruptione
1671 3592 1759 3660 aeris,
1787 3597 1818 3649 et

99 3694 263 3763 mercum
279 3688 337 3761 (Pr.
366 3690 478 3763 cxc,5).
509 3691 622 3747 Habent
640 3694 669 3746 et
683 3690 813 3746 diversos
842 3689 936 3758 cibos,
990 3680 1822 3759 emorientibusfrugibus,vacuisquespicarumlollioulie,

100 3774 285 3849 multiplices
298 3776 936 3851 videlicetveriarumincuteresdiversosque
990 3776 1184 3833 etvinearum
1212 3774 1316 3843 botris,
1329 3777 1364 3828 ut
1385 3771 1530 3829 malcrum
1559 3771 1688 3844 pondere
1712 3785 1763 3826 voe
1777 3768 1815 3827 ed

100 3869 262 3937 tremelus,
275 3882 350 3938 quos
363 3867 433 3941 quin
443 3867 588 3923 immundi
604 3868 730 3941 snntqni
743 3868 934 3940 scripserunt,
990 3882 1085 3923 meam
1102 3865 1236 3923 notitiam
1263 3877 1469 3937 provocarem:
1498 3860 1575 3917 '8th
1589 3863 1620 3916 et
1634 3874 1687 3917 nec
1700 3858 1744 3915 sic
1758 3858 1816 3916 luit

99 3958 137 4012 et
152 3953 309 4012 immundo
323 3972 375 4013 cre
391 3955 498 4030 prolati
514 3960 593 4026 suut,
619 3959 716 4014 omnis
729 3956 781 4029 qni
796 3957 933 4030 tetigerit,
989 3955 1040 4028 qui
1055 3958 1247 4011 reverteretur
1261 3953 1297 4009 ad
1313 3968 1370 4008 me.
1387 3950 1526 4007 liebreus
1536 3952 1628 4005 totam
1643 3946 1700 4004 luci
1723 3945 1814 4018 huius

99 4042 280 4101 immundus
290 4044 349 4112 liet,
365 4049 394 4101 et
408 4045 551 4102 incorum
561 4046 840 4103 traheturerrorem.
853 4047 934 4104 Unde
988 4042 1199 4100 continentiam
1208 4043 1245 4100 ab
1261 4059 1295 4099 eo
1306 4041 1384 4114 quod
1396 4038 1541 4112 scriplum
1556 4040 1620 4095 est:
1633 4040 1668 4095 ut
1680 4050 1756 4093 nunc
1768 4050 1815 4108 po-

98 4132 263 4205 respoudit
288 4136 424 4207 Aggaeus,
440 4136 490 4205 qui
518 4134 575 4192 scit
591 4134 769 4192 dillerentias
793 4134 932 4192 solemni·
972 4132 1228 4189 -rtecordcvesrrn
1241 4147 1262 4187 c
1274 4128 1383 4187 dietae
1393 4131 1632 4201 crispamque
1645 4125 1761 4184 ederim
1773 4124 1813 4183 lo·

98 4222 256 4286 tetemet
270 4222 307 4278 ob
321 4223 350 4279 id
366 4225 409 4279 ies
416 4223 437 4278 ti
453 4223 575 4281 sortitus
585 4228 630 4282 est
640 4240 747 4282 nomeu
759 4240 767 4279 ι
781 4224 828 4281 Sic
838 4240 933 4299 popu·
987 4238 1055 4279 cum
1070 4222 1120 4278 nbi
1136 4221 1195 4278 eit:
1212 4222 1293 4277 omen
1306 4223 1335 4276 et
1357 4216 1425 4290 teus
1448 4225 1476 4274 et
1487 4218 1722 4289 mclcprcantsm,
1735 4221 1763 4273 et
1774 4214 1814 4273 u·-

100 4308 154 4366 lns
168 4308 225 4366 iste
238 4314 267 4367 et
280 4310 324 4368 sic
338 4326 409 4383 gens
424 4311 490 4381 ista,
505 4313 674 4370 iudeorum
686 4313 830 4381 videlicet,
845 4317 933 4388 etque
986 4328 1072 4381 pram
1085 4312 1167 4368 elice
1180 4324 1237 4367 recu
1250 4310 1357 4381 percit,
1367 4306 1456 4365 cedis
1465 4306 1698 4375 epicuraeam,
1712 4302 1755 4362 ite
1765 4319 1814 4362 ex·

97 4397 275 4471 gentilium,
289 4406 318 4456 et
343 4399 548 4457 hereticorum
577 4402 711 4458 omnium
726 4401 755 4457 in
771 4406 931 4476 conspectu
985 4400 1085 4474 poenit
1098 4400 1153 4473 [At.
1168 4398 1313 4473 exponitlz
1329 4392 1612 4467 Certenunctempli
1622 4392 1817 4450 fundamenta

98 4498 184 4557 meo,
197 4485 270 4543 dicit
298 4488 458 4546 Dominus:
489 4489 674 4562 Omnequcd
704 4490 836 4558 iecerint,
852 4491 931 4564 quod
987 4490 1166 4562 suntiacta;
1182 4504 1217 4546 ex
1233 4477 1816 4560 haciqitardieqaaiuudameutajeois·

97 4572 179 4631 milri
193 4574 365 4649 obtulerint,
380 4577 424 4634 vel
449 4582 518 4635 vote
532 4596 585 4652 pro
613 4578 718 4651 emute,
734 4578 779 4636 vel
800 4579 931 4653 paciilca,
987 4578 1026 4634 tis
1041 4578 1119 4651 (cnm
1133 4578 1164 4634 in
1189 4575 1368 4651 preteritum
1382 4588 1435 4630 voe
1458 4571 1622 4638 sterilitate,
1637 4572 1667 4625 et
1680 4567 1769 4636 ieme,
1783 4571 1815 4624 et

93 4660 148 4719 vel
164 4678 217 4735 pro
248 4669 378 4738 peccato,
407 4666 451 4723 vel
466 4684 520 4741 pro
549 4667 665 4740 delicto,
691 4667 736 4725 vel
750 4667 781 4726 in
797 4667 934 4726 holocan·
986 4666 1138 4739 mendino,
1154 4664 1284 4722 siccitate
1312 4662 1470 4735 punierim,
1485 4664 1513 4717 et
1536 4674 1595 4716 nen
1607 4656 1696 4715 luerit
1708 4656 1760 4729 qui
1776 4654 1813 4713 ed

93 4752 195 4822 sun,
222 4752 283 4808 sive
296 4753 508 4829 eleemosynae,
531 4757 591 4814 sive
611 4756 737 4829 jejunia,
752 4757 813 4814 sive
838 4757 933 4815 victus
986 4772 1034 4813 me
1048 4772 1100 4828 per
1112 4754 1167 4812 has
1181 4753 1285 4827 plagas
1298 4755 1492 4809 reverteretur
1505 4746 1813 4820 euobis),pcnitecur·

93 4838 327 4910 continentiam,
345 4850 375 4900 et
396 4846 526 4917 corporis
541 4846 716 4917 castitatem,
733 4846 933 4905 coneminate
986 4844 1023 4902 ds
1037 4847 1133 4901 vestra
1147 4843 1177 4899 in
1205 4844 1381 4898 futurumst
1399 4840 1548 4912 deinceps,
1561 4840 1592 4895 et
1617 4836 1714 4894 videte
1742 4832 1813 4907 quia

95 4932 194 4987 erunt
208 4929 238 4987 in
249 4939 406 5005 conspectu
424 4949 499 4991 meo.
517 4935 653 4999 Quamvis
679 4934 758 4992 enim
773 4939 876 4992 sancte
889 4935 931 4991 vi·
985 4932 1085 4990 emnia
1098 4932 1182 4989 vobis
1198 4946 1338 5005 prospero
1352 4946 1441 4987 cursu
1454 4928 1556 4985 tluant.
1569 4926 1735 4983 licceutem
1749 4937 1812 4979 eve·

94 5018 231 5075 muter
245 5022 342 5093 speeie
352 5023 398 5079 sui
409 5040 474 5096 que
485 5024 676 5081 offeruntnra
687 5023 815 5081 telibus:
832 5030 931 5082 tamen
985 5022 1047 5079 niet
1059 5021 1129 5095 quia
1139 5020 1284 5094 templum
1295 5035 1395 5076 meum
1405 5018 1550 5074 adilicara
1560 5012 1707 5088 cepistis:
1718 5026 1770 5071 neu
1779 5011 1811 5069 iu

59 5164 67 5173 ,
94 5105 177 5181 quia
192 5112 268 5165 tecta
282 5114 354 5167 sunt
368 5111 405 5167 eh
421 5128 455 5169 eo
478 5113 529 5185 qui
544 5112 674 5187 pullatus
702 5113 732 5168 in
748 5114 848 5171 anima
874 5117 929 5184 est,
985 5110 1048 5169 solo
1063 5111 1147 5168 altari
1162 5111 1305 5168 habentes
1320 5107 1471 5176 lldnciam,
1493 5102 1715 5162 edificationem
1739 5116 1810 5159 moes

92 5195 206 5253 omnis
215 5196 392 5269 polluentur.
984 5200 1091 5258 domus
1105 5198 1303 5257 contemnitis.
1320 5197 1410 5255 Juxta
1437 5210 1526 5268 quem
1541 5208 1663 5251 sensum
1686 5188 1812 5251 breviter

136 5282 234 5357 (vers.
251 5288 285 5341 17
300 5292 398 5363 seqq.)
414 5292 486 5349 7θὸ
496 5296 528 5349 sc
541 5306 617 5349 ncnc
626 5291 932 5364 penitecordacestrac
984 5288 1369 5363 possumusdicere,lrustre
1376 5279 1731 5358 aliqucsmunerucllerre
1740 5282 1809 5350 ileo,

91 5372 147 5433 ae
160 5372 213 5429 leuc
225 5379 362 5450 usupra:
378 5388 525 5454 coequans
532 5382 757 5455 penerecrtapte
765 5397 849 5455 super
857 5381 931 5455 lepi-
985 5383 1014 5437 et
1023 5378 1217 5450 eleemosynis
1227 5381 1317 5450 etque
1325 5372 1631 5445 oblationibusputnre
1641 5368 1734 5427 Deum
1745 5380 1811 5442 pue·

56 5564 59 5601 r
138 5534 184 5618 (a).
194 5534 298 5594 Deernt
314 5541 622 5615 penesMartianaum,
632 5543 701 5614 lepis
714 5542 861 5619 :idgeuus
873 5541 932 5603 elia
1019 5540 1057 5615 (b)
1072 5539 1222 5613 toeniam,
1236 5538 1441 5667 cernebatque
1451 5534 1523 5595 adeo
1542 5527 1743 5607 interroganti
1756 5544 1809 5591 no·

93 5621 218 5689 1mmm
232 5610 416 5673 ”diluimur
982 5614 1044 5673 tan
1059 5610 1163 5689 tteptn
1178 5624 1236 5671 rae.
1252 5624 1311 5671 ocu
1346 5604 1424 5671 abu.
