3818 6104
111 282 171 349 ms
736 285 769 345 s.
793 281 948 346 ansano
971 280 1193 346 nicaenum
1626 248 1631 259 ’
1757 278 1814 346 sco

108 415 267 490 respondit:
286 415 356 483 outa
369 413 425 469 scio
451 426 514 485 oaae
541 412 667 486 sactum
695 416 735 470 sis
759 414 830 487 fitius
847 413 936 472 lsrael
950 418 977 483 Α
991 415 1038 470 tice
1049 414 1388 471 meavaltumeversare
1401 411 1605 470 abeotlnxta
1620 410 1811 486 tropologiam

109 506 429 561 maledicitateseorum
442 503 564 558 munitas
575 506 638 574 igne
654 504 806 572 succendes,
818 509 845 560 et
853 507 934 577 juce·
989 520 1055 559 vern
1072 503 1125 559 boc
1142 519 1298 576 possumus
1313 502 1426 558 dicore:
1444 495 1578 558 Primum
1595 504 1753 575 peceatum
1763 508 1810 572 eat,

108 590 431 661 nesecruminterficr'es
457 592 560 662 plodio,
589 598 616 649 et
642 595 772 665 paruulus
800 593 894 657 elides,
910 602 936 657 et
988 592 1132 665 cogitasse
1147 609 1211 663 que
1223 590 1385 647 malasunt.
1396 592 1575 662 Secundam,
1587 587 1811 663 cogitationibus

107 689 285 752 praepnantes
299 680 416 736 divides.
434 681 562 753 Dixitque
576 683 678 738 dccet:
694 682 764 750 Quid
786 698 847 737 snm
861 683 934 738 enlm
988 681 1168 752 acquievisse
1182 680 1338 752 perversis.
1353 680 1493 742 Tertium,
1506 679 1585 751 quod
1597 682 1702 734 mente
1716 678 1809 735 decre·

106 774 276 826 servustuns
292 771 379 837 canis,
397 775 425 824 ut
439 770 615 839 [mornrcm
637 773 719 827 istum
732 770 934 838 coenantes
987 769 1164 840 verisopere
1193 768 1365 839 complesse.
1395 770 1548 835 Quartum,
1578 769 1650 839 post
1667 771 1809 838 peccalum

106 859 147 913 ait
162 859 300 914 Etisaeus:
318 859 440 914 Ostendit
454 861 524 914 mibi
551 859 683 915 Dominus
698 863 724 914 te
738 875 826 930 regern
842 859 934 931 Syria
987 874 1045 913 non
1061 873 1146 930 agere
1162 857 1373 929 peonitentiam,
1389 857 1462 913 etin
1477 872 1528 913 suo
1559 855 1619 912 sibi
1636 852 1809 927 complacere

103 945 166 1021 sore
178 946 228 1019 (lv
242 950 305 1020 Req.
323 965 384 1014 vui,
405 949 435 1002 11
451 965 523 1020 seqq.
524 951 553 1021 ).
571 948 652 1012 Quod
682 951 779 1005 autern
799 948 934 1020 sequitur
986 942 1806 1016 delicto.Hocomneslnciuntharetici‚qninoasolam

105 1034 136 1090 in
157 1037 308 1108 propbeta.
986 1034 1125 1106 cogitant,
1138 1040 1165 1090 et
1176 1035 1287 1090 faciunt
1298 1033 1384 1100 malt,
1398 1035 1448 1089 sed
1463 1033 1596 1090 doctrina
1614 1048 1674 1088 sua
1684 1048 1809 1104 quosque

142 1123 233 1197 (Vere.
257 1125 579 1199 t.)l3tmtttamipnem
606 1127 635 1180 in
660 1124 770 1181 domum
800 1125 933 1192 decutet
986 1123 1134 1198 simplices
1148 1123 1308 1196 decipiunt,
1324 1123 1393 1178 etin
1424 1137 1535 1178 morem
1564 1123 1807 1187 Damascenorum,

104 1212 245 1269 decorabit
255 1213 345 1268 domm
358 1213 498 1269 benadad.
515 1215 548 1269 Et
561 1222 698 1270 concrum
714 1224 815 1270 nectem
829 1215 931 1270 Damo-
985 1213 1035 1286 qui
1050 1214 1288 1286 interpretantur,
1303 1214 1466 1283 sanquinem
1481 1210 1613 1280 bibentes,
1622 1225 1729 1267 eorum
1742 1224 1809 1281 quos

104 1303 155 1373 set,
168 1306 195 1357 et
209 1301 366 1374 disperdam
381 1303 701 1375 habitatorcsdccampc
729 1303 809 1369 idoli,
839 1302 929 1358 Lxx:
985 1302 1161 1375 deceperint,
1177 1297 1808 1375 sanguinembibuntsnperhujuscemodi,

104 1391 137 1445 et
152 1392 275 1446 mnittcm
290 1393 382 1461 ipnem
397 1393 427 1446 in
442 1391 553 1446 domum
567 1391 660 1462 ducet,
675 1391 930 1462 etdeoorabittun-
984 1391 1090 1464 inquit,
1107 1391 1234 1463 peccatis
1251 1389 1410 1446 Dominus:
1427 1405 1522 1444 nonne
1550 1388 1679 1461 dignum
1710 1390 1765 1452 eat,
1779 1391 1808 1443 ut

1 1501 4 1505 ·
104 1478 233 1534 dumento
248 1480 303 1550 tilii
317 1479 397 1551 teter,
414 1484 439 1535 et
464 1489 605 1536 conteram
632 1489 718 1536 vectes
745 1481 883 1551 Damasci,
905 1482 931 1536 et
985 1479 1139 1552 eosplagis
1163 1477 1329 1549 corripiam,
1358 1481 1388 1533 et
1410 1481 1539 1533 avertam
1569 1477 1610 1532 ab
1635 1476 1680 1532 eis
1708 1475 1808 1535 taciem

103 1565 261 1639 disperdam
272 1567 440 1624 habitatores
454 1569 488 1625 de
502 1586 598 1641 campo
613 1565 670 1624 bv:
689 1573 741 1624 Dat
763 1568 930 1641 intelligen-
984 1567 1143 1625 meamtut
1160 1568 1209 1639 qni
1224 1567 1375 1622 veritatem
1391 1565 1563 1639 dogmatum
1595 1580 1735 1620 meorum
1757 1580 1809 1621 noa

103 1655 185 1727 tiam,
203 1657 280 1727 quod
296 1655 394 1723 azael,
410 1658 600 1729 regnantibus
628 1656 696 1713 Ouia
721 1657 929 1725 etteroboam,
982 1656 1092 1723 vident,
1106 1656 1256 1712 aversione
1270 1654 1368 1711 vultus
1397 1655 1452 1710 mei
1482 1652 1614 1709 tenebris
1635 1653 1807 1710 obruantur.

100 1745 163 1817 jam
179 1743 209 1800 in
226 1745 308 1817 Syria
324 1749 459 1801 mortuus
470 1750 573 1815 scatet
587 1746 612 1802 ei
629 1745 658 1801 in
674 1761 797 1818 regnum
814 1761 928 1801 succos·
983 1744 1187 1800 Contriverunt
1201 1744 1290 1813 enim,
1307 1743 1367 1799 sive
1381 1742 1588 1799 dissecuerunt
1617 1741 1649 1797 ia
1672 1741 1808 1814 plaustris

104 1831 363 1889 seratsrlinssuus
379 1832 526 1899 Benadad,
561 1850 578 1889 a
610 1849 668 1904 quo
703 1849 804 1888 omnes
827 1838 929 1904 postea
981 1832 1083 1891 ferreis
1099 1837 1279 1906 pregnantes
1295 1831 1414 1888 Galaad.
1431 1831 1495 1887 Ista
1511 1837 1582 1887 sunt
1611 1834 1806 1903 praegnantes,

103 1927 297 1992 rugosarum,
315 1920 343 1975 id
375 1926 430 1986 est,
459 1921 547 1993 Syria
577 1926 605 1977 et
629 1920 926 1986 Damasci,Beaadad
981 1921 1016 1976 de
1031 1921 1140 1993 quibus
1155 1921 1297 1977 Dominus
1312 1919 1341 1974 in
1352 1918 1505 1992 llvangelio
1516 1917 1732 1991 loquiturtl'ce
1742 1935 1807 1991 pras·

103 2010 278 2065 vooabulum
295 2009 498 2080 possederunt.
516 2010 597 2065 Unde
621 2008 742 2082 pulchre
770 2025 827 2064 non
843 2009 925 2078 dixit,
955 2026 959 2033 ·
980 2010 1137 2078 enantibus,
1153 2014 1178 2065 et
1192 2008 1382 2065 nutrientibus
1397 2010 1426 2063 in
1441 2008 1499 2063 iltis
1522 2007 1622 2064 dicbus
1652 2007 1735 2080 (tac.
1751 2024 1804 2079 m,

103 2095 333 2170 mittamignem
350 2095 379 2151 in
396 2096 491 2164 Azael,
508 2097 558 2151 sed
579 2096 608 2151 in
637 2097 758 2151 danaum
787 2096 880 2163 Azael,
896 2096 925 2152 id
979 2099 1238 2172 superegressus
1267 2101 1337 2154 suat
1359 2097 1464 2153 anima
1483 2095 1683 2164 credentium,
1701 2095 1803 2169 quain

102 2188 157 2252 est,
174 2185 204 2240 in
220 2185 341 2239 domum
357 2186 420 2255 ojus
431 2185 552 2257 regiam,
571 2184 618 2240 cui
647 2183 782 2239 Benadad
799 2183 878 2240 filins
892 2201 926 2242 eo
981 2186 1124 2259 principio
1136 2187 1201 2242 ildei
1212 2190 1336 2258 possunt
1351 2186 1460 2240 dicere:
1475 2185 1494 2239 Α
1507 2185 1610 2241 timore
1620 2187 1800 2254 inediarum,

101 2276 232 2345 tempore
242 2274 567 2344 preeratdtccnteram,
580 2272 687 2345 inquit,
698 2274 924 2344 uectesllamasci,
979 2276 1151 2347 suscepimus
1165 2278 1191 2330 ct
1204 2276 1405 2346 parturivimus
1420 2275 1466 2345 (ls.
1484 2290 1559 2342 xxv1,
1577 2274 1624 2344 17,
1641 2275 1712 2346 18)‚·
1740 2273 1800 2332 etsi

101 2365 127 2417 et
140 2361 297 2433 disperdam
324 2362 490 2417 habitatores
501 2361 534 2416 de
548 2378 642 2433 campo
652 2361 729 2417 idoli.
745 2361 867 2418 Omnem
883 2361 926 2416 vi·
980 2378 1037 2418 non
1049 2363 1156 2418 luerint
1167 2361 1306 2434 plaustris
1316 2378 1349 2417 ac
1358 2361 1429 2417 rotis
1441 2362 1542 2417 terreis
1551 2378 1588 2418 ao
1614 2362 1746 2419 dentatis
1760 2362 1799 2436 (ds

101 2449 207 2505 delicet
222 2450 362 2522 Syrorum
377 2450 577 2506 fortitudinem
593 2448 650 2522 (At.
683 2448 924 2521 multitudinem),
980 2449 1590 2523 quibusPsalmistadioit:Filzitaominum
1603 2451 1800 2508 demessum

102 2536 260 2610 quaveluti
272 2538 419 2609 quondam
434 2537 565 2609 plaustro
576 2537 923 2593 etveotibusadversario
978 2554 1058 2593 amno
1068 2543 1094 2594 et
1103 2539 1213 2608 sagitae
1223 2539 1279 2609 (Pe.
1288 2537 1508 2608 nv1,5),conoisae
1515 2541 1607 2610 atque
1614 2539 1800 2612 terratnpoe

102 2625 922 2697 rumimpetussubmovebat.Campumautemidoliquod
978 2630 1047 2682 aunt
1061 2628 1148 2682 etiam
1163 2643 1198 2683 ea
1211 2626 1306 2683 dicere
1318 2631 1574 2699 quasequantur:
1593 2629 1799 2700 lttpeperimas,

101 2713 240 2770 Hebraico
255 2713 362 2769 dicitur
376 2730 446 2769 sven
455 2714 537 2802 (qiu),
553 2718 581 2769 et
594 2714 784 2786 Septuaginta
791 2718 820 2770 et
829 2713 922 2770 Theo·
978 2717 1108 2787 spiritum
1121 2716 1218 2772 scutatis
1231 2719 1290 2773 tuse
1301 2716 1339 2787 (b)
1352 2717 1485 2787 faciemus
1512 2731 1600 2786 snper
1624 2721 1743 2773 terram
1756 2716 1797 2773 Si·

101 2802 179 2858 dotio
194 2802 375 2873 interpretati
392 2808 462 2858 sunt
477 2799 740 2876 tluSymmachm
769 2806 798 2858 et
820 2803 924 2875 quinte
978 2803 1591 2876 mulqnemconsideraquodperlcctm
1615 2804 1797 2862 astutissima

101 2889 188 2946 editio
198 2889 738 2964 transtuleroautumnitatem:Aquila
754 2887 921 2968 ἀνωφελοῦς,
977 2908 1075 2949 secare
1084 2910 1140 2950 non
1154 2895 1268 2966 possint
1280 2911 1286 2959 ;
1299 2894 1350 2949 sed
1362 2894 1473 2966 eosqui
1485 2892 1620 2948 adbuoin
1630 2897 1716 2950 utero
1725 2896 1797 2965 sant

101 2977 130 3032 id
145 2982 199 3049 eat,
215 2979 352 3044 inutilem,
369 2983 400 3034 ut
414 2980 580 3035 ostenderet
592 2995 666 3034 vana
677 2979 821 3035 idolorum
840 2980 921 3035 auxi·
976 2981 1021 3037 vel
1036 2982 1087 3054 qui
1104 2981 1229 3038 solidum
1246 2982 1342 3038 cibum
1354 2997 1457 3054 capere
1472 2987 1635 3054 nequeunt,
1666 2987 1698 3038 et
1710 2981 1798 3039 adbuc

100 3064 217 3132 lienum
231 3067 356 3138 populus
367 3067 513 3133 Damasei,
529 3068 646 3139 Assyrio
668 3068 809 3136 veniente,
826 3069 921 3140 capie·
978 3071 1052 3125 laete
1064 3069 1378 3124 nutriunturiniantiae.
1391 3070 1456 3124 lstce
1466 3067 1799 3141 antempragnantcsde

100 3159 148 3210 tur
162 3155 371 3228 (Almopiatur).
390 3155 526 3228 Legimus
539 3156 617 3211 enim
630 3156 707 3228 quod
724 3154 920 3230 'l'beglntplia-
936 3134 957 3201 C
978 3158 1085 3214 Gatcad
1095 3156 1797 3228 sunt,quodinterpretaturtranstatiomivetraot·

100 3244 392 3314 lasarrexassyrius,
409 3244 561 3300 interiecto
578 3244 666 3299 Rasin
695 3246 920 3315 regollamasci,
976 3249 1105 3318 nsc'qrutio
1119 3247 1281 3302 testimonii.
1297 3245 1493 3318 Migraverunt
1507 3244 1588 3301 enim
1616 3246 1656 3302 de
1676 3244 1799 3303 Ecclesia

100 3331 136 3388 de
153 3348 210 3404 quo
226 3337 254 3388 et
270 3332 361 3387 isaias
376 3331 516 3404 loquitur,
533 3348 648 3387 omnam
666 3332 755 3405 Syriae
767 3332 920 3405 populum,
977 3335 1006 3389 in
1018 3335 1194 3399 heresim,et
1209 3334 1377 3390 testimonia
1389 3334 1435 3388 [tei
1447 3333 1604 3406 quoprius
1617 3337 1795 3407 acceperant,

100 3420 150 3494 qui
167 3419 372 3493 appellabatur
386 3426 484 3491 Aram,
501 3419 531 3475 in
546 3420 685 3493 Cyrenem
698 3422 922 3490 transtuleril,et
976 3424 1012 3479 ad
1028 3423 1138 3479 alienos
1152 3422 1294 3478 terminos
1308 3422 1532 3478 transtulerunt.
1548 3422 1606 3479 Sed
1634 3424 1731 3480 mittet
1743 3422 1793 3479 Do-

99 3509 699 3581 obhanocausamessenuncdietnm(lll
713 3512 776 3581 lieu.
795 3511 848 3578 16).
976 3511 1075 3567 minos
1089 3512 1185 3583 ignem
1201 3511 1231 3566 in
1247 3512 1367 3567 domum
1384 3510 1479 3579 azael,
1505 3527 1597 3582 quem
1626 3510 1795 3584 ipeivocant

134 3598 226 3672 (Vere.
242 3598 373 3667 blm
401 3599 543 3655 Temenitem
570 3602 706 3669 sceptrum
732 3599 765 3654 de
783 3600 920 3656 domnoc-
974 3585 1276 3673 incommutatus,
1292 3601 1424 3656 visionem
1439 3600 1624 3672 Dei:ignsm
1654 3599 1703 3673 qni
1718 3598 1792 3671 ligus

99 3688 210 3760 luptatis
220 3686 269 3759 (a),
285 3690 313 3741 ct
327 3688 511 3757 transferetur
540 3689 658 3760 populus
678 3687 768 3759 Syria
784 3690 919 3760 Cyrenen,
976 3688 1005 3743 in
1017 3688 1058 3743 eis
1069 3687 1267 3760 stipulamque
1278 3692 1472 3755 consummet
1482 3687 1602 3744 devoret
1613 3688 1795 3745 fundamenta

98 3777 164 3833 dicit
180 3777 322 3832 Dominus.
340 3775 429 3831 LXX:
443 3776 476 3831 Et
507 3777 649 3832 concidam
676 3778 824 3835 tribumee
852 3781 921 3835 uiris
976 3774 1796 3849 tiliiAdenllebemnsenimetjuxtaSeptuagintadiocrc,

98 3863 264 3931 discernuat
278 3868 401 3935 captiuus
416 3865 533 3921 ducetur
544 3866 662 3938 populus
689 3867 780 3936 Syrie
794 3868 921 3924 nomina·
975 3881 1011 3921 ae
1022 3882 1071 3921 eos
1084 3866 1193 3920 frustra
1205 3866 1392 3937 proposuisse
1400 3865 1550 3922 videamur
1559 3881 1566 3920 τ
1576 3864 1656 3922 Ades·
1666 3866 1801 3938 interpre-

97 3961 150 4024 tus,
166 3953 234 4009 dicit
249 3954 390 4009 bossinus.
409 3952 444 4008 Ut
459 3954 664 4021 subaudiatur,
679 3958 819 4011 cossuram
829 3961 855 4012 et
866 3958 921 4013 rtis·
974 3950 1310 4029 tatnrebnpscsln,qoem
1323 3971 1376 4010 nos
1387 3954 1509 4010 decorem
1520 3970 1689 4026 possumus
1700 3952 1796 4012 dicam:

93 4040 218 4112 perdam,
234 4045 263 4095 et
277 4041 403 4113 populus
418 4041 508 4112 Syrien
523 4042 552 4096 in
568 4042 641 4097 fines
662 4043 775 4116 AEgypti
799 4044 920 4102 ultimos
974 4059 1008 4099 eo
1021 4043 1097 4115 quod
1107 4043 1203 4098 omnis
1214 4058 1310 4098 sermo
1320 4042 1522 4098 hereticorum
1534 4043 1706 4100 concinnus
1720 4046 1798 4116 amus

99 4128 300 4185 transferetur.
317 4130 458 4199 Quodque
472 4129 502 4184 in
519 4130 662 4204 principio
687 4132 811 4189 dicitur:
834 4133 921 4206 Super
975 4132 1167 4203 compositus,
1185 4131 1338 4187 athabeos
1355 4129 1608 4204 pulchritudinem
1631 4131 1798 4205 eloquentie

98 4215 185 4271 tritus
199 4216 345 4272 sceleribus
358 4217 495 4283 Damasci,
512 4221 538 4273 et
551 4234 635 4291 snper
649 4224 774 4291 quatuor,
791 4240 848 4277 non
864 4222 918 4294 (Al.
975 4219 1134 4287 secularis,
1146 4219 1261 4275 facilins
1273 4219 1399 4292 decipiat
1409 4220 1575 4275 audientes.
1587 4219 1698 4278 Vectes
1709 4223 1797 4278 aulam

96 4305 198 4379 nonne)
213 4313 368 4361 conuectum
381 4320 454 4371 enm,
473 4309 502 4361 et
530 4308 693 4364 secundum
720 4310 919 4384 Septuaginta,
975 4309 1206 4380 Damasei,qnasi
1218 4326 1288 4364 serm
1301 4307 1512 4365 robustissime
1523 4315 1615 4381 atque
1627 4308 1797 4367 firmissima

95 4409 150 4450 non
167 4393 222 4466 (ΑΙ.
238 4394 340 4463 nonne)
353 4395 498 4450 aversabor
512 4412 586 4464 eum,
600 4395 628 4451 id
643 4402 698 4464 est,
721 4399 851 4455 Damasci
867 4416 919 4472 po·
975 4397 1230 4470 (cluentissimus),
1246 4397 1275 4452 hi
1291 4395 1503 4470 intelligantur,
1514 4396 1567 4468 qui
1584 4396 1727 4454 instructi
1736 4398 1798 4453 aaut

96 4484 210 4556 pulum,
227 4484 400 4546 suestram,
429 4482 530 4541 idest.
560 4490 675 4558 Syrum,
702 4486 779 4542 hunc
799 4485 1236 4562 sensamflartedialecticaet
1249 4485 1431 4558 argumentis
1441 4483 1706 4557 philosophorum.
1720 4482 1798 4542 vati

91 4573 178 4644 juxta
188 4572 340 4629 historiam
353 4571 459 4627 babere
470 4577 566 4644 potest
577 4591 583 4629 :
594 4572 624 4629 Si
636 4572 725 4630 semel
736 4592 834 4631 meum
844 4580 921 4633 esset
974 4574 1068 4648 gratia
1080 4591 1086 4628 z
1103 4573 1216 4629 Ostium
1231 4573 1412 4645 vocatur,qui
1429 4571 1536 4629 lalsum
1548 4573 1663 4646 dogma
1676 4571 1798 4647 concepit

95 4661 918 4734 populnmpersecntus‚antseeundo,daremveniam:
974 4668 1003 4720 et
1017 4662 1137 4736 peperit,
1155 4662 1286 4718 alarius
1299 4662 1330 4717 in
1345 4661 1537 4718 Alexandria:
1567 4667 1673 4720 vectes
1702 4662 1798 4737 ejusd

94 4766 172 4806 nune
186 4767 254 4807 vero
267 4767 336 4806 cnm
351 4748 436 4805 tertio
459 4756 487 4805 et
513 4757 616 4823 quarto
643 4752 919 4820 crudelisextiterit,
974 4752 1152 4807 firmissimas
1168 4752 1323 4821 seraejus,
1336 4751 1369 4824 (c)
1385 4749 1515 4806 Eutioius
1531 4746 1798 4823 atlluaomins,qni

97 4843 129 4895 ut
143 4840 287 4912 captivam
299 4837 518 4896 multitudinem
531 4839 672 4913 plaustris
684 4840 783 4897 terreis
795 4845 917 4899 tereret:
974 4838 1561 4914 syllogismisetenthymematibus,immo
1569 4839 1797 4913 sophismatibus

96 4945 193 4985 nonne
204 4929 295 4985 debeo
306 4947 373 4987 eum
387 4928 480 5003 plagis
497 4929 665 5001 corripere?
681 4946 777 4987 nonne
792 4930 919 4987 clemen·
974 4933 1002 4984 et
1016 4927 1223 5000 pseudomenis
1239 4932 1327 5001 atquo
1341 4927 1518 5000 seriusque
1529 4928 1568 4983 ab
1583 4928 1658 4987 aliis
1673 4929 1748 4986 male
1758 4928 1796 4984 in·

131 5087 919 5215 qo)Pariconsensntresmss.addunt,atquelncnrim.
974 5102 1121 5159 quaquam
1136 5085 1166 5140 id
1181 5085 1302 5158 reperiri
1331 5091 1561 5143 consentaneum
1590 5086 1792 5146 Ecclesiastico

96 5161 128 5216 ln
139 5162 176 5215 'ra
188 5161 310 5233 ultimos,
327 5179 379 5234 pro
394 5163 518 5226 ultimus,
542 5159 739 5232 restituimus,
754 5161 919 5234 levioraque
974 5158 1118 5214 Historia.
1135 5156 1242 5212 Notum
1258 5159 1431 5224 econtrario,
1448 5157 1565 5213 Aetium
1577 5157 1794 5217 martaniam

96 5231 153 5288 alia
167 5248 201 5287 ex
216 5231 322 5288 iisdem
339 5250 412 5289 mss.
429 5232 620 5305 castigamus.
975 5229 1108 5296 cessisse,
1124 5228 1202 5300 qaod
1217 5227 1260 5283 illi
1278 5228 1386 5284 Filium
1403 5228 1479 5285 Patri
1496 5245 1550 5301 per
1564 5230 1791 5288 omniasimilaa

144 5302 170 5375 b)
185 5301 341 5375 Victorius,
365 5321 425 5360 cern
438 5306 556 5374 [emmas
571 5317 654 5374 snper
668 5311 781 5358 terram.
975 5306 1080 5356 natura
1090 5299 1240 5354 dicerent:
1259 5299 1306 5354 hic
1320 5316 1388 5355 cum
1403 5301 1498 5373 ipsam
1509 5299 1562 5356 Dei
1579 5307 1731 5374 naturam,
1744 5299 1791 5356 un

130 5305 166 5445 sc)
181 5372 335 5447 Vulgatam
345 5322 506 5432 bettonem
524 5376 750 5445 Eutieius,quam
763 5372 843 5430 nullo
854 5375 916 5430 sni·
975 5372 1132 5429 essentiam
1142 5370 1171 5425 in
1183 5386 1216 5425 eo
1227 5373 1426 5444 constitueret,
1443 5371 1521 5444 quod
1534 5371 1789 5445 &mmmmmdc-

98 5442 230 5516 fragante
246 5462 301 5502 ms.
319 5447 505 5504 Martianaens
520 5446 549 5501 in
566 5445 657 5500 tetius
677 5448 849 5514 mutaverat,
866 5462 920 5502 nos
974 5442 1141 5514 penitussit,
1160 5442 1418 5514 l‘ilium,quiasit
1449 5443 1581 5516 genitus,
1620 5443 1787 5503 dissimilis·

97 5515 290 5572 restituimus.
309 5517 409 5591 Neque
422 5535 489 5575 voro
504 5516 576 5574 illud
592 5521 638 5574 est
651 5516 780 5574 bominis
801 5517 919 5594 eruditi,
975 5518 1058 5573 Patre
1071 5518 1181 5570 natura
1192 5529 1256 5571 esse
1267 5513 1376 5572 intulit.
1388 5513 1498 5572 Exinde
1508 5515 1788 5577 Ancmsornmnca

100 5585 177 5665 qaod
191 5584 339 5663 opinatur,
356 5588 382 5648 si
396 5590 538 5652 ficticium
552 5587 689 5667 retineas,
706 5604 758 5667 pro
768 5587 852 5666 Zetis,
869 5605 919 5655 ae·
974 5584 1093 5679 heresis
1107 5587 1217 5657 exorta
1233 5585 1318 5666 eujus
1329 5587 1392 5648 dua
1404 5584 1489 5666 quael
1502 5589 1605 5665 seem,
1635 5578 1788 5666 norumqal
