3840 6098
54 245 116 309 700
276 236 524 309 manentum
545 237 797 305 noululleen
820 229 1003 300 antennis
1027 235 1067 298 lli
1089 226 1353 300 nunterston}
1376 232 1474 300 ΗΟΜ.
1495 237 1535 301 ll.
1696 239 1757 302 'llo

55 348 107 436 sed
119 376 156 435 do
167 375 251 434 eorde
263 391 322 434 suo.
336 377 371 433 b't
381 373 566 449 prophetabis,
580 373 687 429 udices
701 371 735 427 nd
745 387 788 425 eos
800 386 806 423 :
824 370 878 424 rtu-
894 373 921 438 Α
935 371 1029 425 simus
1044 370 1132 424 otiam
1148 387 1191 435 ea,
1216 385 1280 440 quoe
1295 370 1442 424 contraria
1457 346 1537 436 sunit,
1560 371 1755 430 coiisiderare.

54 469 110 526 dtte
122 467 237 525 uerbum
247 467 365 523 Domini.
377 465 442 521 Hac
453 465 489 519 ad
503 479 560 531 me,
576 461 637 518 hac
648 463 682 517 ad
695 478 762 516 cum
777 459 880 514 dicuu-
935 458 1090 531 Apostolus
1104 457 1254 529 loquitur:
1277 459 1363 514 drabe
1377 461 1487 530 spiritu,
1509 464 1591 517 orabo
1615 472 1641 519 et
1664 481 1755 520 anun.

55 561 114 625 tur,
139 555 193 629 qui
217 555 365 611 doctorem
381 569 412 609 se
427 569 491 608 esse
506 551 660 624 premittit,
682 552 715 605 ut
727 549 816 603 timor
830 546 881 602 Dei
936 548 989 613 Oui
1013 564 1118 603 sensus
1134 547 1163 601 in
1179 547 1265 602 corde
1287 546 1374 602 habet
1398 547 1616 607 habitaculum:
1634 554 1759 609 Psallam

55 645 150 716 major
165 641 278 700 oriatur
293 641 323 696 in
339 640 435 711 nobis,
460 656 496 695 ne
515 637 713 711 periclitemur
728 635 812 708 quasi
827 634 882 691 sub
935 638 1049 708 spiritu,
1063 635 1181 707 psaltem
1195 651 1278 690 sensu
1292 636 1313 708 (l
1331 635 1391 692 Cor.
1407 638 1475 709 xrv).
1493 638 1584 710 Igitur
1598 641 1759 712 etspiritus

56 730 270 790 commentario
285 729 394 801 scripte
409 745 466 784 non
477 728 512 784 ab
523 727 705 793 hominibus,
717 726 767 782 sed
778 724 813 780 ub
825 726 882 778 en·
936 729 981 781 est
992 729 1020 778 ct
1029 740 1135 779 sensus
1145 723 1174 778 in
1186 723 1280 779 nobis.
1293 725 1327 778 llt
1335 727 1482 796 quomodo
1493 733 1613 784 sauctus
1624 734 1687 785 orat
1699 731 1758 802 spi·

56 822 129 896 galis
144 820 210 888 Dei,
226 819 268 875 sio
283 819 412 890 prolerre
423 833 597 873 sermonem.
615 815 685 871 Novi
695 814 801 885 quippe
813 812 884 885 quia
937 814 1007 878 ritu,
1022 816 1086 868 orat
1096 817 1124 867 et
1135 829 1221 866 sensu
1236 831 1241 867 :
1260 812 1359 884 psallit
1369 815 1484 886 spiritu,
1496 817 1596 887 psallit
1605 825 1633 874 et
1648 837 1756 876 sensu:

55 927 122 968 cum
134 907 286 982 injudicio
300 906 350 962 ille
365 906 435 962 ordo
446 905 619 976 consederit,
634 904 671 959 de
685 920 743 976 quo
759 901 883 974 prophe·
938 903 981 957 sic
995 902 1050 956 iste
1065 901 1115 973 qui
1130 907 1175 957 est
1190 900 1281 957 lalsua
1296 903 1452 974 prophetes
1475 905 1512 959 de
1535 908 1621 962 eorde
1642 909 1760 981 proprio

57 999 129 1056 tavit
137 996 242 1055 Daniel
252 997 333 1068 (Dan.
345 996 397 1066 vu)
410 1012 416 1050 :
434 998 462 1051 et
473 993 540 1049 libri
551 993 660 1049 luerint
669 992 772 1064 aperti,
782 1007 885 1047 omnes
937 991 1102 1064 prophetat,
1126 994 1155 1044 et
1169 990 1302 1046 ambulat
1316 1008 1373 1047 non
1389 998 1456 1064 post
1470 994 1607 1066 spiritum
1624 998 1682 1066 Dei,
1708 999 1760 1060 sed

56 1087 114 1144 mai
129 1090 266 1152 mustus,
282 1100 385 1140 omnes
400 1098 471 1138 mea
490 1082 687 1154 expositiones
702 1080 886 1153 proferentur
939 1085 1006 1152 poet
1014 1079 1149 1150 spiritum
1162 1095 1259 1134 suum.
1272 1080 1323 1135 Est
1333 1081 1569 1153 quippequidam
1578 1085 1700 1156 spiritus
1710 1086 1762 1142 he·

57 1179 85 1233 in
95 1175 244 1243 medium,
258 1173 319 1230 aive
328 1170 620 1244 injustificationem‚
636 1170 696 1227 sive
708 1171 737 1225 in
747 1168 885 1225 condem·
940 1167 1039 1236 minis,
1053 1166 1103 1238 qui
1114 1171 1246 1222 versatur
1257 1167 1285 1221 in
1297 1184 1341 1236 eo,
1354 1174 1418 1238 post
1430 1185 1517 1241 quem
1531 1172 1633 1243 procul
1644 1171 1721 1229 absit
1731 1177 1764 1229 ut

57 1265 209 1324 nationem
234 1279 342 1319 meam.
368 1261 400 1317 ln
420 1260 663 1331 justificationem
678 1258 796 1331 quidem
812 1255 886 1312 mibi
939 1273 992 1329 ego
1004 1254 1232 1323 ambulem;sed
1245 1256 1410 1329 intelligens
1422 1261 1763 1333 sanctumSpiritanei

57 1349 477 1426 eruntqnaebenedictasunt:
487 1347 885 1421 incondemnaticnemvero,
940 1349 1006 1416 post
1020 1344 1177 1400 Dominum
1188 1345 1287 1400 lesum
1301 1362 1399 1401 meum
1410 1348 1569 1405 ambulem.
1588 1352 1687 1424 ltaque
1699 1369 1765 1425 pro·

57 1459 90 1500 ea
112 1459 181 1515 quas
204 1456 292 1498 secus
317 1455 406 1511 quum
429 1437 536 1494 veritas
558 1436 653 1509 poscit
666 1435 829 1508 explanata.
844 1435 887 1489 Ex
940 1433 1043 1506 phele,
1067 1433 1117 1504 qui
1132 1433 1307 1506 prophetant
1321 1435 1357 1490 ds
1372 1436 1467 1503 corde,
1488 1443 1516 1492 et
1530 1439 1684 1497 ambulant
1698 1444 1765 1513 post
1834 1500 1837 1505 .

57 1529 242 1596 ternionibus,
253 1527 360 1601 inquit,
373 1528 428 1582 tuis
438 1526 666 1597 iustificaberiset
676 1524 887 1581 exsermonitus
941 1522 1076 1595 spiritum
1092 1539 1150 1578 non
1166 1527 1227 1578 tam
1245 1523 1303 1594 liei,
1319 1541 1407 1597 qnam
1423 1541 1521 1594 suum,
1537 1529 1669 1595 omnine,
1684 1532 1762 1602 quod

58 1621 113 1676 tuis
126 1617 360 1676 condemnaberis
384 1614 489 1684 (llottln
505 1616 575 1687 x11):
593 1614 678 1686 quasi
694 1612 813 1669 habenti
828 1628 886 1668 non
941 1611 1038 1667 Graece
1057 1610 1164 1666 dicitur
1168 1653 1233 1667 ......
1259 1630 1317 1668 non
1340 1613 1451 1682 vident,
1475 1622 1504 1672 et
1517 1622 1562 1672 est
1576 1619 1716 1692 ambigna
1730 1638 1765 1678 ex

60 1702 165 1763 omnes
191 1720 351 1773 sermones,
376 1704 411 1759 de
426 1703 533 1776 quibus
543 1702 768 1774 justificaretur,
793 1716 888 1772 neque
902 1746 926 1810 B
941 1716 1076 1756 sermone
1090 1701 1244 1755 sententia.
1260 1700 1324 1756 Sive
1334 1702 1412 1759 enim
1426 1719 1469 1774 en,
1484 1722 1547 1776 qua
1560 1714 1629 1763 suut
1644 1726 1764 1781 genera-

61 1811 184 1852 rursum
193 1809 462 1861 omnessermones,
471 1793 507 1848 de
517 1792 885 1864 quibuscondemnaretnr.
942 1787 1050 1844 lia......
1063 1788 1157 1857 idest,
1168 1790 1316 1861 generalia
1327 1792 1504 1862 nonnident,
1516 1793 1584 1850 licet
1593 1799 1718 1867 quadam
1730 1815 1765 1855 ex

61 1885 89 1941 Si
105 1882 217 1956 aliquis
232 1899 249 1940 a
263 1881 449 1938 sermonibus
463 1897 556 1952 purus
566 1885 610 1936 est
621 1879 734 1950 alienis,
745 1882 774 1935 et
784 1878 826 1934 eis
837 1877 888 1949 qui
943 1881 1024 1950 parte
1039 1876 1229 1949 conspiciant,
1246 1879 1306 1934 sive
1318 1879 1407 1952 (quod
1422 1898 1474 1953 ego
1489 1883 1595 1940 melius
1610 1888 1683 1958 reor)
1700 1905 1766 1943 om-

61 1973 176 2047 possint
191 1970 375 2044 reprehendi,
392 1986 425 2026 ex
441 1969 627 2026 sermonibus
641 1967 889 2039 suisjustilrcabi·
943 1967 1013 2022 nino
1028 1983 1086 2021 non
1101 1965 1284 2032 vident,lioet
1298 1968 1353 2023 sibi
1368 1986 1403 2025 ex
1413 1975 1494 2042 parte
1509 1974 1636 2043 quadam
1648 1975 1766 2031 videan-

62 2065 224 2131 tnr,etncn
233 2059 487 2116 condemnabitur.
495 2057 526 2113 Si
534 2061 631 2113 antem
641 2073 803 2128 numquam
814 2060 889 2111 recte
942 2058 991 2110 tur
1005 2054 1112 2110 videre.
1127 2054 1184 2109 Alii
1200 2056 1308 2129 quippe
1324 2057 1353 2112 iu
1370 2057 1454 2114 nobis
1464 2059 1541 2116 oculi
1552 2066 1623 2118 sunt
1632 2063 1768 2120 meliores

63 2151 179 2208 loeutus
191 2155 246 2216 eat,
261 2149 314 2205 sed
326 2165 441 2221 semper
451 2147 573 2220 protulit
581 2163 681 2218 prava,
697 2163 732 2201 ex
745 2144 889 2202 sermoni·
944 2143 1000 2211 his,
1017 2159 1090 2215 quos
1103 2142 1248 2200 hebernus
1263 2145 1293 2200 in
1306 2163 1435 2218 corpore.
1452 2148 1506 2212 Qui
1517 2150 1593 2206 oculi
1604 2156 1655 2208 aut
1666 2153 1768 2210 lesum

63 2234 889 2306 bussuiscondemnabitur,etnonJustifieabitur.Verum
944 2232 1101 2289 Dominum
1116 2232 1223 2300 vident,
1241 2234 1290 2305 qui
1306 2252 1356 2290 eos
1370 2237 1406 2293 ad
1422 2254 1453 2294 se
1464 2238 1637 2297 intuendum
1649 2244 1767 2314 creavit,

62 2328 134 2400 quia
149 2343 213 2399 noa
238 2326 288 2399 qui
311 2343 369 2382 non
384 2341 489 2381 sumus
504 2324 633 2381 exomni
652 2329 735 2396 purte
759 2322 888 2396 persenti,
944 2327 995 2377 ant
1005 2327 1081 2377 certe
1091 2321 1156 2376 caci
1168 2327 1246 2378 sunt.
1259 2323 1289 2379 Si
1301 2331 1434 2396 peccatur
1444 2343 1521 2394 sum,
1531 2328 1602 2385 nihil
1613 2331 1706 2397 video,
1716 2349 1768 2388 nec

63 2432 159 2489 neque
168 2414 213 2472 sic
222 2414 351 2472 dicimus
361 2418 394 2471 ut
405 2430 521 2486 semper
527 2413 737 2485 justificemur,
745 2429 839 2485 neque
850 2413 891 2467 sic
944 2427 1066 2482 possum
1075 2411 1205 2466 veritatis
1215 2411 1314 2467 lumen
1326 2413 1500 2485 aspicereln
1508 2417 1648 2487 judicium
1657 2421 1768 2491 quippe,
1791 2402 1794 2407 ’

61 2505 228 2563 econtrario
239 2521 344 2560 sumus
354 2507 531 2576 peccatores,
547 2506 581 2558 ut
591 2517 706 2575 semper
715 2502 890 2557 condemna·
945 2501 995 2567 ait,
1012 2501 1087 2555 001
1097 2501 1135 2555 ‚in
1150 2500 1284 2556 mundum
1296 2504 1380 2557 utum
1394 2506 1466 2568 cent,
1482 2511 1580 2561 utnon
1591 2507 1713 2564 videntes
1727 2511 1769 2564 oi·

55 2609 141 2662 -mnr,
152 2597 183 2649 et
193 2592 337 2649 habemus
352 2591 409 2648 alia
422 2590 511 2647 verba
520 2607 555 2646 ex
564 2591 672 2662 quibus
683 2588 891 2661 justificemur,
944 2588 1069 2656 decutet
1078 2589 1196 2644 uidentes
1206 2591 1272 2646 esaei
1281 2591 1443 2662 fiuntlloun.
1454 2593 1542 2665 rx).Si
1552 2598 1768 2668 autemjustus‚

60 2685 91 2739 et
104 2682 166 2740 alic
180 2681 338 2754 exquibus
354 2681 602 2737 condemnemur:
626 2679 705 2735 Deus
726 2694 814 2750 super
832 2681 891 2734 sta-
946 2677 1056 2748 accipio
1062 2678 1322 2749 gratiamalteo,et
1330 2680 1365 2736 de
1375 2684 1768 2754 mequcqusdicituroidens.

61 2777 157 2829 teram
174 2787 261 2828 auam
276 2776 402 2843 utraque
421 2786 543 2841 ponens,
569 2768 705 2842 expendit
727 2767 892 2840 diligenter,
946 2765 1095 2838 Prophetes
1106 2766 1184 2822 enim
1195 2769 1374 2824 vocabantur
1383 2774 1450 2826 ante
1460 2771 1657 2829 videntesbt:
1668 2776 1770 2842 Quini·

59 2856 895 2934 atjndicatinquibusjustussim,etinquibnsscrmuni·
946 2855 1001 2922 dos,
1013 2854 1063 2925 ait,
1077 2855 1153 2921 uode,
1169 2856 1298 2913 mornado
1314 2858 1343 2914 in
1358 2861 1549 2933 beornmodo,
1564 2865 1589 2917 et
1600 2862 1641 2919 ibi
1654 2880 1771 2919 mmmc-

60 2949 121 3007 bus
130 2948 387 3006 condemnandus.
403 2947 486 3012 Quod
502 2951 599 3003 summ
612 2946 642 3002 in
654 2945 839 3003 sermonibus
850 2945 892 2999 la·
947 2960 1019 3014 rure,
1041 2950 1068 3000 et
1083 2944 1123 3000 iti
1134 2945 1320 3016 prophetetis.
1346 2950 1376 3003 ln
1393 2949 1485 3006 beldet
1510 2955 1611 3023 eutem,
1632 2955 1694 3023 jum
1715 2969 1772 3009 non

59 3039 116 3111 cit,
131 3037 189 3095 hoe
199 3037 277 3094 idem
291 3037 397 3094 taeitst
408 3036 438 3092 in
454 3035 555 3110 gestis.
571 3035 694 3092 Necesse
703 3040 749 3091 eat
758 3035 848 3103 enim,
861 3037 895 3089 ut
947 3033 1063 3105 adjicies
1070 3042 1102 3089 nt
1108 3034 1348 3107 proptetesllmos
1357 3042 1417 3106 vu).
1430 3039 1465 3094 Et
1475 3057 1593 3095 rursum
1606 3040 1690 3096 alibi:
1703 3043 1772 3098 Visis

59 3128 126 3185 sint
135 3126 196 3184 alia
207 3127 283 3182 lacta
295 3126 324 3182 in
336 3125 659 3199 quibusjustifieemur,
671 3128 700 3181 et
710 3124 767 3181 elia
780 3124 808 3179 in
825 3123 889 3195 qui·
905 3113 926 3179 C
946 3138 1029 3193 quom
1039 3121 1107 3178 vidit
1117 3125 1204 3179 lanies
1213 3125 1288 3193 fitius
1298 3127 1377 3182 Amos
1388 3127 1463 3200 (lsai.
1473 3129 1504 3200 1).
1517 3129 1623 3186 Beatus
1637 3131 1685 3185 cui
1696 3146 1774 3187 reve-

58 3215 374 3274 bnseondemnemur.
391 3214 490 3289 Neque
505 3213 583 3270 enim
599 3214 641 3270 sic
652 3214 797 3286 perlectus
815 3229 893 3284 sum,
946 3210 1019 3267 labit
1034 3211 1177 3268 Dominus
1192 3213 1292 3270 oculos
1308 3216 1343 3270 ad
1359 3217 1484 3273 videnda
1499 3218 1647 3276 mirabilia
1660 3221 1696 3276 de
1709 3220 1772 3292 lega

59 3311 98 3363 nt
111 3304 215 3362 omnia
229 3304 307 3360 iacta
320 3302 458 3370 habeam,
472 3301 622 3375 inquibus
634 3304 736 3374 justus
751 3303 892 3358 existam:
947 3299 1008 3367 Dei,
1019 3301 1104 3371 juxta
1114 3302 1345 3359 obsecrationem
1357 3305 1503 3377 propheta
1513 3308 1656 3363 dicentis:
1673 3310 1774 3365 lteoelo

60 3409 162 3468 neque
174 3392 219 3449 sie
229 3396 372 3465 peccator,
388 3395 422 3447 ut
432 3391 503 3447 talia
513 3395 618 3447 cuncta
629 3391 759 3462 lacerim,
770 3408 834 3463 qua
848 3405 894 3445 ma
947 3390 1037 3445 ocutos
1051 3406 1134 3455 meos,
1149 3399 1175 3445 et
1188 3392 1361 3448 eomidernto
1375 3394 1519 3451 rnirubitiu
1532 3396 1564 3452 de
1578 3397 1637 3466 teqe
1652 3406 1701 3452 tuo
1715 3397 1772 3468 (Pa.

62 3481 149 3539 omni
159 3498 197 3539 ex
206 3486 291 3554 parte
301 3481 506 3539 condemnent.
519 3480 589 3536 nese
601 3487 699 3539 autem
712 3484 741 3535 ct
752 3479 809 3536 alia
819 3480 895 3536 laeta
948 3478 1056 3548 uxum).
1082 3478 1241 3535 Videamus
1255 3487 1352 3536 autem
1369 3488 1398 3537 et
1412 3483 1503 3539 alium
1524 3501 1701 3556 sermonem,
1721 3502 1774 3557 per

61 3570 248 3640 istiusmodi,
259 3570 337 3626 000
347 3573 376 3625 et
385 3568 443 3626 alia
454 3570 634 3640 istiusmodi,
644 3586 679 3626 ex
689 3569 743 3626 hec
756 3569 895 3625 maniles·
949 3582 1035 3638 quem
1043 3567 1416 3640 pseudoprophetae,etlalsi
1424 3572 1557 3644 magistri
1563 3574 1773 3645 corripiuntur,

64 3665 133 3717 tum
143 3665 190 3716 est
201 3659 280 3732 quod
294 3659 419 3720 dicitur:
435 3659 621 3730 Quorumdam
637 3658 779 3715 bornicum
786 3661 897 3730 peccate
949 3671 1035 3726 aquo
1046 3672 1144 3726 quaeso
1155 3657 1356 3721 ut,orantibus
1366 3659 1458 3728 vobis,
1466 3677 1518 3732 ego
1529 3677 1621 3732 purus
1632 3660 1773 3718 inveniar.

65 3750 221 3821 manifeste
230 3751 305 3819 sunt,
313 3748 499 3820 precedentis
509 3748 704 3821 adjudicium:
715 3747 897 3820 quorumdum
949 3746 1017 3810 Qua
1030 3749 1075 3799 est
1088 3760 1157 3816 ergo
1172 3745 1263 3816 igitur
1275 3748 1315 3818 [F.
1326 3746 1394 3818 ista]
1407 3749 1577 3821 correptio?
1592 3750 1668 3806 Sicut
1682 3752 1775 3823 uulpes

65 3846 166 3893 nuum
179 3840 204 3893 et
216 3837 418 3910 submquuntur
431 3839 519 3909 (boon.
540 3839 582 3910 ιι).
599 3837 741 3893 Similiter
755 3842 853 3892 autem
868 3839 898 3891 et
950 3833 1636 3912 indeserupropnctcontlsraetnnimalvulpes
1647 3856 1774 3911 nequam

68 3925 155 3982 bona
168 3925 242 3982 tacte
255 3926 409 3984 manifesta
424 3931 503 3998 sunt,
519 3930 548 3982 et
562 3942 626 3997 qua
642 3925 725 3982 aliter
740 3925 896 3995 habentur,
951 3926 1005 3992 est,
1029 3927 1190 3990 versutum,
1216 3922 1394 3981 indomabile
1409 3931 1462 3994 est,
1491 3928 1658 3986 lerumest.
1677 3930 1775 3999 lliorte,

60 4010 163 4071 latere
173 4031 230 4071 non
240 4020 374 4089 possunt.
392 4016 482 4088 AEqne
505 4014 541 4071 de
554 4014 761 4072 intellectibus.
778 4019 899 4086 Propter
951 4011 993 4067 ait
1013 4009 1153 4082 Salvator,
1180 4013 1256 4084 vulpi
1271 4015 1337 4069 isti:
1353 4017 1419 4071 Ecce
1431 4019 1587 4073 sanctiones
1599 4018 1714 4091 perficio
1727 4019 1776 4076 to·

68 4104 152 4178 quod
161 4103 276 4162 etintor
286 4121 317 4161 ss
327 4104 451 4161 invicem
463 4104 674 4177 cogitationum
684 4104 897 4176 accusantium,
952 4101 1006 4170 die,
1022 4108 1049 4156 et
1061 4117 1132 4168 eres,
1147 4104 1173 4158 ct
1187 4104 1270 4158 tertie
1283 4103 1328 4159 die
1343 4121 1487 4161 consumm
1501 4106 1608 4178 (boeot.
1624 4125 1694 4178 mu,
1711 4110 1775 4166 buc.

69 4192 540 4265 siremtialaeientinmjodicium
549 4194 898 4266 meexapactatdaomni·
952 4189 1203 4263 xi11).Hasvulpes
1213 4193 1392 4250 necessarias
1402 4193 1779 4255 habuitadversnmalieni·

70 4283 140 4355 bns,
155 4282 316 4355 qualemn,
335 4299 397 4355 qua
408 4281 549 4356 intelligo,
566 4299 629 4355 qna
641 4282 755 4354 loquor,
766 4281 899 4339 etincer·
953 4295 1043 4352 genas
1053 4281 1186 4348 Samson,
1201 4298 1327 4352 quarum
1342 4285 1444 4340 caudis
1459 4301 1525 4341 eum
1536 4286 1575 4358 (a)
1590 4287 1657 4358 igne
1672 4287 1778 4344 vinctis

70 4376 120 4429 tus
132 4370 283 4446 opperior,
299 4371 441 4444 quidnam
452 4370 524 4427 mihi
538 4369 628 4427 inille
639 4371 751 4443 judicic
768 4372 899 4428 futurum
953 4369 1110 4441 (trecentas
1122 4370 1201 4426 anim
1211 4372 1337 4443 ceperat)
1353 4373 1383 4428 in
1394 4373 1587 4445 perditionem
1597 4391 1646 4430 sas
1659 4374 1776 4447 frugum

73 4462 122 4518 sit.
149 4464 324 4534 Quantoque
338 4461 433 4534 magis
448 4462 537 4518 timor
550 4461 600 4517 Dei
617 4460 691 4517 mihi
706 4461 848 4518 incutitur
860 4463 897 4519 ad
916 4489 939 4554 D
955 4457 1210 4515 misithcstilium.
1223 4460 1393 4516 istiusmodi
1404 4466 1474 4517 sunt
1484 4461 1550 4518 lalsi
1561 4462 1706 4535 magistri,
1717 4478 1779 4518 ver·

72 4551 242 4624 recipienda
256 4554 363 4608 cuncta
377 4567 441 4623 quas
457 4550 522 4621 leci,
547 4554 627 4606 tauto
643 4550 738 4623 magis
753 4551 900 4608 custodire
955 4548 1024 4620 suti,
1042 4548 1174 4620 maligni,
1192 4551 1220 4605 et
1234 4549 1337 4605 bestiis
1352 4550 1471 4606 similes.
1490 4551 1520 4605 Si
1535 4550 1603 4606 talis
1619 4567 1697 4619 sum,
1713 4549 1778 4606 vul·

73 4640 221 4698 medebeo
234 4659 241 4698 :
255 4639 369 4697 utinam
380 4639 499 4713 quidem
511 4639 547 4696 ab
558 4638 843 4712 omnibuspeooatis,
854 4639 900 4696 sin
955 4654 1099 4710 pessum,
1115 4639 1164 4693 sed
1182 4655 1239 4693 nun
1255 4638 1428 4710 simpliciter
1437 4638 1548 4712 vulpes,
1565 4656 1664 4695 verum
1676 4638 1779 4711 uulpes

74 4734 175 4787 sutem
189 4729 245 4786 hoc
260 4746 318 4785 nen
333 4745 466 4802 possum,
482 4728 586 4787 saltem
601 4745 707 4802 queam
721 4747 738 4785 a
753 4728 899 4785 maximis.
955 4727 985 4782 in
1002 4726 1137 4796 desertis,
1153 4725 1255 4799 vulpes
1268 4727 1298 4782 in
1313 4727 1476 4799 parietinis,
1492 4728 1593 4800 vulpes
1603 4728 1632 4783 in
1644 4727 1778 4800 rupibus,

75 4818 185 4876 llecde
195 4835 240 4887 eo,
250 4819 327 4890 quod
339 4818 548 4891 proposuimus
558 4819 595 4875 de
604 4817 765 4890 prophetis,
774 4818 823 4890 qni
835 4835 900 4891 pro·
956 4814 1016 4871 heac
1026 4816 1104 4871 enim
1115 4815 1144 4870 in
1155 4815 1321 4888 diversisdo)
1333 4817 1469 4872 sensibus
1478 4816 1779 4873 continentur.Versi·

77 4907 199 4979 plectant
211 4908 249 4965 de
265 4908 352 4964 corde
366 4924 431 4979 suc,
447 4908 483 4962 ad
499 4923 573 4979 quea
589 4907 716 4963 dicitur:
736 4907 834 4963 Audite
847 4923 901 4964 ser·
956 4905 1047 4978 pelles
1062 4905 1110 4960 isti
1126 4909 1155 4960 et
1170 4922 1296 4977 nequam
1307 4921 1424 4977 semper
1433 4905 1462 4960 in
1474 4906 1608 4974 desertis,
1625 4906 1779 4977 semperiu

79 5011 184 5053 nonen
206 4997 328 5066 bomini,
354 4997 411 5053 buc
432 4996 498 5052 dicit
516 4995 625 5052 Adonei
642 4998 783 5062 beminen,
798 5014 838 5053 ote
853 4998 901 5052 iic·
927 4985 930 4990 ’
957 4993 1780 5071 solitudinibusmorantur.Ubicumqueenimenimaha·

83 5088 126 5154 qui
135 5086 300 5159 prophetent
313 5086 346 5142 de
358 5086 439 5142 cordo
452 5102 511 5155 suo,
528 5087 576 5158 qui
590 5086 734 5142 ambulent
746 5096 806 5158 post
817 5088 901 5158 spiri·
957 5085 1096 5140 bitatura
1113 5086 1179 5154 Deo,
1204 5089 1234 5139 et
1248 5084 1358 5156 Spiritu
1374 5090 1476 5140 sancto
1491 5084 1578 5157 plena
1592 5088 1646 5153 est,
1664 5085 1705 5140 ibi
1720 5102 1779 5142 non

87 5175 137 5230 tum
156 5193 248 5232 suum
273 5176 337 5233 Duo
351 5179 469 5247 peecata
491 5180 570 5244 sunt,
592 5192 684 5231 unum
700 5175 806 5247 cordia,
823 5174 901 5231 aliud
958 5178 1054 5246 potest
1077 5173 1280 5230 hereticorum
1302 5172 1436 5230 doctrina
1458 5178 1620 5246 penetrare,
1641 5190 1692 5230 nee
1705 5174 1782 5231 valet

89 5262 210 5334 spiritus.
222 5264 354 5322 Primum
363 5265 400 5320 de
411 5264 523 5322 meliori
535 5269 617 5338 perte
626 5263 789 5333 videamus,
797 5268 830 5320 ut
839 5280 904 5336 pos·
957 5279 1058 5320 sorum
1070 5280 1165 5320 sermo
1176 5278 1374 5336 perrumpere.
1382 5261 1435 5319 Ubi
1446 5267 1545 5319 autern
1554 5262 1781 5321 solitudotlhria-

118 5499 155 5571 (o)
168 5496 253 5576 Legit
266 5497 404 5560 Rabanus
418 5501 486 5576 sune
500 5517 551 5575 pro
566 5501 638 5575 ione.
655 5496 719 5558 Vid.
736 5498 804 5557 Jud.
817 5516 864 5570 xv,
876 5505 903 5558 t.
1006 5501 1032 5573 b)
1048 5500 1138 5569 Idem,
1154 5500 1183 5555 in
1197 5499 1313 5555 diuersis
1326 5497 1503 5555 editionibus
1516 5499 1690 5557 continndur
1699 5499 1782 5559 verri·

95 5581 143 5647 tuq.
958 5587 992 5647 pe
1005 5573 1051 5631 tes.
1069 5572 1229 5649 Versipetles
1243 5571 1301 5645 itti,
1316 5573 1371 5632 eto.
