3818 6104
61 265 117 332 let

375 266 750 334 connumeratorum
774 268 812 332 ΙΝ
835 264 1084 332 studuissent
1107 262 1181 327 uls.
1204 260 1242 337 V,
1259 264 1345 327 GAP.
1364 260 1458 327 xvlt.

1707 251 1770 332 nl

60 405 87 458 te
101 403 218 458 mnsam
228 414 372 473 mspnom,
387 409 414 458 et
425 403 669 475 smitpmpopinea
680 410 706 459 et
715 401 837 459 commit
846 416 890 458 ro·
903 403 931 469 Α
944 399 1023 456 rami
1035 399 1104 469 ejas,
1119 395 1308 453 obsideretur
1317 393 1436 467 quidem
1449 394 1558 453 habere
1567 411 1702 472 reguum,
1715 399 1767 456 ssd

58 505 117 548 aros
130 506 207 566 sees,
222 491 346 555 Quando
370 490 516 564 propheta
536 491 659 548 dicitur:
684 495 809 564 Propone
821 492 889 548 aeni·

59 595 132 652 psa,
148 595 239 636 norro
252 580 423 651 parabolem,
436 580 498 637 sive
513 583 546 635 ut
566 580 636 636 Lxx
655 579 888 636 transtulerunt:

59 684 144 725 nore
161 671 367 738 coemtionem,
384 671 466 725 etdic
476 670 647 741 parobolam,
664 669 829 725 ostenditur
839 669 889 724 ob·

59 773 181 815 merom
197 757 352 830 essequod
365 756 570 814 dicitur.Nulli
586 758 664 813 enim
675 756 809 828 dubium,
821 755 889 812 aui·

59 862 138 919 gma,
149 851 180 902 et
189 845 363 918 parabolam
371 845 453 902 mind
463 846 589 916 prolerre
602 846 632 900 in
644 845 753 913 verbis,
763 845 843 901 aliud
851 848 891 900 te·

60 950 128 992 uere
139 935 173 990 iu
188 935 338 991 sensibus.
369 935 404 991 ut
430 933 562 991 Salvator
590 935 668 990 enim
697 936 733 991 ad
749 933 890 1007 populum

59 1024 241 1096 loquebatur
268 1023 299 1078 in
320 1022 482 1096 parabolis,
511 1039 585 1094 quas
615 1027 727 1079 secreto
750 1020 891 1094 apostolis

58 1113 235 1169 disserebat
246 1110 323 1185 llrgo
331 1112 468 1184 enigma,
480 1115 509 1168 et
518 1111 685 1185 parabolam
698 1111 740 1167 ita
751 1112 892 1167 debemus

59 1199 238 1273 Intelligere,
249 1200 336 1272 quasi
346 1200 514 1272 enigma,et
528 1199 781 1272 parabolamDue
793 1202 890 1255 autem

58 1288 239 1362 inpraesenti
260 1287 420 1345 Ezechielis
429 1288 586 1362 prophetia
602 1289 713 1361 Aquila
724 1302 893 1362 proponun-

58 1383 113 1433 tur.
124 1381 167 1433 Ds
176 1376 279 1450 prims
290 1378 537 1434 nunodiceudum
548 1382 612 1434 est:
627 1379 662 1434 de
680 1378 771 1434 altera
781 1376 811 1433 iu
822 1392 893 1433 con·

57 1464 255 1538 sequemibus
264 1464 455 1522 disseremus.
467 1466 502 1522 lit
515 1467 634 1522 interim
652 1465 818 1538 simplicem
829 1480 893 1520 ear·

57 1552 892 1628 psmuabistoriam.hquilagrandismagnarumalarum,

57 1643 359 1717 lcagomembrorum
369 1643 471 1711 ductu,
483 1642 570 1714 plena
580 1642 692 1716 plumis
704 1648 733 1699 et
744 1643 893 1713 varietate,

944 489 1042 561 ipsum
1052 500 1176 560 reguum
1188 487 1253 557 ejus
1261 484 1372 540 humile
1380 485 1638 557 atqueiullrmum,
1647 487 1768 562 Rabylo-

944 577 985 632 nii
1000 575 1141 647 principis
1153 578 1302 647 regeretur
1310 572 1440 629 arbitrio.
1453 573 1511 630 Hoc
1523 574 1642 631 interim
1652 577 1689 634 de
1696 565 1769 650 prcss

945 665 1021 722 senti
1037 662 1175 735 capitulo,
1191 661 1237 716 cui
1252 662 1461 718 subnectamus
1476 667 1506 719 et
1519 662 1641 736 reliqua.

980 753 1072 826 (Vere.
1088 753 1106 806 7
1122 752 1216 822 seqq.)
1230 753 1264 806 st
1276 752 1349 822 focio
1362 760 1401 808 est
1419 753 1513 823 aquilo
1535 755 1623 809 altero
1641 755 1766 829 praedis,

944 844 1054 912 mappis
1069 843 1132 911 olis,
1147 842 1297 912 multisque
1305 840 1418 912 plumis.
1428 842 1461 896 m
1469 857 1528 897 ecce
1536 845 1617 899 circeo
1625 845 1679 900 isto
1688 848 1769 918 quusi

944 933 1055 987 mittens
1071 930 1174 985 radices
1186 945 1251 984 suos
1266 931 1303 984 od
1311 945 1382 1000 eom,
1393 931 1520 1001 palmites
1530 947 1593 988 suos
1602 935 1724 990 retendit
1733 935 1769 992 od

945 1018 1769 1091 illum,utirriporcteamdeoreolisperminissui.lnterro

947 1109 1026 1177 bono,
1039 1124 1123 1178 nuper
1135 1123 1221 1178 aquas
1235 1109 1336 1162 milltes
1347 1107 1388 1179 (b)
1402 1109 1539 1179 planto-nit
1549 1125 1611 1165 eom
1624 1130 1630 1167 :
1642 1120 1671 1168 ut
1678 1097 1770 1184 [amat

944 1197 1065 1268 frondes,
1080 1205 1106 1252 el
1118 1203 1207 1267 portet
1220 1200 1349 1267 tructam,
1360 1199 1386 1251 et
1397 1195 1494 1269 [Vulg.
1511 1197 1552 1269 ut]
1568 1201 1642 1255 sitin
1657 1203 1770 1258 vincunt

945 1285 1087 1357 proadem.
1112 1286 1178 1341 Dic:
1210 1286 1272 1341 Naec
1299 1284 1366 1339 dicit
1390 1286 1522 1341 Dominus
1551 1288 1643 1344 Deus:
1664 1291 1770 1362 Erpons

945 1374 1172 1446 prosperabitur?
1182 1374 1276 1429 Nonne
1293 1372 1398 1428 radices
1412 1374 1470 1444 ejus
1483 1374 1587 1442 evellet,
1603 1379 1631 1431 ct
1643 1376 1771 1453 fructum

948 1464 1006 1535 ejus
1025 1462 1180 1531 discrepet,
1195 1466 1222 1517 et
1235 1462 1348 1517 siccabit
1371 1477 1464 1518 omncs
1484 1464 1613 1534 palmites
1634 1467 1770 1537 perminis

947 1550 1014 1622 ejus,
1030 1559 1057 1606 et
1070 1554 1181 1616 arescet,
1193 1554 1220 1606 et
1229 1566 1284 1606 non
1294 1551 1325 1605 in
1336 1549 1446 1606 brocbio
1455 1551 1565 1621 prandi,
1581 1569 1669 1626 nepue
1678 1557 1709 1610 in
1717 1572 1768 1628 po·

945 1640 1021 1710 pulis
1032 1641 1127 1695 multis
1137 1638 1232 1711 [Vulg.
1249 1638 1353 1711 populo
1364 1642 1459 1708 mutto]
1471 1649 1501 1696 ut
1514 1642 1639 1699 evelleret
1648 1659 1711 1700 eom
1720 1661 1769 1701 ro·

58 1732 113 1788 rive
128 1737 164 1788 ut
175 1736 296 1788 vertere
310 1730 512 1803 Septuaginta,
534 1733 618 1803 pleno
632 1733 778 1803 eupolum,
794 1731 894 1786 Naba·
947 1728 1069 1784 dicitas?
1081 1729 1145 1784 ltcce
1153 1728 1277 1798 plantato
1287 1736 1335 1792 est,
1346 1742 1446 1797 erperae
1454 1731 1683 1801 prosperabitur?
1698 1733 1771 1789 Non-

61 1821 243 1877 cbodouoscr
254 1836 309 1876 rex
319 1818 523 1876 chaldeorum
535 1824 589 1890 est,
602 1820 637 1877 de
652 1835 709 1892 quo
727 1824 756 1875 et
766 1819 838 1875 Osee
848 1818 893 1874 lo·

63 1910 156 1983 mitur
166 1925 175 1963 z
187 1910 280 1978 Quasi
295 1908 391 1979 opuilo
409 1923 492 1980 super
507 1908 620 1965 domurn
638 1910 686 1964 Dei
699 1909 759 1980 (Dae
769 1924 831 1978 vni,
850 1908 886 1978 l).

65 1999 113 2054 late
131 1996 240 2053 multis
254 1998 406 2069 imperans
425 1996 606 2064 nationibus,
631 2001 659 2052 et
684 1995 893 2053 innumerabili

949 1834 984 1872 ne
999 1833 1060 1872 nim
1073 1818 1196 1888 tetiperit
1209 1806 1270 1872 eom
1290 1821 1386 1872 ventus
1410 1833 1505 1882 urens,
1528 1818 1684 1890 siccabitur,
1699 1826 1725 1878 et
1738 1823 1770 1878 in

947 1908 1021 1961 oreis
1034 1907 1219 1975 penninissui
1228 1909 1354 1963 arescet?
1365 1905 1433 1961 LXX
1447 1924 1453 1961 :
1477 1908 1512 1962 Dt
1529 1909 1605 1979 sacto
1618 1915 1657 1966 cst
1671 1910 1769 1983 aquilo

947 1997 1034 2051 altero
1044 1996 1157 2065 praedis
1165 1996 1462 2067 mapnarumolarum‚
1472 1999 1604 2068 plurimis
1612 1997 1772 2070 rapotoni

65 2084 338 2155 isllmuaexeroitu,
348 2086 429 2141 venit
442 2101 530 2158 super
541 2087 662 2142 domum
676 2085 734 2153 Dei,
745 2083 823 2140 haud
835 2085 892 2140 du·
947 2093 974 2139 et
985 2087 1137 2140 ecceuineo
1148 2084 1207 2141 bec
1217 2085 1359 2156 implicate
1368 2091 1429 2141 eret
1439 2085 1474 2141 od
1484 2101 1555 2157 eom,
1566 2096 1591 2143 et
1600 2089 1705 2145 radices
1712 2089 1772 2162 ejus

68 2173 733 2248 biumquiutsmplumsiguificet:siveutuuuc
743 2173 893 2245 Scriptura
947 2173 982 2229 od
992 2173 1080 2241 illam,
1092 2177 1118 2229 et
1128 2173 1422 2229 ramossuoseclendr't
1442 2175 1477 2230 od
1492 2176 1583 2246 illam,
1593 2181 1624 2232 ut
1640 2180 1772 2251 irriperet

69 2264 189 2331 dicit,ad
200 2263 359 2330 libanum,
370 2263 406 2319 de
416 2280 474 2335 quo
485 2263 615 2335 loquitur
625 2263 779 2321 Zacharias
791 2280 798 2319 t
810 2264 894 2335 Aperi
946 2278 1007 2318 eom
1016 2278 1076 2317 cum
1087 2262 1166 2332 plebe
1173 2263 1356 2334 plantationis
1366 2278 1433 2318 sua.
1447 2263 1478 2318 ln
1488 2281 1584 2336 compo
1601 2266 1680 2336 omn,
1690 2282 1773 2340 snper·

70 2353 179 2423 bibone,
191 2355 286 2424 portos
299 2359 372 2419 tuns,
387 2360 412 2407 et
426 2352 547 2408 emnedm
561 2353 634 2424 ipnis
648 2352 740 2409 cedros
753 2352 892 2409 camillo·
946 2350 1170 2423 opuommultom
1180 2352 1240 2422 ipso
1249 2353 1423 2421 impinpueto
1432 2356 1472 2408 est
1482 2369 1488 2408 :
1498 2356 1635 2425 ultaceret
1646 2357 1773 2426 permina

70 2442 105 2509 la,
114 2440 204 2511 abies,
216 2439 386 2512 eumoccidit
395 2439 501 2508 cednu,
511 2443 640 2512 quoniam
647 2441 896 2511 mapnificioastoti
946 2447 972 2494 et
978 2440 1090 2510 efferret
1094 2441 1331 2510 [meleredensi
1337 2441 1368 2494 in
1375 2442 1484 2495 vineam
1491 2458 1633 2512 pronnem.
1646 2450 1773 2517 Propter-

68 2528 236 2599 smttloet.
252 2527 363 2601 nult).
384 2529 420 2585 st
444 2529 545 2584 crebro
569 2527 713 2601 templum
739 2529 894 2601 quoderat
946 2545 979 2584 ee
1000 2527 1063 2582 dic:
1086 2529 1148 2584 lla’c
1170 2526 1238 2582 dicit
1258 2527 1364 2582 Admiai
1386 2529 1537 2585 Dominus:
1560 2531 1591 2586 Si
1611 2532 1772 2602 diripcturt

69 2618 211 2690 inclytum
218 2616 520 2690 atque(o)sublime,in
529 2617 687 2690 scripturis
695 2618 804 2674 sanctis
813 2618 895 2673 Libe·
947 2618 1041 2673 Nonne
1054 2617 1165 2672 radices
1176 2615 1370 2672 teneritudinis
1380 2618 1450 2689 eius,
1461 2626 1486 2674 et
1494 2619 1600 2689 tructam
1609 2621 1687 2677 illius
1697 2615 1775 2678 com·'

67 2724 120 2764 uus
132 2707 310 2782 appelletur.
322 2706 726 2779 Tolitquemedullemeedri,
736 2707 895 2763 etsummi-
947 2709 1114 2777 putrescent,
1125 2713 1151 2760 et
1161 2712 1283 2760 arescent
1293 2708 1386 2761 omnio
1396 2723 1455 2779 quar
1472 2723 1508 2763 ec
1525 2724 1557 2764 co
1567 2713 1625 2764 orto
1635 2714 1722 2766 sunt?
1736 2708 1773 2765 st

67 2802 149 2853 bum
161 2795 317 2853 frondium
327 2796 392 2868 ejus
402 2794 509 2866 evellit,
524 2799 553 2851 et
571 2796 852 2867 transportaviteam
865 2796 894 2851 in
948 2810 1003 2850 non
1019 2795 1049 2849 in
1068 2793 1178 2851 bractio
1193 2795 1270 2851 m
1285 2810 1393 2866 nropno,
1410 2811 1495 2866 neque
1509 2797 1539 2851 in
1560 2799 1662 2870 populo
1673 2800 1770 2869 multo,

67 2893 167 2942 terram
178 2884 335 2953 Chansau,
347 2885 377 2939 in
389 2885 462 2940 urbe
471 2885 685 2958 negotiatorum
696 2884 892 2956 posuitillam.
949 2887 979 2938 nt
993 2883 1091 2939 erretur
1102 2899 1164 2939 eom
1174 2900 1192 2938 o
1201 2882 1344 2939 radicibus
1355 2886 1433 2939 suis:
1449 2893 1475 2940 et
1494 2900 1553 2942 ecre
1571 2888 1771 2960 impinpuotur.

67 2975 112 3031 Pro
120 2974 357 3046 metatoribus,
365 2972 895 3046 sivenepotiationibus,muratamSep·
949 2973 1091 3044 Numquid
1099 2972 1461 3043 diripetortNonneslotim
1470 2983 1501 3030 ut
1509 2976 1700 3044 tetiperitcam
1708 2994 1772 3034 oen-

66 3065 196 3138 toagiuta
205 3061 435 3119 haustuleruut.
447 3061 559 3117 Iudicat
569 3062 846 3118 autemleehoniam
855 3079 896 3119 re·
951 3064 994 3115 tus
1008 3077 1102 3128 urens,
1119 3063 1230 3131 crescet,
1245 3077 1278 3116 aa
1290 3061 1439 3117 siccabitur
1456 3063 1609 3130 ariditate;
1622 3066 1774 3138 complebo

66 3151 227 3226 gemluda
241 3166 333 3222 quem
350 3149 427 3222 cepit
444 3150 715 3209 Nabuchodonosor
725 3167 791 3206 com
803 3155 895 3208 matre
910 3143 932 3212 G
950 3151 1084 3219 poeninis
1098 3150 1143 3204 sui
1153 3152 1280 3204 crescet?
1292 3148 1399 3220 Aquila
1413 3152 1553 3220 secunda,
1565 3152 1594 3208 id
1605 3156 1659 3222 est,
1670 3155 1772 3230 altem,

67 3237 474 3314 scaetpriucipibuspcpoli,
486 3239 895 3312 cunctisqneopibuslerusa-
948 3242 977 3293 et
992 3238 1056 3310 ipsa
1070 3253 1186 3311 magna,
1204 3237 1289 3310 plena
1305 3237 1425 3311 plumis,
1442 3239 1602 3297 multorum
1615 3245 1772 3317 unguium,

65 3330 127 3404 lem,
142 3335 175 3388 et
187 3329 275 3387 vasis
287 3327 412 3401 templi,
427 3331 458 3384 et
478 3326 629 3384 transtulit
650 3328 681 3383 io
705 3326 893 3401 babylonem,
949 3329 1065 3399 propter
1076 3326 1277 3399 rapacitatem,
1289 3332 1317 3384 et
1327 3328 1520 3386 vastationem
1536 3331 1669 3403 gentium
1679 3333 1774 3407 pluri-

66 3432 123 3493 que
133 3415 893 3489 estiutsrraChanean,ibiqueccnseuuit.Decujus
949 3431 1075 3482 marom,
1088 3416 1260 3490 rexAEgypti
1284 3420 1329 3472 est
1347 3416 1470 3474 Pharao.
1491 3419 1772 3481 stercorianista

65 3504 519 3581 poneagenere,sieutbtatthei
537 3505 725 3578 Evangelistae
744 3506 895 3579 Scriptura
948 3504 1125 3562 subauditur
1139 3522 1187 3561 rex
1204 3505 1349 3575 Sedecies,
1365 3507 1417 3578 qui
1432 3524 1450 3563 a
1463 3506 1733 3568 Nabuchodonosor
1741 3511 1769 3569 iu

64 3601 186 3655 natatur
196 3595 305 3670 (emm.
316 3596 349 3667 ι),
361 3594 504 3651 Dominus
521 3600 549 3650 et
559 3593 691 3650 Salvator
700 3597 894 3652 nosteruatus
947 3593 1110 3650 Jerusalem
1122 3594 1217 3650 tuerat
1227 3595 1415 3664 constitutus,
1428 3597 1525 3668 coepit,
1537 3598 1644 3670 inquit,
1656 3600 1772 3659 mittere

64 3695 104 3744 cst
111 3704 165 3760 per
174 3683 323 3744 Sslathiel
334 3683 408 3739 10¹
423 3688 451 3739 et
465 3681 634 3739 zorobabel.
651 3681 705 3746 Oui
723 3683 844 3754 protulit
858 3685 894 3741 de
947 3683 1123 3755 propagines
1136 3700 1205 3739 suas
1217 3684 1253 3738 ad
1265 3699 1340 3754 eam,
1353 3683 1381 3739 id
1392 3692 1445 3752 est,
1458 3685 1493 3740 od
1514 3701 1611 3759 regem
1625 3690 1772 3761 AEgyptio·

64 3773 340 3847 amenteejusdem
350 3775 445 3836 terre,
456 3772 485 3826 id
497 3776 552 3837 est,
570 3772 605 3827 de
616 3770 706 3844 stirpe
718 3772 808 3845 regia,
819 3776 893 3829 blat-
948 3788 1025 3837 rum,
1040 3770 1151 3843 lagatos
1166 3771 1302 3844 dirigere,
1319 3776 1347 3826 et
1362 3772 1398 3827 ab
1420 3789 1452 3827 co
1472 3777 1574 3829 eontra
1598 3791 1706 3849 regem,
1724 3777 1771 3832 oui

64 3863 193 3921 huniam
204 3867 348 3936 patruum
360 3859 518 3927 lechonia,
530 3860 615 3930 cujus
634 3859 720 3915 vertit
737 3867 894 3929 nomen‚et
948 3859 1086 3916 subditus
1110 3866 1181 3930 erat,
1207 3859 1348 3915 auxilium
1374 3860 1534 3933 postulare.
1554 3862 1614 3919 Hoc
1633 3869 1677 3920 est
1691 3865 1771 3922 enim
1834 3858 1837 3865 ’

63 3949 419 4016 meaviteumSedeciam
428 3948 669 4022 etposuitregem
678 3948 708 4005 iu
717 3948 892 4022 Jerusalem,
948 3949 1024 4020 quod
1037 3949 1190 4022 Scriptura
1200 3965 1277 4005 nuuc
1288 3948 1369 4016 dicit,
1383 3952 1416 4005 ut
1425 3949 1560 4023 irrigaret
1571 3969 1635 4008 eam
1647 3954 1683 4010 de
1693 3969 1772 4011 areo·

64 4041 229 4112 multisque
241 4039 369 4112 prefecit
382 4037 508 4112 populis.
525 4023 559 4093 st
574 4041 672 4093 tamen
696 4037 725 4094 iu
741 4038 894 4110 superficie
947 4037 983 4093 lis
994 4036 1134 4110 germinis
1146 4037 1201 4094 sui.
1214 4038 1280 4102 Qua
1293 4037 1322 4092 in
1334 4042 1412 4095 terra
1424 4039 1501 4096 bona
1515 4040 1774 4100 aNabuchodouo·

64 4128 164 4202 posuit
174 4127 269 4196 illum,
279 4143 334 4186 nec
345 4130 520 4201 potestatem
531 4126 595 4197 ejus
605 4125 785 4199 altaimperii
797 4129 893 4186 radica
948 4143 997 4182 sor
1010 4125 1140 4199 plantata
1150 4130 1222 4194 erat,
1235 4131 1267 4182 ut
1284 4127 1391 4183 laceret
1409 4128 1538 4197 frondes,
1550 4133 1579 4186 et
1588 4131 1771 4189 afferrethu·

65 4217 208 4276 firmavit:
219 4218 273 4275 sed
284 4217 384 4291 posuit
394 4232 473 4287 eum,
486 4218 519 4271 ut
530 4214 734 4288 respiceretur,
745 4219 836 4274 etsub
846 4235 894 4291 pc·
948 4220 1038 4287 ctum,
1051 4218 1080 4271 ct
1092 4219 1234 4272 cresceret
1247 4216 1276 4271 iu
1303 4216 1417 4273 vineam
1441 4216 1574 4274 latiorem
1586 4236 1593 4275 ε
1607 4225 1772 4295 ‘propterea

66 4304 893 4378 moeessefflabylouiasivahumiliatatura,respicieu-
943 4305 1066 4376 jubetur
1080 4304 1239 4377 prophetae,
1255 4311 1288 4361 ut
1308 4305 1448 4379 loquatur
1471 4308 1507 4363 ad
1532 4308 1657 4380 vineam,
1674 4324 1773 4382 ques

67 4395 139 4454 tibus
149 4395 246 4453 remis
257 4395 323 4467 ejus
333 4395 369 4451 ad
380 4410 444 4450 eam
458 4411 465 4451 :
480 4396 513 4449 ut
523 4399 660 4466 praesset
670 4393 789 4466 quidem
800 4412 892 4469 popu·
947 4393 1217 4450 Nabuchodonosor
1231 4393 1363 4467 plantata
1378 4396 1481 4463 luerat,
1497 4401 1525 4452 et
1541 4413 1639 4453 ramos
1654 4414 1722 4455 suos
1732 4397 1770 4455 cd

66 4483 98 4540 lis
110 4484 284 4542 iudeorum
297 4500 305 4552 ;
319 4483 368 4540 sed
380 4482 539 4554 respiceret
556 4482 592 4537 od
603 4480 752 4555 Babylonii
760 4484 892 4554 jubentis
905 4509 932 4578 D
946 4482 1076 4554 aquilam
1085 4483 1247 4555 AEgyptiam
1256 4483 1774 4562 miserat:numquidprcsperabitur

67 4573 231 4647 imperium.
246 4571 455 4629 Hocestenim
475 4569 553 4642 qood
571 4569 722 4642 Scriptura
739 4572 893 4630 dicitrilu·
947 4571 1017 4643 quia
1031 4571 1085 4627 hoc
1104 4571 1199 4628 tacere
1218 4576 1322 4628 conata
1341 4577 1396 4640 est,
1419 4578 1448 4630 et
1473 4590 1529 4629 non
1554 4574 1652 4631 statim
1669 4592 1771 4632 omnes

65 4663 125 4716 niti
135 4667 258 4727 ummo,
269 4660 478 4733 respicientibus
488 4661 574 4715 ramis
584 4661 643 4731 ejus
653 4658 689 4715 od
698 4676 769 4729 earn,
786 4663 894 4720 suban-
947 4660 1122 4733 propagines
1137 4662 1211 4732 ejus,
1228 4665 1256 4716 et
1267 4659 1403 4733 palmites
1423 4661 1613 4718 siccabuntur
1625 4662 1639 4716 ‘l
1653 4664 1687 4718 st
1701 4678 1770 4733 noo,

67 4749 326 4822 dissenserimus.
338 4749 418 4815 Quod
431 4748 560 4821 apertius
579 4752 674 4804 vetere
692 4750 891 4825 Septuaginta,
947 4749 1052 4821 inquit,
1069 4750 1098 4804 in
1115 4740 1233 4805 brachio
1248 4749 1363 4822 grandi,
1381 4766 1475 4822 neque
1490 4751 1520 4805 in
1535 4749 1642 4823 populo
1653 4748 1773 4806 multat

66 4843 210 4912 mumque
222 4843 264 4896 est
281 4839 354 4913 pond
366 4840 523 4912 plantatum
536 4840 638 4910 suerat,
654 4846 678 4894 et
691 4840 795 4910 factum
808 4851 848 4898 est
862 4844 893 4898 in
947 4837 1072 4910 Fugiens
1084 4839 1162 4894 enim
1173 4839 1318 4908 Sedecias,
1333 4844 1361 4895 et
1372 4840 1448 4913 regis
1467 4839 1590 4912 AEgyptii
1601 4839 1709 4895 auxilio
1720 4839 1771 4897 de-

66 4930 170 4985 tineant
184 4928 330 4998 infimum
341 4936 368 4985 et
381 4928 527 4999 porculam
543 4943 550 4983 :
566 4931 597 4982 ut
612 4933 720 4984 tantum
730 4935 893 5002 apparerent
946 4927 1077 4994 stitutus,
1088 4927 1557 4985 aducibueNubuehodouosoriu
1568 4928 1692 4986 desertis
1703 4927 1769 4987 Hie·

96 5091 135 5160 (a)
148 5095 249 5164 Atque
264 5089 327 5146 hec
341 5088 460 5216 puidam
479 5103 610 5170 congruo
633 5090 728 5172 magis
747 5094 793 5146 est
806 5091 890 5161 ratic,
945 5088 1089 5171 Zachariae
1104 5086 1202 5144 locum
1218 5090 1318 5146 cadem
1344 5089 1547 5145 convenientia
1570 5091 1606 5146 ad
1621 5091 1767 5164 templum

67 5163 256 5231 qumobram
266 5163 347 5234 temp
359 5162 416 5217 oin
427 5159 577 5233 prophetis
587 5176 661 5232 sape
670 5160 771 5217 Libani
782 5179 890 5220 noman
947 5165 1100 5233 usurpavit
1108 5160 1227 5216 liabhan
1238 5160 1389 5217 lochonan
1400 5160 1459 5216 Beu
1468 5161 1579 5228 Zacooi,
1587 5178 1656 5219 cum
1665 5168 1772 5236 sponte

67 5232 228 5290 tribuetur:
243 5232 408 5290 sicutenim
420 5232 559 5288 continuo
572 5230 687 5287 nivibus
706 5230 888 5305 splendebat,
947 5237 1091 5288 reseratus
1100 5231 1202 5303 templi
1215 5230 1292 5287 lares
1305 5233 1496 5303 conspiceret,
1515 5233 1769 5306 quod-portentum

66 5308 180 5431 {hulam
191 5320 254 5387 pras
262 5301 477 5429 omnibusgliis
497 5301 657 5384 Palestinae
677 5303 828 5361 montibus
839 5323 890 5362 su·
945 5303 1092 5387 losephus
1106 5318 1222 5375 quoque
1232 5306 1260 5357 et
1269 5302 1387 5426 Tpicitus
1399 5309 1534 5372 narraut;
1548 5305 1708 5377 predicens
1718 5304 1771 5360 im-

67 5374 888 5530 semdassllllitlhl.illitaltfllllitllfflnllt
947 5374 1770 5528 3¹²stelin?stittt.,tttttttlllttttttttt

67 5523 154 5575 incur
163 5523 456 5600 manusprooerrrmr
472 5519 501 5572 et
519 5531 613 5582 usve13
631 5531 691 5572 sive
708 5516 892 5588 splendentis
982 5518 1019 5591 (b)
1034 5517 1143 5575 Victor.
1157 5518 1285 5590 plantato
1296 5517 1389 5588 estad
1404 5517 1534 5597 Vulgata
1549 5519 1716 5584 lectionem,

10 5670 12 5677 .
68 5603 248 5666 'leswe
257 5586 468 5650 muto
485 5585 563 5648 banc
581 5601 644 5650 un
663 5586 699 5649 ab
714 5587 891 5672 btuoupmc
