3818 6104
109 319 188 388 mli
739 320 772 384 S.
795 316 949 386 sussen
972 317 1195 384 HIERONYMI
1416 364 1421 369 -
1742 316 1811 385 lm

108 457 265 514 nobisest:
287 454 387 529 autin)
401 453 478 513 enim
495 452 607 527 recipit,
622 457 651 512 et
665 455 725 527 jem
740 458 806 527 post
820 455 927 511 iactam
942 456 970 523 Α
983 454 1125 527 propheta
1139 454 1317 529 scribitque
1330 444 1454 514 ventura
1467 455 1642 531 cognoscit.

107 562 169 601 rem
182 544 257 600 liber
271 544 386 601 Abacuc
400 543 523 600 texitur:
540 549 591 600 aut
605 560 663 600 non
675 544 785 617 recipit,
802 548 831 600 et
842 543 927 616 quasi

141 687 341 759 (o)Contrario
361 703 449 743 sensu
474 687 590 760 Regina
618 703 685 758 ms,
711 687 848 742 sedenim
874 703 930 743 non
948 690 1057 760 recipit,
1073 688 1178 759 etjam,
1194 693 1248 743 eto.
1265 697 1312 744 eat
1327 691 1434 760 recipit,
1449 691 1475 744 et
1492 690 1591 762 paesi,
1611 692 1670 745 etc.

697 981 907 1079 LIBER
938 981 1213 1076 PRIMUS.

914 1166 1011 1181 ”

141 1295 220 1364 (Cap.
240 1293 260 1348 1.
275 1325 308 1334 -
319 1297 400 1350 Vere.
415 1296 440 1361 1,
449 1295 489 1366 2.)
500 1296 649 1367 dacaeque,
661 1296 783 1360 Domine,
796 1294 928 1361 clamabo,
988 1293 1024 1349 ad
1042 1293 1208 1349 medicum:
1226 1296 1293 1349 Vim
1305 1294 1408 1366 patior,
1421 1295 1638 1364 crucior,uror,
1650 1293 1806 1351 exanima:

105 1387 133 1438 et
147 1397 202 1437 non
217 1382 345 1438 exaudies
356 1384 370 1438 i
380 1384 593 1454 vociferabered
603 1394 631 1440 te
642 1385 698 1438 eim
710 1385 829 1454 petiens,
843 1391 868 1438 et
878 1399 933 1439 non
987 1399 1151 1454 usquequo,
1168 1384 1289 1450 medice,
1315 1382 1457 1454 clamabo,
1483 1389 1511 1439 et
1527 1399 1591 1438 non
1607 1382 1807 1440 exaudiesilit

104 1472 247 1527 salvebis?
263 1473 352 1540 Quare
361 1472 504 1529 ostmdisti
512 1474 585 1528 milri
594 1474 768 1544 iniquitatem
778 1481 803 1528 ei
814 1471 934 1526 dolorem
987 1471 1161 1543 respondeat
1171 1473 1196 1526 ai
1206 1471 1481 1543 sapientissimuset
1492 1469 1754 1527 clementissimus
1763 1487 1808 1528 me·

104 1559 200 1632 [Vulg.
218 1562 360 1633 laborent
377 1562 469 1617 itiitere
481 1562 605 1634 praedum
616 1565 643 1617 et
657 1562 824 1633 injustitiam
838 1568 933 1615 contro
987 1560 1089 1615 dicus:
1114 1560 1180 1615 Scio
1202 1577 1260 1630 quo
1276 1565 1407 1633 ternpore
1422 1560 1548 1615 debeam
1572 1560 1649 1616 dare
1675 1562 1752 1632 quod
1767 1579 1807 1634 po·

103 1652 168 1705 me?
184 1649 267 1706 LXX:
286 1652 437 1722 liceretque,
452 1652 575 1715 Domine,
594 1650 727 1718 elamabo,
738 1657 764 1705 et
775 1666 830 1704 ron
846 1665 931 1704 eren·
986 1648 1098 1704 stulas:
1114 1665 1171 1704 non
1189 1647 1328 1704 misereor
1343 1649 1440 1714 modo,
1456 1647 1528 1720 quia
1544 1648 1808 1709 miscricordiaista

103 1738 182 1794 dies?
196 1740 366 1809 dominabor
379 1740 414 1794 ed
427 1748 451 1794 te
466 1741 522 1794 nim
534 1740 653 1810 petiens,
670 1743 695 1794 et
709 1755 765 1793 non
792 1738 932 1793 salvabis?
986 1735 1145 1791 crudelitas
1155 1741 1210 1800 est,
1223 1736 1298 1792 592
1314 1739 1342 1791 et
1355 1734 1491 1791 voluntas
1506 1740 1562 1791 tua
1575 1740 1688 1792 contra
1699 1741 1729 1792 te
1741 1738 1806 1810 petit

104 1828 195 1896 Quare
210 1829 281 1883 mibi
292 1814 434 1883 ostendisti
449 1828 553 1884 labores
565 1833 590 1882 et
610 1828 726 1892 delores,
743 1828 835 1883 videre
849 1829 933 1882 mise·
947 1826 971 1894 Β
986 1826 1029 1878 lta
1043 1828 1072 1879 et
1088 1824 1228 1880 Dominus
1243 1830 1318 1880 Deus
1333 1828 1433 1881 noster
1454 1824 1555 1880 sciens
1581 1824 1749 1882 clementia
1760 1843 1806 1882 sua

103 1914 928 1988 riemetimpietetem?1nierimsecundumlitteramcau·
987 1912 1116 1983 pondera
1135 1917 1221 1985 atque
1246 1929 1410 1978 mensuras,
1436 1912 1590 1969 interdum
1619 1931 1683 1970 non
1707 1915 1806 1971 exaudit

103 2009 187 2059 satur
200 2006 356 2060 adversum
371 2005 463 2060 Deum
476 2004 626 2076 propbeta,
638 2021 689 2059 cur
700 2004 929 2059 Nabuchodono·
982 2000 1167 2067 clamantem,
1184 2006 1218 2056 ut
1232 2017 1298 2056 eum
1320 2001 1431 2073 probet,
1447 2005 1476 2056 et
1498 2003 1600 2074 magis
1624 2010 1760 2074 provocet
1776 2005 1804 2060 ad

103 2107 153 2148 sor
166 2092 309 2165 templum
321 2097 423 2160 vastet,
436 2093 508 2149 bii!
524 2098 552 2147 et
564 2093 671 2149 iudam
684 2090 926 2147 :curlerusaiem
982 2090 1188 2160 rogandum,et
1200 2089 1283 2161 quasi
1296 2090 1362 2162 igne
1376 2094 1529 2145 excoctum
1542 2090 1712 2161 justiorem
1725 2098 1751 2148 et
1760 2110 1801 2164 pu·

103 2181 251 2253 quondam
263 2183 334 2238 urbs
343 2182 457 2237 Domini
466 2181 653 2237 destruatur?
663 2179 870 2244 Ouareclamet
879 2196 929 2252 po-
982 2179 1088 2234 riorcm
1100 2178 1194 2234 iaciat.
1208 2178 1289 2243 Quod
1301 2177 1466 2251 intelligens
1477 2178 1641 2250 apostolus
1655 2182 1800 2237 secundun

102 2269 190 2342 pulus
205 2274 234 2326 et
247 2286 304 2326 non
320 2270 516 2327 exaudiatur?
530 2270 703 2325 vociferetur
718 2270 753 2324 ad
770 2268 927 2324 Dominum
981 2267 1009 2321 id
1022 2268 1098 2338 quod
1109 2266 1338 2323 misericordiam
1346 2269 1391 2322 est
1398 2270 1581 2324 consecutus
1592 2269 1756 2341 aDomine,
1763 2270 1799 2325 ait

102 2374 262 2431 oppressus
272 2376 289 2414 a
299 2358 452 2424 Chaldaeis,
464 2365 492 2414 et
505 2375 561 2414 non
574 2358 827 2425 salvetur‘lQuare
838 2358 926 2413 etiam
980 2355 1038 2411 Non
1049 2356 1084 2427 (e)
1095 2355 1253 2426 deficiemus
1268 2357 1297 2410 in
1314 2355 1544 2411 tribulationibus
1565 2357 1678 2430 (pres
1705 2359 1799 2428 111,13);

102 2446 165 2519 ipse
180 2447 332 2519 propheta,
348 2447 390 2504 vel
407 2447 534 2520 populus
549 2464 582 2503 ex
598 2448 683 2520 cujus
699 2463 824 2520 persona
849 2463 927 2502 nune
980 2448 1009 2499 et
1023 2444 1167 2500 benedicit
1190 2444 1282 2501 Deum
1300 2445 1528 2516 omnitempore
1552 2446 1647 2517 (Psoi.
1664 2449 1798 2515 xmrvket

100 2534 241 2607 loquitur,
254 2537 289 2592 ad
299 2537 353 2593 boc
364 2536 477 2603 vixerit,
493 2541 522 2592 et
536 2536 690 2609 hucusque
703 2536 861 2609 perductus
875 2535 926 2602 sit,
980 2532 1037 2589 scit
1047 2533 1116 2606 quia
1126 2533 1176 2606 qui
1187 2532 1413 2606 perseveraverit
1423 2548 1518 2604 usque
1529 2533 1562 2587 in
1579 2533 1688 2601 duem,
1700 2534 1744 2590 bic
1756 2533 1797 2591 sal·

100 2624 325 2699 utiniquitatem
336 2623 927 2682 hostiumetsuumvideatlaborcm‘lCur
980 2639 1033 2678 vus
1049 2622 1102 2678 erit
1117 2622 1202 2689 (llett.
1219 2640 1246 2690 x,
1262 2623 1318 2690 22).
1335 2622 1369 2677 st
1390 2621 1539 2692 gloriatur
1555 2622 1586 2677 in
1604 2621 1710 2681 labora
1722 2624 1795 2680 etde·

100 2713 247 2787 injustitia
257 2713 411 2786 prevaleat
421 2715 573 2770 adversum
584 2713 634 2769 so‘l
643 2715 676 2768 Et
687 2712 741 2768 hoc
752 2711 925 2784 dinitlaiprae
979 2711 1051 2767 lore.
1061 2711 1298 2768 Dtcumleremia
1306 2710 1389 2766 dicit:
1401 2711 1637 2785 Tribalutionem,
1645 2715 1793 2769 eimardus

101 2801 210 2858 mentis
224 2804 371 2876 angustia,
388 2803 521 2859 nesciens
547 2818 652 2857 aarum
669 2801 697 2856 in
713 2801 780 2874 igne
795 2799 924 2871 conflari,
979 2799 1796 2874 invocabo,UtquomodonliusinvocetDeum:(d)sicsau·

100 2894 130 2947 et
143 2895 203 2946 tres
218 2907 324 2964 pucros
339 2893 374 2947 de
390 2892 505 2947 camino
516 2891 649 2963 puriores
659 2889 763 2961 exisse,
779 2907 868 2962 qnam
885 2888 927 2944 in·
979 2893 1043 2944 ctus
1053 2888 1096 2944 vir
1106 2894 1135 2944 et
1145 2888 1267 2945 bellator
1277 2887 1451 2954 invictus,ad
1462 2889 1794 2963 exercendumseetpro

100 2982 251 3036 traverunt
261 2982 344 3053 (Dan.
357 2981 409 3053 ru).
426 2981 482 3036 Sed
494 2984 523 3035 et
532 2978 707 3052 generalitor
717 2978 847 3050 accipere
859 2994 925 3050 pos·
979 2977 1793 3045 bendum‚tribulationemetmiseriamveniradesideret

102 3084 217 3137 sumus,
233 3071 310 3142 quod
326 3087 361 3126 ex
380 3086 505 3142 persona
519 3069 654 3123 humanm
679 3068 867 3140 impatientia
883 3065 924 3121 vi·
1015 3066 1105 3137 (Vera.
1122 3067 1149 3135 3,
1167 3067 1205 3136 l.)
1219 3070 1252 3122 st
1265 3070 1369 3138 [aetum
1384 3067 1426 3121 est
1435 3065 1583 3138 judicium
1596 3071 1625 3123 et
1639 3067 1792 3125 euroeae

100 3158 173 3215 dens
187 3158 330 3232 propheta
344 3163 510 3231 peccatores
526 3157 719 3228 abundantes,
735 3160 765 3211 et
776 3156 805 3211 in
821 3154 925 3211 seculo
940 3197 962 3263 c
978 3157 1115 3227 potentior
1124 3173 1134 3209 :
1143 3159 1253 3227 propter
1267 3156 1315 3210 tor
1328 3156 1449 3210 lacerato
1470 3163 1511 3210 ast
1528 3156 1587 3223 lea,
1612 3165 1640 3212 ct
1656 3173 1709 3214 nee
1718 3170 1792 3229 perte·

101 3247 251 3319 possidere
261 3246 386 3304 divitias.
395 3244 470 3302 illios
479 3262 579 3302 eorum
591 3244 675 3317 quasi
687 3243 830 3300 novellam
845 3244 925 3316 plan·
979 3247 1023 3301 nit
1035 3245 1163 3317 usqneed
1171 3245 1255 3314 finem
1262 3246 1418 3316 judicium:
1433 3245 1501 3315 quie
1512 3245 1625 3316 impias
1634 3243 1792 3318 presented

99 3334 239 3392 tationem
252 3335 280 3391 in
292 3335 489 3392 adolescentia
498 3351 562 3401 sua,
579 3338 607 3389 et
623 3333 698 3389 illias
708 3335 827 3388 ornatas
838 3333 924 3405 qnasi
978 3336 1193 3407 versmjustnm,
1206 3333 1694 3407 preptmeele)epreddurjedimem
1702 3347 1792 3406 pernr-

101 3423 323 3481 similitudiuem
333 3424 444 3496 tempii,
457 3422 575 3480 cellaria
584 3439 685 3479 eorum
700 3421 925 3494 plenaeructan-
978 3441 1049 3480 snm.
1061 3423 1140 3478 LXX:
1149 3421 1608 3493 Centromesectumestjadieium‚
1617 3422 1791 3496 etjudereeci·

100 3513 141 3569 tia
152 3529 186 3570 ex
199 3514 252 3570 boe
266 3514 295 3570 in
307 3514 392 3581 illud,
413 3530 480 3570 oves
495 3529 596 3569 eorum
611 3513 719 3568 fetosas
733 3516 761 3566 et
785 3510 925 3584 multipli·
979 3515 1031 3584 pii:
1039 3521 1182 3587 propterea
1192 3513 1312 3568 lacerate
1321 3516 1359 3567 est
1375 3512 1428 3582 lea,
1440 3519 1531 3567 einen
1541 3512 1719 3584 pervenitad
1729 3512 1791 3583 mm

100 3606 180 3658 cates
192 3601 221 3657 in
235 3601 289 3657 viis
301 3603 375 3670 suis,
392 3607 420 3657 et
434 3604 540 3657 caetera
551 3617 615 3672 qua
630 3601 659 3655 in
675 3599 836 3655 centesimo
852 3616 923 3672 qua·
970 3602 1116 3675 judiciem
1128 3621 1136 3656 :
1148 3602 1212 3672 quie
1225 3603 1327 3673 impias
1335 3601 1470 3674 praevalet
1479 3600 1790 3673 adeersusimtempre

99 3690 264 3764 dragesimo
280 3691 366 3746 tertio
378 3690 492 3763 psalmo
504 3689 619 3769 plenius
631 3689 802 3745 scribuntur
816 3689 845 3744 in
857 3705 926 3760 que·
976 3695 1070 3764 pterea
1079 3691 1218 3762 cereditur
1227 3689 1544 3764 judiciumperuersam.
1556 3691 1668 3746 Adbuc
1678 3689 1790 3763 prepter

100 3779 195 3836 rularn
210 3797 309 3837 vocem
333 3785 362 3836 et
384 3779 502 3853 plenam
528 3779 638 3835 doloris
653 3783 799 3850 erumpat.
830 3778 924 3842 Quare
978 3779 1022 3835 vel
1035 3777 1791 3852 populusloquituradDominum,quodnonreritatt

99 3866 220 3939 respicis
236 3870 462 3939 contemptores,
475 3872 503 3922 et
519 3870 607 3938 taces,
624 3865 813 3921 conculcante
834 3866 872 3920 im
878 3865 924 3938 pio
979 3871 1121 3926 adversus
1136 3886 1176 3934 se,
1189 3868 1240 3924 sed
1251 3866 1381 3940 potentia
1394 3866 1567 3938 judicatum
1580 3869 1634 3938 sit,
1652 3874 1681 3924 et
1696 3864 1757 3923 nibil
1768 3879 1792 3920 er

95 3955 251 4026 justiorem
264 3955 426 4011 ae:etiaeis
435 3955 571 4010 homines
582 3955 666 4026 quasi
681 3957 774 4027 pisces
785 3955 885 4023 maris,
896 3957 925 4010 et
978 3958 1041 4030 lepre
1052 3964 1080 4014 et
1087 3957 1204 4028 justitia
1214 3955 1397 4013 sustinuerit.
1411 3955 1491 4012 Unde
1507 3959 1538 4010 et
1551 3955 1659 4030 ipsum
1670 3955 1791 4029 iudicium

99 4042 184 4113 quasi
196 4042 377 4113 reptilianon
388 4042 527 4099 habentia
537 4044 640 4099 ducem
654 4044 668 4099 ‘i
681 4045 718 4116 (b)
729 4043 798 4100 Tala
809 4043 879 4116 quid
896 4047 925 4099 et
979 4062 1036 4103 non
1047 4046 1182 4102 habuerit
1192 4047 1279 4101 linem
1289 4061 1387 4100 suum.
1397 4042 1477 4099 Finis
1487 4047 1595 4100 autem
1603 4043 1792 4116 judieiieatje

99 4128 129 4182 in
145 4130 361 4201 septuagesimo
377 4131 505 4186 secundo
520 4130 634 4203 psalmo
646 4131 791 4205 legimus:
808 4133 860 4189 liei
874 4148 924 4188 en·
979 4136 1174 4210 dicarcjuste.
1186 4131 1632 4206 Dthocquareloquiaudeat‚in
1640 4145 1791 4206 consequen

101 4223 155 4270 iem
169 4219 389 4289 praesentirent
401 4218 491 4291 pedes,
497 4235 567 4290 pene
578 4221 660 4292 effusi
672 4229 737 4276 sent
749 4238 857 4293 presses
871 4222 927 4276 mei
978 4223 1334 4292 tibusmonstratdicens:
1343 4220 1792 4293 OuiaimpiusNabuchodonosor

101 4302 185 4378 (Psoi.
201 4323 286 4377 saxu,
298 4307 337 4380 2),
348 4307 509 4380 etreliqua.
520 4308 554 4362 lit
565 4325 683 4365 rursum
696 4310 838 4367 incedam
849 4309 927 4383 psal·
979 4312 1131 4385 prevaluit
1140 4313 1400 4383 adversusjustum
1414 4309 1525 4365 dudam
1538 4309 1590 4382 (IV
1606 4314 1676 4385 Dap.
1691 4310 1792 4379 xxu),ei

103 4409 151 4450 mo
165 4410 171 4449 :
184 4396 216 4450 dt
230 4397 256 4451 ri
268 4399 307 4451 est
316 4398 434 4452 scientie
447 4399 475 4452 in
488 4397 602 4453 merito.
615 4398 764 4457 Decernim
772 4403 925 4472 peccatores
980 4400 1126 4458 hanoesse
1137 4416 1267 4467 causam,
1279 4399 1356 4471 quod
1368 4397 1473 4453 dixerit
1481 4397 1642 4468 judicium
1653 4409 1790 4473 nonpssvr

101 4484 311 4541 dobundenter
326 4487 357 4541 in
370 4486 468 4542 sarelo
482 4486 658 4542 obtinuerant
672 4487 793 4554 divitiae,
814 4492 843 4544 et
858 4488 924 4544 reli·
979 4490 1058 4545 nisse
1073 4490 1108 4544 ad
1125 4489 1212 4544 finem
1227 4505 1234 4556 ;
1252 4489 1320 4560 quia
1334 4485 1470 4558 iniquum
1485 4485 1526 4542 sit
1541 4491 1571 4543 et
1584 4503 1753 4560 perversum.
1764 4483 1791 4537 ul

102 4587 160 4645 qua
175 4588 279 4646 usque,
294 4590 393 4630 manne
407 4591 490 4631 neos.
507 4575 573 4630 Haec
583 4581 680 4632 autem
696 4577 859 4650 loquuntur
873 4593 925 4633 ne·
941 4566 965 4632 D
980 4579 1076 4636 Josias
1087 4595 1136 4635 rex
1147 4578 1276 4650 justusa
1290 4592 1356 4649 rege
1365 4574 1497 4649 AEgyptio
1508 4577 1684 4635 trucidatur
1692 4575 1734 4646 (IV
1742 4576 1792 4643 te.

104 4660 229 4718 scientes
251 4663 364 4734 judicia
393 4664 439 4719 Dei
470 4663 684 4738 investigabilia
711 4667 799 4737 (Rmn.
821 4670 872 4736 xi),
898 4671 927 4722 et
980 4672 1074 4737 xx111);
1091 4672 1124 4722 ut
1140 4666 1251 4735 Daniel,
1266 4663 1405 4730 Ananias,
1420 4663 1584 4732 biiaacl,at
1609 4665 1795 4730 manasse·

104 4749 282 4821 protundum
298 4751 467 4812 divitiarum
483 4753 632 4825 sapientiae
648 4759 677 4810 et
696 4755 822 4812 scientia
851 4757 927 4827 ejus,
981 4757 1062 4813 vient
1082 4757 1164 4822 (Dan.
1189 4756 1242 4826 ru);
1259 4758 1288 4810 st
1302 4755 1425 4826 imperet
1439 4752 1628 4825 Babylonius
1650 4755 1793 4827 imperator.

104 4840 249 4908 quodnon
263 4830 413 4897 itavideat
428 4846 503 4898 Deus
514 4842 635 4898 uividat
645 4843 742 4899 bomo.
761 4844 853 4900 Home
864 4849 927 4900 tan·
982 4851 1010 4903 et
1024 4847 1242 4902 interseortaet
1256 4841 1432 4899 concubinas
1441 4857 1513 4897 snas
1525 4841 1688 4900 Baithasar
1697 4843 1766 4916 potet
1773 4837 1793 4892 iv

102 4930 167 4983 tum
180 4929 334 5000 prasentia
349 4929 481 5001 respicit:
499 4934 574 4986 Deus
590 4931 687 4987 sutura
707 4938 737 4989 et
759 4937 866 4989 aterna
881 4951 928 4992 co·
983 4934 1090 5008 phialis
1106 4935 1158 4990 Dei
1174 4935 1253 5005 (Dan.
1269 4933 1307 5004 v).
1324 4931 1389 4987 Hac
1399 4929 1546 5003 propbeta
1560 4931 1600 4988 de
1611 4948 1731 4990 suorum
1739 4934 1794 4985 terr

103 5015 218 5088 gnosoit
234 5017 256 5086 (Ι
271 5019 335 5089 liep.
352 5020 443 5089 svm).
460 5020 495 5075 Dt
523 5020 669 5090 quomodo
699 5023 723 5078 si
749 5028 877 5095 egrotus
901 5027 930 5080 et
984 5041 1089 5097 porum
1104 5027 1183 5078 statu
1198 5020 1362 5095 (sequimur
1371 5019 1449 5075 enim
1465 5016 1539 5091 quia
1553 5021 1652 5078 semel
1661 5016 1794 5078 voluistiet

102 5108 231 5162 estuans
246 5106 378 5164 febribus
388 5124 495 5179 aquam
508 5108 645 5180 trigidum
657 5111 795 5183 postulet,
811 5116 839 5167 et
852 5111 931 5169 dicat
983 5113 1114 5170 historia
1128 5111 1290 5180 vilitatem).
1307 5110 1447 5166 Ceterum
1459 5108 1551 5183 juxta
1562 5109 1639 5168 LXX
1653 5104 1792 5169 oommnub

137 5283 177 5348 (ei
194 5282 310 5356 Regium
325 5300 394 5353 ms,
408 5274 592 5367 prensantem
606 5291 743 5357 nepertia.
985 5294 1048 5349 Cor.
1066 5309 1104 5347 1v.
1767 5352 1772 5363 ,

138 5345 176 5421 (b)
187 5355 331 5411 Describit
345 5357 448 5429 Regin.
460 5356 523 5412 cod.
536 5357 682 5431 reliquum
693 5360 792 5432 ipsum
804 5361 931 5417 versieu-
1020 5364 1058 5436 (d)
1074 5361 1190 5419 Sufficit
1204 5378 1238 5417 ex
1254 5358 1397 5416 Brixianis
1408 5357 1493 5415 codd.
1509 5359 1592 5417 idem
1603 5355 1789 5419 victorinam

103 5421 175 5503 lum,
187 5428 253 5495 qnia
264 5429 369 5483 aelatus
378 5445 531 5501 camaenas
538 5446 633 5502 pacem
640 5437 816 5509 peccaterum
826 5433 929 5489 videns.
985 5437 1047 5492 erui
1060 5453 1078 5489 c
1091 5435 1204 5490 miamin
1217 5431 1325 5488 mandi,

105 5493 211 5574 Srcque
226 5503 255 5551 ct
266 5498 352 5569 paulo
367 5504 441 5571 pest,
451 5505 478 5556 et
489 5502 595 5573 reliquo
607 5520 616 5556 :
627 5505 704 5573 Depo
716 5505 932 5577 frastrejestifi·
1021 5507 1058 5578 (e)
1073 5509 1145 5561 Cum
1157 5505 1216 5570 hic,
1229 5509 1292 5560 tum
1305 5502 1381 5576 apud
1394 5501 1474 5570 LXX,
1486 5501 1649 5573 &redietur
1656 5499 1790 5561 cunabilis

105 5576 339 5646 cervenensem,
355 5579 382 5626 ee
397 5573 454 5626 tevi
474 5573 547 5628 inter
560 5575 716 5632 innocentes
730 5592 830 5633 menas
845 5592 930 5632 nnus.
987 5579 1104 5650 praei‘ert
1118 5575 1235 5650 Regina
1251 5591 1307 5633 ms.

143 5632 179 5704 (e)
194 5634 304 5697 Victor.
319 5641 381 5698 Non
392 5640 545 5716 deficimus,
560 5645 890 5722 exvulgetaeeitione,
906 5647 932 5708 11
1404 5654 1405 5663 ’
