3840 6098
101 238 181 332 (ιε’
730 235 1184 329 s.nnsnerrniunouuu1
1562 327 1565 338 ,
1743 255 1803 317 ιιι

104 399 162 456 tuli
175 400 264 470 hujus
279 396 416 470 ponitur:
445 396 536 452 Faciet
549 412 653 468 apnam
682 399 711 452 iu
736 397 925 468 sacrificinm:
942 399 969 466 Α
985 402 1131 470 gregatos,
1148 397 1332 468 dispergetur
1345 393 1374 450 in
1404 395 1487 466 parte
1513 394 1601 464 atque
1614 388 1803 460 lacerabitur,

106 495 133 545 et
146 489 338 556 ateanamane,
350 501 432 541 mane
447 484 633 542 holocaustam
647 488 852 558 sempiternam.
982 487 1041 542 sivo
1052 490 1136 556 juxta
1152 487 1268 558 Legem,
1283 501 1320 540 ne
1333 483 1475 556 paulatim
1505 481 1625 538 alterius
1648 478 1803 536 haereditas

142 574 216 632 681
234 573 327 646 (Vera.
343 574 387 644 td,
405 573 448 646 17,
463 575 597 647 etseqqd
622 579 688 631 Hac
716 575 784 630 dicit
796 577 928 630 Dominus
980 578 1111 630 transeat
1126 575 1161 630 ad
1178 573 1280 643 alium,
1297 577 1325 629 et
1349 577 1448 644 pereat
1475 570 1625 627 funiculus
1639 567 1802 637 divisionis,

109 669 198 721 Deam:
214 662 245 719 Si
255 662 358 719 dederit
372 665 501 735 princeps
517 664 588 736 (sive
601 663 670 736 dae)
680 664 783 720 donam
795 666 883 720 alieni
895 664 928 720 de
982 679 1135 734 perquem
1151 663 1225 718 sorte
1240 662 1276 717 ad
1290 675 1533 733 unumquemque
1544 659 1622 715 venit
1637 657 1801 713 hereditas.

106 753 174 824 filiis
188 754 255 823 sais,
273 752 420 809 baereditas
434 754 493 824 ejas
507 754 629 824 filioram
655 770 768 809 sacrrtm
781 756 851 809 erit:
864 769 927 825 pos·
984 752 1128 824 Dispergit
1138 768 1205 823 ergo
1216 750 1356 823 populum
1372 751 1463 811 neiat
1478 749 1573 804 aufert
1585 749 1622 804 ab
1638 761 1671 802 eo
1688 761 1802 819 posses-

106 841 231 898 sidetant
246 857 308 897 cam
322 840 509 898 hereditarie.
531 841 578 897 Sin
590 845 680 898 antem
690 842 796 899 dederit
809 844 929 914 tepotam
983 840 1095 895 sionem
1107 840 1174 895 fidei
1186 837 1564 911 sempiternam,quialienn
1574 837 1652 892 dona
1661 834 1704 890 vel
1716 835 1802 901 hone,

106 930 142 986 de
155 928 315 987 hereditate
326 945 378 984 sna
389 930 440 985 ani
448 945 588 985 servornm
597 945 720 999 snorum,
733 933 785 986 erit
797 932 873 986 illias
885 947 928 986 as-
981 927 1026 984 vel
1042 928 1154 1000 rapina,
1170 931 1214 983 vet
1232 927 1409 998 adulatione,
1425 926 1469 982 vel
1493 924 1656 991 blanditiis,
1673 923 1715 980 vel
1729 940 1805 995 prae·

106 1034 159 1092 que
172 1017 208 1073 ad
222 1033 327 1073 annam
341 1019 514 1074 remissionis
523 1018 585 1090 (pro
594 1018 818 1090 quo'l'heodotio
830 1020 928 1090 ipsum
982 1021 1062 1073 textu
1076 1016 1235 1088 religionis,
1248 1017 1317 1072 filiis
1328 1015 1568 1087 fratribusqueat
1578 1011 1805 1084 consanguineis

107 1107 230 1163 verbum
243 1105 418 1163 Hebraicum
432 1106 540 1178 posuit,
553 1108 658 1178 nanos)
672 1107 720 1163 sed
733 1110 882 1164 recedetur
894 1115 929 1163 aa
983 1105 1170 1177 derelinquit.

106 1197 278 1269 principem:
294 1195 442 1252 ttaereditas
456 1197 548 1250 antem
558 1195 617 1266 ejas
627 1195 682 1266 filii
692 1197 751 1268 ejas
759 1199 820 1253 erit.
832 1198 864 1252 Et
874 1213 930 1253 non
1019 1195 1111 1262 (Vens.
1128 1196 1162 1249 lt)
1176 1195 1269 1265 seqq.)
1285 1196 1317 1249 Et
1340 1194 1495 1250 introducet
1522 1210 1566 1247 mc
1579 1208 1627 1264 par
1649 1194 1807 1260 inpressam

108 1286 225 1358 accipiet
235 1285 366 1356 peinceps
379 1284 412 1339 de
422 1283 583 1340 haereditate
592 1285 689 1356 papati
698 1302 746 1356 per
757 1287 928 1356 violentiam,
983 1286 1031 1355 qai
1045 1286 1102 1338 erat
1117 1284 1147 1338 ia
1163 1284 1246 1338 tatere
1261 1282 1315 1354 (vel
1328 1287 1388 1354 post
1397 1283 1513 1354 terpnm)
1523 1290 1607 1354 porte
1623 1282 1652 1336 in
1667 1280 1806 1351 paaoptp-

107 1382 133 1431 ει
145 1373 179 1429 de
190 1373 476 1444 passessioneearam:
495 1371 541 1426 sed
555 1371 588 1428 de
600 1375 826 1443 possessiuncula
839 1375 929 1431 hare·
984 1373 1055 1427 tacia
1069 1373 1223 1427 sarrctaarii
1238 1373 1274 1427 ad
1287 1372 1436 1427 sacerdotes
1451 1371 1523 1442 (sive
1538 1372 1568 1424 tn
1582 1369 1697 1425 exedras
1706 1372 1733 1424 et
1746 1368 1807 1423 tta·

108 1462 222 1518 dictem
235 1459 392 1529 dedititiis
406 1462 483 1515 sais:
500 1464 531 1514 at
546 1476 601 1516 non
625 1462 800 1533 disperpatar
813 1463 929 1534 popalus
985 1461 1081 1530 lamas)
1097 1462 1145 1530 qni
1159 1459 1340 1531 respiciebant
1349 1460 1384 1514 ad
1396 1460 1553 1532 aquilonem
1566 1475 1571 1512 :
1583 1463 1610 1512 et
1618 1473 1679 1513 ecce
1690 1457 1730 1512 ili
1744 1459 1808 1512 erat

106 1565 183 1606 meas
195 1550 383 1620 anttsqaispne
392 1565 410 1604 a
420 1551 586 1620 possessione
594 1550 720 1606 snalluc
729 1567 822 1622 usque
834 1567 929 1606 sermo
985 1550 1058 1605 locas
1069 1564 1184 1616 serpens
1198 1548 1235 1604 ad
1244 1548 1407 1604 occidentem
1419 1548 1489 1616 (sivo
1505 1547 1540 1602 ad
1549 1562 1643 1602 mare:
1660 1550 1684 1601 et
1696 1548 1724 1601 at
1735 1544 1807 1600 LXX

108 1639 144 1695 de
158 1637 300 1711 principe,
317 1653 395 1692 nunc
412 1638 447 1693 ds
462 1637 628 1693 heredibus
640 1639 706 1710 ejus
720 1643 863 1711 precepta
877 1639 929 1693 tri·
984 1637 1208 1705 transtulerunt,
1237 1638 1399 1709 separatus).
1418 1639 1448 1691 et
1476 1637 1549 1691 discit
1563 1635 1598 1690 ad
1621 1649 1682 1689 rna:
1698 1635 1751 1689 iste
1763 1641 1809 1689 est

107 1727 259 1784 huuntur:
276 1726 368 1781 immo
380 1726 416 1781 de
430 1725 697 1793 donis,haeroditate
719 1731 805 1798 atque
815 1727 928 1799 legatis,
985 1726 1059 1781 locas
1074 1726 1124 1781 abi
1137 1733 1249 1797 coquent
1262 1724 1422 1794 sacerdotes,
1434 1741 1484 1796 pro
1510 1724 1616 1789 delicto,
1632 1731 1658 1778 et
1677 1738 1727 1793 pro
1741 1738 1808 1794 pec·

107 1815 217 1887 quibus
232 1814 427 1882 derodebant,
444 1818 473 1870 et
487 1830 613 1886 quorum
630 1815 669 1871 sit
681 1815 726 1871 vel
748 1817 784 1871 ad
799 1820 928 1887 tempus,
983 1822 1042 1869 cato
1057 1813 1129 1885 (sive
1144 1829 1193 1880 pra
1210 1815 1402 1881 ipncrantiaet
1415 1814 1624 1885 proprendere·
1638 1813 1807 1883 coquentes-

107 1903 153 1960 vel
167 1907 274 1960 eterna
288 1901 445 1975 possessio.
462 1902 502 1970 Si,
518 1902 625 1974 inquit,
641 1902 710 1959 filiis
740 1905 802 1960 suis
817 1904 930 1960 dederit
983 1903 1121 1972 orificium
1135 1902 1208 1973 (sive
1223 1919 1324 1957 manaa
1352 1911 1377 1958 et
1400 1903 1516 1973 donam)
1532 1905 1562 1957 at
1578 1917 1633 1957 nan
1648 1901 1761 1972 efferant
1774 1900 1809 1955 in

107 1992 153 2049 vel
168 1993 289 2060 donum,
304 1990 349 2047 vel
365 1989 634 2062 hereditatem,ipsi
647 1992 841 2063 possidebunt
852 2009 927 2048 eam:
984 1992 1089 2045 atrium
1104 1991 1234 2059 caterius,
1251 1996 1277 2046 et
1298 1991 1483 2061 sanctificetur
1504 1990 1633 2061 popa-tas.
1664 1990 1696 2045 Et
1711 1989 1810 2045 edaait

108 2081 180 2153 quia
194 2080 237 2136 eis
264 2078 460 2135 successionis
471 2080 539 2150 jure
567 2079 700 2147 debetur,
716 2085 744 2137 et
770 2082 805 2137 de
821 2081 877 2136 alio
892 2081 928 2138 ad
984 2094 1026 2134 ute
1040 2080 1071 2134 in
1086 2080 1188 2134 atrium
1203 2081 1333 2150 acterius,
1345 2083 1370 2134 ct
1384 2079 1568 2135 circumduxit
1576 2095 1618 2134 me
1628 2093 1678 2146 per
1690 2081 1809 2150 quatuor

108 2169 201 2226 alium
215 2185 274 2224 non
289 2171 384 2240 potest
398 2168 524 2224 transire
540 2169 697 2240 possessio.
714 2170 763 2225 Sin
773 2175 872 2226 eutem
884 2170 931 2226 de·
983 2168 1100 2238 capnios
1115 2170 1198 2222 atrii:
1215 2172 1309 2224 etecce
1324 2170 1456 2224 atriolum
1471 2172 1529 2225 crat
1544 2170 1572 2222 in
1598 2168 1702 2236 napata
1724 2168 1807 2233 atrii,

108 2259 184 2315 derit
197 2257 248 2315 uni
264 2273 413 2314 sorvorum
430 2273 551 2313 suorum
567 2257 654 2330 legati
666 2259 794 2326 nomine,
805 2263 866 2314 tam
878 2260 927 2315 diu
984 2257 1085 2311 atriola
1099 2259 1216 2326 sinpato
1229 2274 1280 2328 per
1293 2259 1410 2328 capnios
1425 2259 1500 2313 atrii.
1517 2259 1549 2312 ln
1564 2264 1681 2329 quatuor
1693 2255 1809 2324 anpntis

108 2346 227 2404 habebit
236 2345 609 2420 possessionem,quamdiu
620 2346 665 2402 vel
677 2348 822 2420 septimus
833 2365 929 2405 annus
986 2347 1057 2400 atrii
1083 2346 1184 2401 atriola
1212 2346 1352 2417 disposita,
1381 2346 1564 2418 quadrapinta
1592 2345 1743 2401 cubitorum
1753 2359 1808 2416 per

107 2433 301 2502 remissionis,
317 2433 367 2506 qui
380 2432 487 2489 dicitur
503 2450 599 2490 nsnon
612 2434 712 2506 (rtet),
728 2436 772 2492 vel
779 2436 929 2508 jubilaeus,
984 2436 1104 2506 tanqam,
1117 2443 1143 2489 et
1157 2436 1275 2505 tripirtta
1287 2452 1337 2506 per
1350 2435 1588 2492 tatamdtansarae
1599 2435 1681 2490 anias
1692 2442 1809 2506 quatuor

107 2524 164 2581 hoc
176 2528 221 2582 est
235 2523 513 2596 quinquagesimus,
529 2525 681 2594 adveniat:
700 2527 817 2598 quando
833 2526 930 2582 omnis
983 2534 1064 2579 erant
1074 2541 1083 2577 .·
1094 2532 1121 2579 et
1129 2526 1219 2595 partes
1227 2540 1276 2594 per
1285 2525 1430 2580 circuitam
1441 2522 1806 2594 ambierrsqnatnoratriota:

51 2614 55 2619 ’
106 2613 217 2686 emptio
233 2617 321 2685 atque
334 2612 453 2668 donatio
469 2612 623 2669 revertitur
636 2615 673 2669 ad
703 2614 814 2686 priores
835 2614 929 2670 dorni·
985 2612 1378 2682 etcnlineetatricatoeerant
1393 2613 1620 2682 satterporiicas
1639 2627 1692 2683 per
1706 2627 1808 2683 pyram

107 2702 239 2758 noszita
262 2706 514 2757 utservususum
543 2700 717 2772 habeatpro
746 2707 931 2774 tempore,et
984 2701 1397 2773 (sivsprcpteraccnbitaqueo
1421 2700 1535 2774 Aquila,
1567 2694 1693 2761 στιὸάδας
1715 2699 1808 2757 inter·

107 2789 314 2863 proprietatem
329 2789 527 2862 possessionis
542 2789 593 2844 filii
610 2789 759 2862 principis.
781 2792 861 2855 Quod
877 2809 929 2848 nu·
984 2794 1116 2860 pretatus
1132 2794 1193 2845 est:
1206 2790 1401 2862 Symmachus
1412 2789 1633 2866 περιφράγματα,
1645 2788 1805 2846 'theodotio

108 2883 169 2933 tem
184 2877 332 2949 sequitur:
349 2877 385 2931 Et
399 2892 456 2931 non
472 2876 595 2949 accipiet
610 2877 745 2949 princeps
757 2879 792 2934 de
808 2879 929 2935 haredi-
983 2878 1382 2949 ipsnmverhumHebraicum
1392 2878 1806 2951 posuittalrunornldttdieit,

107 2969 168 3022 tate
183 2963 761 3040 populiperviolentiam(Lev.xx111),sive
772 2972 930 3041 utSeptua-
984 2967 1090 3039 iuquit,
1106 2967 1141 3021 ad
1154 2984 1217 3022 me:
1231 2970 1293 3024 ilaec
1306 2972 1344 3024 est
1357 2975 1452 3023 domas
1466 2969 1634 3038 aretinarum,
1656 2970 1687 3023 in
1697 2983 1750 3039 qua
1759 2983 1809 3024 ca·

108 3055 191 3128 puta
203 3052 426 3122 transtulerunt,
442 3057 475 3109 ut
489 3053 636 3126 opprimat
650 3071 711 3124 eos,
723 3054 810 3111 velut
824 3057 930 3130 Aquila
984 3064 1066 3128 quent
1079 3057 1203 3112 ministri
1218 3056 1315 3111 domus
1329 3058 1453 3111 victimas
1461 3058 1557 3128 papati
1565 3055 1809 3129 [Vulgadditlto-

110 3149 139 3201 et
149 3140 353 3217 Symmachus,
366 3141 577 3214 uteltligateos
592 3147 680 3215 utque
695 3145 862 3201 contristet:
878 3147 928 3203 sed
944 3131 965 3198 C
984 3147 1059 3199 mina
1072 3145 1142 3215 (sive
1157 3145 1326 3215 victimaret:
1345 3147 1401 3200 lloc
1412 3145 1490 3200 enim
1502 3145 1648 3202 Hebraice
1658 3145 1810 3218 significat

111 3235 148 3291 ds
164 3229 349 3306 possessione
364 3245 418 3284 sua
433 3228 634 3286 hereditatem
659 3231 740 3286 dubit
768 3230 836 3288 filiis
851 3233 930 3289 suis:
985 3250 1055 3289 nsua
1069 3234 1167 3304 (muz
1184 3233 1235 3288 Vir
1245 3234 1295 3305 qui
1306 3234 1453 3289 calamum
1465 3236 1583 3291 tenebat
1594 3251 1683 3290 manu
1694 3240 1724 3290 et
1735 3234 1813 3291 iuni·

111 3320 250 3396 suggillat
265 3335 323 3375 non
339 3317 434 3375 solum
450 3318 530 3373 illius
546 3319 686 3392 temporis
710 3321 886 3393 sacerdotes,
904 3326 933 3378 et
987 3322 1285 3391 culumcaementarii,
1301 3339 1359 3393 quo
1374 3323 1531 3378 edificium
1548 3323 1625 3381 588
1642 3323 1811 3393 metiretur,

109 3410 268 3486 principes,
283 3408 334 3465 scd
350 3407 445 3464 nostri
460 3423 586 3480 quoque,
604 3408 654 3480 qui
670 3408 790 3465 ditiores
803 3410 932 3468 fiuntss·
986 3409 1157 3477 introduxit,
1173 3410 1281 3480 inquit,
1299 3427 1343 3466 me
1360 3428 1411 3483 por
1425 3412 1602 3484 ingressum,
1633 3411 1683 3485 qui
1699 3416 1761 3468 erat
1775 3428 1812 3469 ex

109 3498 395 3571 eordotiidignitate,
426 3501 620 3568 etpraeterea
648 3513 712 3569 que
741 3497 798 3553 sibi
818 3498 931 3554 Domini
986 3498 1077 3554 latere
1092 3504 1191 3570 porte,
1206 3498 1250 3554 vel
1267 3505 1457 3573 posttergum
1471 3505 1570 3573 porta.
1582 3501 1748 3573 Necposuit
1759 3517 1812 3558 cn·

110 3588 302 3662 dispositione
312 3586 467 3654 debentur,
475 3583 584 3641 tollunt
594 3602 611 3642 a
620 3585 801 3658 pauperibus
811 3604 861 3660 per
872 3588 932 3643 vio·
982 3589 1034 3660 jus
1050 3592 1148 3659 ports,
1164 3587 1332 3654 Orientalis,
1345 3589 1499 3656 Australis,
1510 3595 1561 3645 aut
1571 3589 1690 3646 alterius
1701 3589 1811 3662 plagae:

108 3677 231 3736 lentiam
245 3693 253 3733 ι
269 3675 313 3732 vel
328 3675 384 3732 sub
399 3673 519 3730 honoris
534 3674 653 3730 nomine
667 3674 771 3732 divites
794 3676 931 3748 spoliant,
987 3676 1037 3732 sed
1054 3674 1172 3748 reliquit
1184 3676 1340 3748 incertum,
1352 3682 1386 3732 ut
1398 3678 1469 3733 irem
1482 3680 1517 3734 ad
1531 3678 1811 3750 locumsauctusrii,

108 3772 143 3825 ut
157 3767 230 3841 ipsis
246 3762 442 3839 quoqueiiliis
453 3762 526 3830 suis,
538 3763 646 3835 quibus
671 3768 793 3835 paterna
812 3766 940 3822 debetur
986 3764 1060 3820 etin
1075 3764 1293 3838 gazophylacia,
1309 3765 1369 3821 sive
1397 3766 1426 3821 in
1452 3767 1587 3823 cubicula
1610 3766 1812 3832 sacerdotum,

109 3855 274 3924 hereditas,
290 3853 331 3909 nil
347 3852 472 3909 debeant
486 3851 700 3924 derelinquere,
709 3853 766 3909 nisi
782 3855 860 3925 quod
876 3854 933 3910 sibi
987 3869 1050 3925 quae
1065 3853 1261 3925 respiciebant
1272 3854 1308 3909 ad
1319 3854 1485 3925 aquilonem
1494 3859 1523 3911 et
1533 3857 1566 3911 sd
1580 3871 1660 3911 mare
1671 3871 1678 3910 t
1691 3856 1728 3911 ad
1740 3871 1812 3930 sep·

110 3943 313 4019 aparentibus
325 3940 495 3998 derelictum
512 3945 643 4014 estllrgo
660 3943 710 4014 qui
725 3943 813 3998 ditior
828 3947 873 3999 est
886 3959 932 3998 sa·
986 3942 1161 3999 tentrionem
1176 3942 1312 4000 videlicet
1341 3948 1369 3999 et
1384 3944 1420 3998 ad
1435 3943 1635 4000 occidentem:
1661 3944 1738 4000 hanc
1754 3944 1809 4001 ha·

111 4034 224 4100 cordos,
240 4047 329 4105 quam
343 4029 423 4086 venit
437 4031 472 4086 sd
486 4031 695 4097 sacerdotium,
707 4031 849 4104 quidquid
865 4032 932 4105 plus
987 4031 1072 4087 bento
1088 4031 1239 4103 Scriptura
1253 4049 1336 4089 sacra
1350 4033 1604 4103 consuetudinem,
1620 4037 1653 4089 ut
1678 4049 1732 4106 pro
1752 4033 1814 4090 situ

112 4121 259 4188 habuerit,
275 4136 334 4175 non
348 4117 417 4175 filiis
430 4119 517 4174 dehet
530 4119 610 4189 dare,
627 4121 677 4176 sed
698 4121 889 4192 pauperibus,
905 4124 934 4177 et
986 4124 1069 4174 torre
1083 4119 1200 4187 ludere,
1217 4137 1333 4194 sempor
1354 4138 1435 4177 mare
1458 4121 1644 4177 Occidentem
1667 4125 1763 4178 vocet.
1778 4122 1816 4178 st

112 4209 224 4268 sanctis
238 4207 390 4274 tratribus,
405 4211 434 4263 et
460 4207 630 4263 domesticis
655 4206 732 4276 fidei,
748 4210 798 4285 qni
814 4209 934 4266 vincunt
987 4208 1234 4264 considerandum
1250 4212 1327 4281 quod
1343 4209 1424 4266 locus
1436 4209 1686 4280 sacerdotum,ubi
1701 4210 1817 4283 prode·

112 4299 218 4358 merita
231 4298 392 4356 liberorum
420 4301 453 4353 ut
468 4297 570 4352 reddet
594 4313 628 4353 eu
641 4312 705 4368 que
734 4297 849 4354 Domini
865 4306 934 4355 sunt
988 4296 1071 4365 licto,
1087 4297 1332 4371 siveignorantia,
1349 4304 1378 4355 et
1392 4317 1442 4372 pro
1456 4302 1572 4371 peccata
1588 4303 1757 4372 coquuntur
1766 4315 1817 4357 sa·

111 4390 189 4449 582
201 4387 324 4446 Domino
339 4403 403 4453 suo,
416 4387 466 4459 qui
478 4385 609 4459 loquitur
619 4385 648 4442 in
660 4386 815 4459 Evangelio
829 4405 835 4443 :
849 4387 934 4454 Ouid·
991 4386 1113 4449 crificia,
1130 4403 1166 4442 ne
1181 4389 1272 4443 cruda
1286 4389 1457 4454 offerantur,
1469 4389 1498 4443 in
1513 4388 1621 4444 atrium
1638 4387 1768 4445 exterius
1778 4387 1817 4445 ad

112 4480 184 4554 quid
194 4478 245 4535 uni
260 4478 383 4533 istorum
400 4475 521 4543 lecistis,
539 4475 610 4530 mihl
625 4475 735 4531 lecistis
746 4477 849 4548 (ldatttr.
865 4494 931 4548 xxv,
948 4501 972 4566 D
987 4473 1164 4546 Aquilonem
1181 4479 1209 4530 at
1223 4476 1407 4533 Occidentem
1424 4477 1535 4549 positus
1551 4478 1607 4532 sit:
1620 4477 1820 4534 auderentne

110 4569 171 4640 to).
191 4568 255 4641 lpse
271 4567 350 4623 enim
365 4565 396 4621 in
412 4565 592 4638 pauperibus
609 4564 771 4638 suscipitur
785 4565 931 4639 hospitio;
989 4562 1199 4637 frigidissimus
1215 4564 1316 4635 oritur,
1334 4571 1362 4622 ot
1377 4566 1426 4622 ubi
1441 4566 1513 4623 solis
1528 4565 1626 4622 lumen
1655 4565 1816 4624 occumbit.

109 4658 247 4716 visitatur
260 4657 291 4712 in
306 4671 419 4711 carcere
435 4673 442 4711 :
458 4655 556 4711 nudus
571 4654 701 4727 tegitur:
717 4655 822 4710 sitiens
837 4654 931 4710 bibit:
989 4653 1028 4707 hia
1043 4669 1101 4725 quo
1116 4653 1291 4723 ostenditur,
1308 4655 1451 4727 quidquid
1466 4655 1500 4709 od
1518 4655 1649 4711 edulium
1675 4655 1817 4728 pertinet,

111 4751 261 4806 saturatur
274 4736 424 4802 esuriens.¹
435 4743 472 4800 Ut
487 4760 544 4799 non
555 4743 751 4816 dispergatur,
763 4742 868 4816 inquit,
882 4760 933 4815 po·
987 4742 1032 4798 vel
1047 4758 1099 4813 pro
1114 4759 1210 4799 erroro
1226 4761 1301 4811 esse,
1314 4744 1358 4800 vel
1375 4761 1426 4816 pro
1442 4750 1569 4816 peccato.
1595 4744 1645 4799 Sin
1662 4748 1763 4800 autem
1787 4747 1817 4802 et

3 4898 7 4905 ,
111 4831 934 4911 pulusmeusapossessionesusSisuimliccnliarnha-
990 4830 1561 4902 proignorantiaoffertursacrificium,
1590 4832 1815 4907 quantomagis

110 4926 207 4983 buerit
221 4925 367 4999 princeps,
381 4921 426 4979 vel
454 4922 594 4994 accipere,
610 4921 655 4977 vel
683 4937 794 4994 rapere,
818 4920 863 4978 vel
878 4922 933 4977 sub
988 4935 1040 4990 pro
1057 4917 1152 4974 delicti
1164 4921 1359 4977 conscientia!
1374 4923 1455 4977 Unde
1469 4927 1497 4977 et
1508 4922 1563 4977 lob
1575 4922 1714 4978 offerebat
1727 4936 1817 4978 mene

111 5013 581 5087 ilgurshonoristenerequaenon
593 5014 766 5074 suntsun,et
778 5010 933 5067 liherisde-
989 5008 1118 5080 quotidie
1133 5009 1260 5066 hostiam
1275 5027 1327 5083 pro
1344 5011 1411 5066 liliis
1427 5012 1489 5066 suis
1505 5012 1573 5083 (tot.
1604 5012 1635 5081 ι),
1652 5010 1763 5067 timens
1777 5024 1817 5067 ne

111 5102 285 5176 relinquere,
301 5101 429 5176 populus
443 5101 495 5174 qui
510 5100 540 5156 in
556 5100 674 5157 nomine
689 5099 740 5156 Dei
758 5100 854 5156 suerat
864 5116 932 5156 con·
988 5115 1040 5170 per
1052 5098 1541 5172 ignorantiamdeliquissent.Quod
1553 5104 1651 5159 autem
1662 5099 1816 5173 sequitur:

147 5284 265 5384 (alliun
281 5297 371 5353 Tirott
385 5314 452 5354 cum
468 5295 781 5369 Massorethialogebat
796 5296 934 5372 Hierony·
988 5301 1017 5353 et
1031 5296 1176 5423 praecipue
1188 5295 1770 5369 antiquisssangermapudMantiane,
1785 5297 1818 5355 in

112 5389 180 5430 mus
194 5389 225 5427 ιιι
240 5386 294 5427 suo
309 5369 467 5441 exemplari
483 5368 635 5435 Hebraico,
645 5368 695 5424 sed
709 5368 934 5432 mundiorem
988 5369 1029 5424 He

111 5459 180 5501 eum
194 5442 348 5512 schonrec,
365 5441 395 5495 id
409 5444 464 5505 est,
481 5456 547 5496 eum
563 5449 574 5498 t
590 5456 650 5508 vau,
667 5439 770 5496 vocali.
787 5440 881 5496 Mans.
899 5471 934 5482 -
989 5441 1034 5507 iod
1048 5440 1097 5509 sit,
1112 5456 1169 5495 non
1186 5456 1239 5495 aaa
1263 5438 1377 5496 littera:
1403 5450 1528 5509 ntrrnn,
1556 5444 1584 5498 et
1602 5439 1819 5501 Theodotionis

110 5514 296 5571 Martianaeus
310 5510 422 5585 aspirat
435 5510 618 5579 TltUllO'l'H,
636 5510 736 5584 sicque
747 5511 933 5569 retinendum
989 5512 1079 5570 Grec.
1096 5511 1230 5586 preferat
1243 5509 1350 5586 τειρώθ.

111 5582 932 5665 muanditsaedpraterquamquodestasiasmeno.

1051 5385 1106 5424 rna
1122 5385 1178 5424 non
1195 5384 1246 5439 per
1260 5380 1282 5426 rt
1298 5368 1447 5435 scribitur,
1464 5371 1514 5426 sed
1530 5384 1574 5429 m:
1590 5370 1709 5425 tametsi
1722 5369 1820 5426 altere
