3818 6104
99 300 161 368 213
392 301 764 371 connnnnnnlonun
790 307 826 368 ΙΝ
852 300 1098 366 DZDGHlDbDM
1123 303 1194 367 ule.
1219 304 1283 368 Vll.
1306 305 1392 371 GAP.
1417 305 1527 372 xxm.
1749 297 1810 366 tlt

98 439 265 496 sanctuaria
273 438 588 498 meatnarsamtnma
594 443 803 514 profanumaon
810 438 932 496 tabuere
946 437 974 504 A
989 438 1473 511 propbetesetsecerdotesmedius
1479 440 1621 500 Dominus
1627 438 1811 516 inquinetur,

103 527 281 600 distantiam,
291 533 319 585 et
335 528 932 601 interpottutumetmundumnonintelteac-
987 524 1022 582 de
1037 544 1094 599 quc
1111 529 1335 601 scriptumest:
1352 531 1454 588 bladius
1468 540 1561 589 auum
1583 535 1657 589 inter
1682 549 1731 589 uos
1758 535 1812 589 stat

101 625 179 685 nent,
197 621 224 674 et
239 635 258 674 a
272 619 391 673 sabbatis
405 621 473 674 meis
501 623 661 675 auerterunt
689 620 780 676 ocatm
805 633 879 685 suos,
906 619 932 671 ct
986 632 1067 686 quem
1085 633 1130 673 vos
1146 619 1282 689 intimatis
1298 620 1386 691 (ioan.
1409 638 1429 688 1,
1444 622 1502 692 ab).
1532 621 1681 694 Prophetes
1710 619 1810 694 igitur,

101 705 311 777 coinquinabar
325 707 355 760 in
364 706 455 762 medio
469 722 572 762 eorum.
584 710 728 779 Principes
735 707 794 779 ejus
805 708 835 760 in
843 705 932 761 medio
986 703 1046 761 sive
1056 706 1157 773 duces,
1172 708 1305 763 leonibus
1315 715 1534 780 comparantur.
1549 709 1700 783 Principes
1711 712 1809 766 sutem

102 794 931 867 itliusquasitnpirnpientesproedamadeffundendnmsan·
986 795 1808 871 quosinteriorisgrcdushomincsintelligimusluporum

101 886 229 955 quinem,
245 886 271 938 et
282 883 437 955 perdendas
454 886 571 951 animas,
587 889 613 940 et
632 900 715 940 auare
743 884 778 939 ad
804 882 932 938 sectanda
986 882 1670 959 imitenturrapinem,utcliundcntsanguinem
1682 903 1810 944 noncor-

102 972 193 1028 lucra.
210 971 350 1043 Prophetes
365 977 459 1028 autem
473 975 531 1045 ejus
547 974 671 1029 tinebant
685 990 729 1029 eos
743 973 841 1044 absque
864 975 930 1026 tem·
985 987 1100 1043 porum,
1114 973 1164 1028 sed
1175 973 1352 1039 animarum,
1365 978 1393 1030 et
1403 976 1740 1044 avercsectanturlucrs,
1756 991 1807 1032 ne·

100 1064 273 1134 perornando,
288 1060 409 1116 videntes
420 1070 528 1132 ranam
537 1061 690 1117 divinantes
699 1064 737 1118 eis
745 1060 929 1126 mendacium,
986 1077 1135 1133 qusquam
1152 1061 1202 1118 illo
1215 1065 1359 1119 contenti:
1377 1064 1431 1132 Qui
1442 1065 1761 1137 seruiuntattari,uioant
1774 1065 1808 1122 de

101 1149 241 1206 dicentes:
258 1150 322 1206 llaec
336 1149 403 1205 dicit
419 1151 550 1206 Dominus
563 1152 642 1220 Deus,
659 1166 721 1206 carn
731 1151 865 1205 Dominus
875 1165 930 1203 non
985 1152 1084 1205 altario
1095 1151 1118 1222 (l
1127 1152 1188 1207 cor.
1203 1169 1242 1218 rx,
1257 1152 1301 1223 13)
1314 1169 1320 1208 :
1337 1153 1386 1208 sed
1399 1155 1598 1225 postquumsd
1611 1153 1807 1210 ministerium

97 1241 134 1295 sit
149 1240 273 1294 mentes.
288 1239 426 1303 Populum
440 1241 520 1295 terre
534 1239 777 1295 calumniabantur
790 1239 932 1293 calumnia
985 1238 1036 1294 Dei
1045 1239 1324 1311 accesserint‚Graeci
1338 1240 1648 1315 divitiescongregent.
1659 1241 1809 1314 Prophetes

97 1327 198 1400 [Vulg.
216 1327 330 1399 Populi,
347 1326 575 1399 eteatumniamt,
592 1336 618 1383 et
629 1327 928 1399 rapiebantuiotenter:
985 1344 1104 1400 quoquc
1119 1327 1161 1382 illi
1176 1329 1228 1400 qui
1243 1332 1366 1385 venture
1381 1329 1588 1402 praenuntiant,
1604 1329 1745 1387 liniebant
1758 1345 1808 1386 ecs

96 1432 215 1488 egenum
229 1419 413 1487 etpauperem
430 1416 600 1488 affligebant,
616 1417 782 1471 etaduenam
799 1416 932 1486 opprime·
985 1417 1096 1489 ubsque
1107 1422 1350 1489 temperamento,
1361 1419 1397 1475 dc
1407 1435 1465 1491 quo
1474 1424 1504 1475 et
1514 1436 1603 1492 supra
1613 1419 1751 1488 diximus,
1762 1434 1809 1474 vs·

99 1504 163 1561 bant
175 1504 323 1562 calomnia
337 1505 558 1577 absquejudiaio.
570 1506 724 1577 btquaesioi
735 1506 769 1560 de
780 1507 818 1559 eis
829 1505 928 1571 uirum,
984 1505 1169 1562 ticinentium
1189 1508 1408 1580 prophetarum,
1420 1508 1470 1579 qui
1481 1509 1592 1580 absque
1602 1507 1809 1564 commixtione

97 1596 145 1667 qai
164 1594 356 1665 interponeret
369 1596 528 1662 maceriam,
544 1596 664 1649 abstaret
675 1593 930 1665 oppositumcontra
985 1591 1136 1665 palearum
1151 1592 1294 1649 linierunt
1310 1593 1518 1667 parietem,qui
1530 1593 1675 1652 imbribus
1686 1594 1810 1668 dissipe·

96 1681 538 1755 sneproterra,nedissiparem
556 1687 735 1750 cameleon
765 1685 867 1739 inversi.
900 1686 932 1738 m
984 1685 1043 1736 tur.
1061 1680 1807 1756 Istiusmodividentvsnn,etnonmmprophctsnt,

94 1771 184 1844 qudi
194 1771 562 1842 supereosindiqnationem
577 1788 676 1839 meam
689 1774 718 1827 in
730 1774 792 1844 ipne
803 1773 855 1828 ine
865 1788 930 1826 nseae
985 1784 1074 1840 quem
1089 1769 1224 1825 divinent
1239 1771 1437 1839 mendacium,
1453 1771 1672 1828 dicentesterrae
1685 1769 1809 1826 misere·

93 1862 261 1932 consumpsi
270 1875 325 1917 eos.
343 1862 421 1916 Viam
435 1877 530 1916 corum
544 1862 575 1916 in
590 1869 671 1933 caput
689 1877 784 1918 aarum
812 1860 929 1928 reddidi,
986 1855 1053 1912 hili:
1070 1857 1135 1913 Haec
1150 1858 1222 1913 dicit
1236 1861 1388 1928 Dominus,
1404 1859 1546 1916 Dominus
1559 1860 1617 1917 iste
1643 1858 1806 1934 promittit:

94 1952 136 2007 ait
150 1949 494 2006 DominasDeus.Poteret
509 1949 756 2022 diligensauditor
770 1949 930 2021 inquirere,
985 1964 1052 2003 cum
1069 1947 1214 2003 Dominus
1225 1964 1281 2004 non
1293 1947 1561 2005 sitlocutusndeos.
1572 1948 1702 2022 Populus
1710 1951 1808 2004 eutem

95 2055 162 2112 ques
172 2043 256 2095 essct
270 2037 366 2094 scoria
380 2054 446 2109 quae
461 2039 577 2110 argenti
592 2036 743 2094 violaverit
759 2038 929 2109 puritatem,
984 2039 1067 2092 terre
1083 2051 1271 2108 nequequam
1299 2036 1362 2107 Dei,
1388 2037 1438 2093 sed
1463 2041 1645 2093 terrenorum
1674 2052 1807 2108 operum,

96 2133 209 2198 msere,
225 2126 359 2200 plumbo,
376 2130 492 2192 stanno,
509 2127 643 2198 serraque
659 2127 819 2183 miscuerit.
848 2127 929 2190 Quod
984 2124 1150 2197 principum
1166 2141 1199 2180 ec
1215 2125 1398 2182 secerdotum
1425 2124 1576 2183 aemulstor
1604 2126 1741 2194 existens,
1757 2141 1809 2198 per

95 2216 139 2275 ihi
152 2216 250 2290 igitur
266 2216 322 2272 sub
338 2232 465 2288 persone
480 2217 572 2283 urhis,
588 2215 930 2288 etlornaoiscxpressum
984 2213 1807 2286 celumninmetpotentiemcunctsinciebctmondivites,

99 2310 158 2372 est,
173 2311 202 2362 ct
214 2304 284 2361 huic
300 2304 355 2360 suh
372 2304 470 2377 specie
484 2309 578 2372 terrae,
595 2321 659 2376 quse
682 2321 740 2360 non
762 2303 800 2359 sit
824 2303 928 2377 rigate,
984 2303 1033 2358 sed
1052 2318 1194 2374 pauperes
1206 2303 1385 2377 opprimens,
1402 2304 1561 2376 dequibus
1576 2303 1719 2377 scriptum
1742 2307 1806 2359 est:

103 2410 162 2450 nec
177 2393 302 2466 pluviem
319 2392 492 2464 susceperit,
508 2392 691 2464 predicatur.
722 2392 839 2449 Pluviss
864 2392 929 2448 illas
983 2392 1094 2462 Pauper
1109 2400 1201 2447 autam
1215 2408 1270 2448 nou
1284 2393 1398 2449 sustinet
1412 2395 1663 2450 comminationem.
1679 2394 1729 2448 lit:
1756 2393 1807 2448 lle·

101 2482 248 2538 debemus
265 2480 437 2553 intelligere,
454 2482 489 2537 de
504 2481 612 2553 quibus
626 2480 840 2552 scriptumest:
854 2480 929 2536 Man·
982 2479 1100 2551 demptio
1114 2481 1214 2535 animer
1238 2482 1292 2536 uiri
1308 2483 1431 2553 proprie
1445 2481 1547 2537 diuitiis
1561 2483 1652 2553 (Prae.
1681 2498 1742 2551 xm,
1767 2479 1805 2552 8).

98 2570 171 2628 dabo
187 2570 744 2642 nabibnsnepluantsupcrcamimbrcm
762 2569 822 2641 (lsa.
836 2587 863 2634 v,
879 2572 926 2641 b):
983 2568 1131 2623 Advenum
1148 2573 1303 2639 quoquest
1316 2570 1514 2642 peregrinum,
1531 2570 1580 2642 qui
1598 2570 1723 2626 necdum
1736 2567 1807 2624 civis

100 2676 191 2733 quem
206 2663 424 2731 exspectemus,
441 2658 741 2730 quandoduturnobis
754 2657 929 2730 pluvintcm-
984 2656 1370 2724 Ecclesiniueruteliectus,
1402 2659 1452 2713 sed
1478 2662 1593 2714 tentum
1623 2657 1749 2726 auditor,
1779 2661 1809 2712 et

98 2753 268 2822 potensest
283 2746 422 2813 serotina,
440 2747 475 2803 de
491 2764 549 2818 qua
565 2747 706 2819 scriptum
725 2734 769 2802 cst
781 2763 787 2802 :
801 2748 929 2802 Pluuiam
983 2744 1095 2801 hebens
1112 2745 1194 2801 initia
1207 2743 1285 2811 fidei,
1300 2745 1504 2819 opprimebant
1513 2745 1660 2802 calumnie
1671 2763 1678 2802 ε
1691 2749 1722 2801 ut
1730 2749 1808 2818 post·

97 2836 769 2910 voluntariamseprepabis‚Deus,bnrcditatttam
777 2841 833 2903 (Ps.
843 2851 928 2898 ιιιιιιι,
984 2833 1255 2906 quamcircuissent
1267 2850 1347 2890 mere
1357 2839 1385 2890 et
1397 2835 1520 2903 aridem,
1528 2836 1567 2906 (a)
1578 2835 1705 2891 fecerent
1713 2850 1806 2890 unum

99 2928 153 3000 lb).
171 2928 239 2983 Dies
255 2930 355 2983 eutem
370 2925 478 2982 luroris
488 2929 543 2992 est,
558 2941 646 2997 quem
657 2924 712 2980 sibi
725 2925 929 2997 unusquisque
984 2922 1213 2994 proselytum,et
1223 2923 1426 2980 secarenteum
1438 2922 1532 2979 lilium
1552 2922 1702 2997 gehenne.
1729 2924 1807 2979 200

99 3014 440 3074 concilintmultitudine
458 3019 655 3087 peccatorum.
684 3013 763 3070 Scire
792 3012 928 3087 cupimus
984 3010 1553 3069 Intertsntsnutemvitieetscelerum
1575 3010 1796 3068 multitudinem

100 3122 161 3179 que
176 3105 218 3162 sit
234 3104 320 3161 urhis
335 3103 441 3174 scaris,
453 3103 503 3175 qui
520 3107 602 3159 terrae
618 3102 783 3158 durissimus
798 3106 827 3157 et
837 3103 928 3174 plenis
986 3099 1106 3171 quesivi
1121 3101 1157 3155 de
1172 3100 1214 3157 eis
1229 3100 1325 3156 virum
1342 3100 1450 3173 quiirae
1465 3116 1537 3156 men
1552 3100 1806 3173 possetrcsistcrc,

99 3195 233 3268 veprium
250 3193 439 3265 sentiumque
454 3192 584 3264 squalor.
609 3191 788 3261 Coniuratis,
821 3191 928 3263 inquit,
946 3170 967 3238 C
986 3192 1015 3244 et
1029 3187 1123 3244 instar
1135 3188 1226 3262 Moysi
1249 3193 1397 3258 etheron,
1413 3194 1442 3245 et
1457 3189 1613 3259 Samuelis,
1629 3189 1690 3262 igni
1705 3192 1809 3245 meoet

100 3283 328 3358 Prophetarum,
345 3282 408 3338 sive
419 3283 504 3354 juxte
515 3281 595 3347 LXX,
606 3280 705 3336 dueum
716 3279 746 3334 in
759 3279 853 3335 medio
865 3280 929 3350 ejus
983 3278 1120 3334 inccndio
1136 3294 1167 3333 se
1179 3284 1337 3351 opponeret
1349 3296 1356 3346 ;
1372 3282 1401 3334 et
1415 3295 1472 3335 nou
1486 3278 1566 3351 potui
1578 3278 1715 3351 reperire.
1727 3277 1809 3334 Unde

100 3372 274 3430 habentium
292 3370 518 3427 similitudinem
534 3368 638 3435 leonis,
654 3369 689 3424 de
704 3385 762 3441 quo
777 3367 880 3425 scribit
901 3373 929 3424 et
985 3366 1161 3439 loquebatur
1177 3367 1212 3423 ad
1229 3367 1364 3439 Moysen:
1380 3370 1492 3424 Dimitte
1505 3384 1557 3434 aaa,
1573 3375 1600 3423 ct
1613 3367 1705 3423 delebo
1720 3382 1809 3439 popu·

101 3460 412 3518 Petrus:ddversarius
422 3463 515 3516 noster
524 3458 660 3526 diabotus,
674 3460 754 3529 quasi
763 3460 803 3512 leo
817 3459 929 3527 rapiens
984 3455 1142 3511 tamisium
1158 3456 1254 3527 (Enod.
1271 3473 1360 3524 xxxii,
1391 3457 1445 3527 lb).
1466 3457 1500 3511 Et
1526 3456 1596 3527 quie
1624 3455 1808 3512 resistentem

102 3551 198 3606 necuit
213 3550 242 3621 (l
253 3548 331 3604 Petr.
348 3565 376 3614 v,
389 3548 428 3619 8).
445 3547 498 3611 Oui
525 3545 569 3602 leo
594 3561 757 3618 omnesque
779 3547 843 3617 ejus
858 3545 928 3601 socii
984 3544 1069 3611 mihi,
1087 3545 1323 3615 retinentemque
1333 3559 1389 3612 me,
1406 3560 1463 3600 nou
1479 3542 1560 3616 potui
1575 3543 1721 3616 reperire:
1744 3559 1809 3616 pro·

102 3655 157 3696 nnn
172 3641 314 3711 quarunt
328 3652 450 3708 corpore
465 3637 612 3702 devorare,
628 3634 678 3691 scd
699 3634 823 3702 enimus,
854 3633 928 3691 ecci·
983 3631 1688 3704 ptereatotcmsupercoseffudiindignetiouem
1700 3647 1808 3697 meam,

101 3728 247 3801 piuntque
262 3725 423 3794 mercedes,
440 3728 469 3780 et
485 3724 609 3797 pecunia
625 3727 730 3778 cumctn
755 3722 927 3795 dijudicent.
984 3727 1013 3778 ct
1027 3720 1290 3793 consumpsimus,
1305 3737 1363 3775 non
1376 3719 1488 3790 absque
1505 3736 1644 3775 mensure
1658 3724 1746 3792 etque
1756 3722 1807 3793 ju·

103 3816 182 3881 Quod
196 3816 230 3870 in
244 3812 296 3869 illo
311 3812 432 3886 quidem
447 3816 578 3884 tempore
593 3810 736 3866 accidisse
751 3809 857 3882 populo
881 3809 930 3864 Ju·
983 3810 1070 3879 dicio,
1087 3811 1138 3866 sed
1149 3814 1181 3865 ut
1196 3808 1344 3864 redderem
1356 3807 1417 3864 viss
1427 3823 1527 3864 eorum
1537 3807 1804 3881 incupitnillorum‚

104 3905 246 3971 deorum,
260 3900 336 3958 nulli
348 3901 534 3957 dubiumest.
547 3899 839 3972 Proptersacerdotes
851 3898 928 3955 enim
983 3900 1028 3956 vel
1044 3898 1162 3971 proprie
1177 3903 1295 3970 peccate
1313 3913 1377 3969 que
1406 3896 1544 3962 tenerent,
1570 3896 1739 3954 auctoribus
1753 3897 1806 3954 tri-

106 3992 285 4066 etprincipcs
296 3997 325 4048 et
335 3990 493 4062 prophetas
503 3987 624 4045 adduxit
634 3987 776 4043 Dominus
787 4003 930 4058 supereos
985 3990 1090 4055 bueus,
1107 3986 1151 4044 vel
1166 3990 1244 4043 certe
1259 3986 1288 4040 in
1305 3985 1399 4059 capite
1413 3985 1513 4058 populi
1527 3984 1621 4056 ducis,
1652 3985 1808 4059 principis,

112 4075 929 4149 melumbedinnostretcruselemhocsaepeconspici-
985 4095 1018 4134 uc
1034 4075 1256 4150 prophetarum,
1286 4090 1412 4147 quorum
1444 4072 1546 4130 nullus
1578 4074 1634 4131 tuit
1673 4074 1812 4146 irascenti

108 4168 260 4240 muszqni
274 4170 359 4242 juxta
373 4166 565 4239 Septuaginta
591 4166 729 4222 devorent
757 4165 870 4221 enimse
900 4165 929 4221 in
984 4163 1403 4234 Dominacuderetrcsistcre‚
1421 4168 1592 4236 etquorum
1623 4179 1713 4222 cause
1736 4168 1813 4222 terre

106 4258 247 4332 potentie,
263 4263 294 4314 st
309 4256 385 4313 250
397 4256 523 4327 pretium
535 4253 690 4326 accipiunt,
716 4259 748 4309 ut
769 4254 878 4311 multas
892 4255 931 4310 vi·
986 4254 1123 4329 squelidn
1137 4242 1225 4326 atquc
1240 4254 1355 4310 deserte
1369 4253 1494 4309 imbrem
1525 4251 1643 4309 Domini
1664 4253 1814 4327 suscipere

105 4347 177 4405 dues
191 4347 313 4412 taciem,
326 4362 390 4417 quae
401 4360 545 4417 sponsum
558 4342 714 4399 Dominum
728 4343 928 4415 perdiderunt.
987 4364 1045 4403 non
1062 4344 1178 4401 meruit.

104 4436 215 4495 florum
230 4439 329 4492 sutem
338 4433 546 4506 prophetarum
559 4427 644 4490 lectio¹
653 4436 706 4503 est,
719 4434 747 4486 et
756 4433 929 4504 conjuretis,
1021 4434 1099 4507 (Cep,
1115 4432 1211 4488 XXlll.
1228 4463 1262 4472 -
1278 4435 1360 4488 Vers.
1391 4432 1513 4505 lseqq,)
1528 4434 1711 4504 bifactusest
1729 4446 1817 4487 sermo

107 4525 281 4582 ntinuicem
298 4523 344 4580 sui
360 4525 489 4580 lautores
504 4520 573 4589 sint,
591 4521 728 4578 etomnie
743 4521 835 4593 turpis
857 4521 1097 4602 lucriDDomim'
1112 4522 1212 4589 adme,
1228 4520 1338 4576 dicens:
1355 4521 1409 4575 l‘iti
1433 4520 1563 4583 tramissis,
1592 4519 1656 4577 duce
1688 4522 1819 4576 mutieres

108 4615 198 4687 gretie
211 4612 336 4670 iaciant.
353 4611 525 4668 Sacerdotes
540 4611 590 4683 qui
606 4610 744 4683 presules
756 4609 855 4681 templi
872 4628 937 4668 esse
991 4613 1165 4685 fitiaematris
1176 4612 1258 4665 nnius
1268 4612 1421 4681 [immutet
1429 4611 1575 4680 fornicatae
1584 4617 1646 4665 sunt
1656 4611 1686 4664 in
1693 4610 1817 4681 AEpypto,

112 4702 341 4772 deber-entem
351 4717 478 4775 quorum
489 4717 538 4757 ore
552 4699 656 4757 notitia
667 4699 751 4772 Legis
766 4697 937 4772 inquiritur,
992 4704 1023 4758 in
1038 4701 1222 4757 adolescentia
1236 4715 1286 4753 sua
1297 4700 1443 4770 fornicat&
1457 4702 1532 4753 sunt.
1553 4698 1598 4753 lbi
1625 4697 1738 4752 subacta
1755 4704 1820 4752 sunt

111 4790 215 4849 nolent
225 4788 587 4862 sanctuarie,nullcmquc
599 4788 818 4844 intersanatum
829 4792 857 4843 ct
871 4805 937 4860 pro·
993 4792 1080 4848 ubera
1094 4805 1203 4857 errrnm,
1214 4795 1239 4842 et
1249 4790 1343 4858 tracta
1354 4788 1417 4842 sunt
1426 4800 1555 4842 mamare
1563 4784 1715 4857 pubertatis
1724 4799 1821 4841 aarum

111 4880 220 4950 mum,
237 4879 298 4937 nisi
313 4880 443 4952 pecunie
459 4879 568 4936 hubent
586 4876 767 4934 distantiam.
796 4879 940 4934 Avertunt
994 4879 1075 4951 (sive,
1102 4881 1134 4932 ut
1157 4877 1186 4931 in
1205 4875 1269 4930 LXX
1293 4875 1468 4943 continetur,
1489 4872 1530 4930 lbi
1552 4873 1709 4929 ceciderunt
1737 4873 1821 4932 ubera

113 4971 243 5028 mulces
262 4969 406 5036 sabbatis,
423 4972 452 5024 ct
467 4968 519 5024 Dei
530 4967 662 5040 requiem
688 4983 752 5038 qun
779 4965 809 5022 in
837 4966 941 5022 notitia
993 4983 1099 5037 earum,
1117 4969 1143 5022 ot
1159 4964 1198 5020 ibi
1211 4963 1391 5036 deoirpinata
1405 4964 1490 5029 sunt).
1505 4961 1733 5032 Nominaearum,
1744 4962 1822 5021 Ootta

113 5060 332 5134 hcriptnmrum
347 5062 402 5125 est,
418 5075 477 5114 non
492 5057 653 5129 recogitent
668 5073 674 5111 :
691 5073 744 5111 nec
759 5055 860 5112 dicunt
873 5071 940 5111 cum
995 5057 1087 5128 major
1103 5053 1175 5127 (sive
1191 5053 1304 5124 sortior),
1319 5055 1344 5108 et
1360 5051 1456 5107 ooliba
1469 5067 1546 5108 soror
1560 5052 1628 5124 ejus.
1645 5053 1822 5110 Dtbobuieos

116 5150 273 5224 prophete:
291 5149 391 5205 mnata
406 5147 497 5204 ocutos
510 5163 592 5215 meos,
609 5152 635 5202 et
652 5146 829 5202 considerabo
848 5147 940 5200 mira·
996 5146 1056 5204 sive
1069 5146 1152 5215 tactae
1165 5145 1230 5198 sunt
1244 5141 1335 5213 mibi),
1351 5147 1376 5196 et
1399 5148 1563 5212 pepererunt
1587 5140 1659 5211 filios
1684 5144 1711 5197 et
1737 5141 1821 5212 filias.

118 5235 233 5295 blinda
256 5238 315 5309 leae
341 5242 389 5293 tna
417 5237 505 5306 (Psat.
532 5251 628 5306 cxvui,
656 5235 712 5306 18).
739 5232 837 5303 Neque
866 5232 940 5289 illud
996 5235 1029 5290 ltt
1059 5235 1170 5289 nomina
1193 5246 1300 5299 aarum,
1330 5228 1457 5285 Samaria
1495 5230 1581 5302 (totta,
1611 5235 1637 5286 et
1673 5230 1822 5287 terasciam

118 5326 247 5399 Apostoli
264 5344 272 5381 z
289 5327 342 5382 lios
353 5335 446 5382 autem
458 5340 550 5381 omncs
578 5324 699 5380 revetata
727 5323 799 5394 facie
824 5322 943 5393 ptorinm
999 5322 1103 5379 ooliba.
1120 5322 1267 5378 Fornicata
1281 5321 1321 5373 est
1332 5319 1417 5389 igitar
1441 5319 1521 5376 Ootta
1535 5336 1618 5394 super
1630 5334 1683 5387 me,
1708 5321 1733 5373 et
1746 5318 1823 5374 insa·

121 5412 225 5473 Dornini
243 5414 574 5488 contemptamur(ldor.
606 5430 647 5479 ιιι,
679 5414 733 5481 12).
761 5412 841 5467 Inter
869 5410 943 5467 tales
997 5407 1530 5483 uiuit(sivcabiit)adumatoressuos
1552 5411 1583 5466 in
1610 5407 1745 5478 Assyrios,
1774 5405 1824 5478 qui

151 5629 196 5703 (a)
212 5632 278 5689 Duo
292 5637 400 5690 masat
410 5625 945 5703 tacerentanamprosetptum,sacereat
963 5639 1037 5696 eum,
1053 5627 1108 5684 etc.
