3840 6098
142 335 220 407 taos
764 330 810 397 s.
834 329 990 397 nassau
1012 327 1234 397 urceorum
1369 279 1374 286 ’
1774 334 1849 400 ruer

141 473 172 534 in
182 466 429 544 menseseptimc,
440 465 507 525 etin
520 464 672 524 Trinitatis
682 462 856 539 plenissimo
867 482 968 524 sacra·
980 473 1009 541 Α
1023 481 1127 524 omnes
1143 471 1263 542 gentes;
1279 467 1349 542 quia
1363 467 1393 526 in
1408 484 1526 527 omnem
1536 470 1647 527 terram
1662 465 1850 528 exiritsnnns

141 566 251 627 manto,
265 558 407 618 vicesima
421 556 516 631 prima
531 556 654 621 mensis,
670 559 698 612 et
713 554 750 612 ad
762 560 902 628 aggeum
915 555 967 612 Dei
1023 554 1223 629 apostolorum
1239 558 1364 625 Domini,
1375 563 1405 614 et
1414 559 1502 615 verba
1512 574 1613 616 eorum
1625 561 1851 632 penetraverunt

141 645 610 719 testacelebrantem,quirursum
617 659 831 700 manumsuam
838 643 967 699 sermoni
1023 661 1118 717 usquo
1131 645 1167 701 ad
1183 649 1333 703 termonos
1347 648 1428 704 orbis
1443 651 1526 704 tarra
1542 647 1628 720 (Psoi.
1646 646 1743 719 rvris).
1761 645 1804 703 Ob
1825 647 1851 704 id

139 739 256 799 Domini
271 739 493 811 preparaverat,
504 737 533 791 et
547 732 617 790 dicit
632 732 667 789 ad
681 748 749 788 eum
764 749 770 788 :
788 733 920 804 Loquere
929 732 966 788 ed
1022 739 1120 790 eutem
1145 750 1246 790 omnes
1271 739 1356 791 motae
1379 740 1451 792 sunt
1473 736 1616 807 nationes,
1646 740 1682 791 ut
1703 753 1739 793 ex
1755 752 1852 793 mrum

139 827 297 888 zorobabel
313 828 347 884 de
362 826 442 882 tribu
457 823 543 890 tude,
568 825 597 878 et
617 821 653 877 ad
668 820 770 878 Jesum
785 820 966 877 sacerdotem
1022 825 1103 878 motu
1119 822 1159 895 (d)
1172 822 1286 879 veniret
1299 823 1392 881 electa
1406 825 1537 898 gentium
1554 824 1732 892 multitudo,
1749 830 1781 879 et
1794 840 1853 897 qna

140 914 353 992 magnum,qni
363 930 415 987 pro
428 909 649 968 nobisethome
661 909 723 966 fieri
733 909 873 982 dignatus
884 912 929 965 est
939 913 967 965 et
1022 910 1201 984 ubicumque
1216 911 1355 985 preclara
1376 919 1456 969 sunt.
1472 914 1560 970 Verbi
1575 914 1687 987 gratia,
1713 913 1811 969 electa
1823 914 1855 970 da

140 1005 291 1072 Sacerdos,
301 1008 330 1060 et
339 1003 373 1060 ad
387 999 526 1074 reliquias
537 997 651 1072 populi:
667 999 702 1054 ed
715 997 966 1070 comparationem
1021 999 1172 1067 Corintho,
1182 1000 1251 1072 quia
1263 1001 1374 1058 multus
1387 1006 1449 1059 eret
1461 1003 1490 1058 in
1502 1018 1537 1058 ea
1546 1001 1679 1075 populns
1690 1002 1855 1059 Dei.ltlecta

139 1094 219 1154 anim
229 1093 320 1150 totius
330 1090 418 1156 orbis,
427 1090 465 1162 (o)
476 1105 564 1161 parra
573 1103 641 1160 pars
651 1085 707 1142 fuit
716 1085 746 1141 in
758 1084 899 1159 principio
909 1102 968 1141 cre·
1021 1088 1057 1144 de
1071 1089 1250 1159 Macedonis,
1276 1090 1346 1162 quia
1366 1089 1486 1164 grandis
1510 1092 1539 1147 in
1564 1089 1785 1147 Thessalonica
1808 1091 1854 1147 Dei

140 1181 380 1255 dentiumlgitnr
388 1197 452 1252 qua
461 1177 577 1235 locutus
585 1176 624 1234 sit
635 1173 968 1246 audiamussuitquon-
1021 1175 1150 1233 Ecclesia
1159 1181 1343 1251 congregata,
1353 1196 1410 1236 uon
1422 1179 1548 1235 habebat
1558 1179 1769 1237 neceesarium
1781 1179 1855 1237 atde

140 1269 249 1329 damin
263 1267 352 1326 iarael
368 1268 474 1324 domus
489 1265 551 1338 Dei,
568 1265 618 1338 qui
635 1281 713 1320 nuno
728 1264 769 1319 ita
779 1263 895 1320 deserta
908 1267 965 1330 est,
1021 1263 1163 1322 charitate
1174 1266 1328 1324 doceretur
1342 1267 1366 1339 (1
1382 1268 1468 1324 Thess.
1486 1269 1539 1340 ll).
1557 1268 1659 1324 Electa
1675 1269 1713 1326 de
1728 1268 1854 1342 Epheso,

28 1410 31 1416 .
141 1365 174 1418 nt
185 1376 239 1417 neo
253 1358 345 1414 luisse
360 1356 510 1422 credulum
522 1371 557 1412 ex
569 1354 644 1412 m
658 1369 716 1424 quo
732 1368 796 1424 que
812 1352 906 1407 lueret
920 1352 967 1408 di·
1021 1356 1054 1409 ut
1068 1369 1175 1410 arcana
1189 1354 1240 1411 Dei
1256 1359 1285 1411 et
1299 1354 1390 1412 nullis
1403 1361 1491 1412 antea
1512 1356 1642 1413 revelata
1666 1361 1854 1414 sacramenta

140 1446 269 1521 lecta,(t)
278 1446 354 1502 iacta
362 1448 407 1500 est
415 1460 473 1501 non
481 1442 597 1514 dilecta,
605 1446 633 1498 et
643 1440 693 1514 qui
704 1457 761 1496 non
771 1438 965 1513 populusDei,
1020 1447 1238 1514 cognoscerent.
1256 1443 1328 1509 Ouid
1343 1442 1452 1516 plural
1467 1461 1569 1501 omnes
1579 1449 1688 1518 gentes
1698 1448 1852 1502 commota

139 1535 301 1609 ampliasse
314 1532 441 1607 populus
456 1531 516 1588 Dei.
534 1536 568 1587 st
583 1533 628 1587 est
639 1531 744 1587 domus
754 1527 806 1585 illa
816 1529 965 1601 quendam
1020 1534 1101 1594 sunt,
1117 1533 1150 1587 ad
1167 1547 1242 1604 quae
1257 1531 1388 1588 Salvator
1403 1532 1551 1605 apostolos
1568 1534 1704 1604 miseret,
1731 1533 1851 1591 dicens:

139 1623 282 1701 gloriosa:
296 1616 965 1690 nuncinconspectuZorobabelettesuetre·
1019 1619 1129 1686 Ductus,
1158 1619 1248 1676 docete
1275 1637 1367 1678 omues
1394 1625 1486 1691 pentes
1515 1622 1594 1693 (Dat.
1617 1639 1722 1693 xxvru,
1745 1621 1805 1695 29),
1824 1625 1851 1678 et

139 1713 299 1787 liquiarum
309 1705 964 1784 populiquasinonsit.anautemnoneolum
1019 1723 1053 1764 ex
1069 1706 1171 1764 multis
1185 1708 1294 1766 vocatis
1310 1710 1394 1781 pauci
1410 1709 1505 1778 electi,
1521 1711 1747 1784 primitivorum
1759 1710 1848 1767 Docle-

139 1799 285 1874 detempli
295 1798 425 1856 adificiis
436 1814 500 1870 qua
512 1796 660 1854 cernimus
671 1794 825 1860 corruisse,
833 1794 965 1866 accipere
980 1842 1003 1908 Β
1019 1796 1093 1852 siam
1105 1801 1339 1854 construxerunt.
1355 1798 1436 1856 Unde
1448 1795 1477 1855 et
1489 1798 1644 1872 apostolus
1659 1800 1789 1856 Petrus:
1803 1799 1847 1856 Su·

138 1891 298 1956 debemus;
315 1888 365 1945 sed
381 1887 416 1943 de
431 1886 570 1943 omnibus
586 1902 649 1958 qun
664 1883 814 1957 quondam
825 1881 964 1954 preclara
1018 1884 1090 1940 tutet
1103 1900 1159 1957 vos,
1176 1885 1281 1958 inquit.
1298 1902 1361 1959 quae
1376 1887 1408 1942 iu
1421 1888 1559 1960 Bodytoue
1572 1894 1613 1945 est
1629 1889 1729 1954 stema,
1744 1889 1846 1945 alur-

140 1979 268 2037 babuere
293 1975 397 2034 iudaei.
423 1975 632 2031 Verumtamen
651 1973 721 2046 quia
735 1972 812 2028 laeta
825 1975 870 2027 est
885 1971 964 2043 prior
1016 1989 1064 2030 caus
1080 1975 1153 2031 ttius
1166 1991 1243 2031 metu
1257 1975 1267 2047 (
1274 1976 1286 2032 1
1302 1980 1359 2032 Pet.
1375 1993 1403 2044 v,
1421 1977 1482 2049 15),
1506 1980 1536 2034 et
1557 1977 1693 2035 ioannes
1709 1994 1716 2032 :
1741 1977 1845 2050 Senatu

139 2068 246 2125 domus
261 2065 346 2138 quasi
361 2081 419 2119 uon
434 2064 609 2135 subsistens,
624 2066 796 2136 provocatur
805 2060 963 2117 zorobabel
1016 2060 1124 2135 inquit,
1148 2064 1243 2122 electae
1263 2064 1403 2131 dominae:
1422 2082 1456 2122 ao
1479 2065 1585 2123 deinde
1603 2065 1684 2124 filios
1704 2071 1845 2124 memorat

139 2156 210 2222 dux,
220 2158 345 2211 ettesus
357 2152 504 2221 sacerdos,
516 2155 548 2206 nt
560 2166 683 2224 regnum
694 2148 813 2214 Christi,
826 2153 856 2204 et
865 2164 964 2205 sacer·
1017 2150 1125 2208 electe.
1143 2152 1302 2209 commotis
1318 2169 1387 2226 ergo
1401 2155 1549 2227 gentibus,
1563 2171 1639 2227 quas
1651 2157 1845 2228 quidempos·

62 2270 65 2276 ¹
140 2243 253 2300 dotium
264 2241 460 2312 roboretur‚et
470 2239 596 2313 populus
606 2240 671 2312 ejus
682 2238 734 2311 qui
744 2237 893 2311 quondam
904 2241 961 2293 ter·
1018 2255 1122 2297 sumus
1136 2244 1165 2296 et
1179 2242 1342 2298 contrarias
1355 2242 1486 2316 accipere
1501 2243 1704 2316 tortitudines,
1723 2262 1784 2302 non
1797 2261 1845 2303 aa·

140 2325 963 2404 raluitpopulus,iacietoperaindomoDomini,etsciat
1017 2328 1110 2385 lentes
1142 2328 1328 2403 splendorem
1363 2331 1481 2388 Domini
1512 2333 1671 2406 sustinere,
1706 2341 1847 2391 venerunt

139 2419 231 2476 Deum
242 2417 298 2475 sibi
308 2434 373 2475 esse
389 2422 582 2490 presentem:
600 2417 688 2474 iaciat
702 2415 962 2490 quoqueverbum,
1016 2417 1109 2475 electa
1117 2418 1249 2475 omnium
1260 2420 1403 2493 gentium,
1414 2425 1444 2477 et
1457 2419 1568 2494 repleta
1577 2426 1623 2479 est
1633 2421 1733 2495 gloria
1744 2423 1847 2479 domas

140 2507 217 2582 quod
233 2507 344 2580 pepigit
359 2506 500 2564 Dominus
515 2523 582 2563 cum
593 2506 636 2563 sis
646 2502 962 2581 quandoegredieban·
1017 2506 1142 2579 Domini,
1159 2523 1223 2580 que
1239 2512 1283 2564 est
1297 2508 1426 2565 Ecclesia
1445 2508 1496 2565 Dei
1511 2509 1647 2582 viventis,
1664 2509 1848 2569 columnari

138 2598 187 2653 tur
201 2596 237 2652 de
251 2599 329 2653 terre
342 2594 465 2670 AEgypti.
481 2599 581 2668 Atque
596 2594 709 2652 abnam
725 2598 753 2650 et
767 2591 962 2666 nosegredia·
1016 2594 1235 2653 firmamentum
1250 2597 1391 2653 veritatis.
1407 2597 1473 2654 lieo
1486 2597 1652 2654 secundum
1664 2598 1751 2656 LXX.
1763 2600 1848 2657 Cata·

139 2701 206 2743 mur
215 2685 251 2742 de
260 2689 392 2758 AEgypto,
405 2687 437 2741 ut
445 2684 567 2741 verbum
579 2683 745 2741 tastamenti
756 2682 835 2755 qued
847 2679 961 2753 accepi·
1017 2699 1082 2740 rum
1093 2684 1124 2739 in
1136 2685 1275 2742 Hebraico
1286 2685 1392 2743 melius
1404 2690 1434 2743 et
1447 2685 1665 2758 significantius
1676 2687 1849 2746 hebetarat

138 2771 878 2847 mus,impleamus.ReprnmittitquoqueDominus
887 2770 962 2826 Deus
1016 2787 1107 2845 supra
1119 2773 1273 2845 posuimus
1291 2791 1298 2829 :
1313 2774 1348 2830 et
1362 2774 1472 2831 monebo
1485 2790 1579 2832 omum
1592 2778 1703 2845 semes,
1719 2779 1849 2834 atuatici

138 2860 185 2919 his
195 2861 247 2935 qui
257 2862 368 2918 iaciunt
379 2878 467 2934 opera
477 2861 508 2917 in
519 2861 606 2918 domo
616 2861 691 2932 ojus,
703 2865 732 2916 et
741 2857 865 2932 implent
874 2873 960 2930 quem
1014 2859 1184 2917 desideratus
1207 2864 1313 2918 cunctis
1336 2863 1478 2936 pentibus.
1499 2863 1572 2920 Vera
1586 2864 1671 2920 enim
1686 2871 1847 2940 postquam

137 2965 464 3025 acceperesermonem,
478 2950 615 3022 spirltum
630 2947 961 3019 suum,dicens:Dtspi·
1014 2948 1064 3005 ille
1089 2949 1178 3017 venit,
1205 2950 1326 3023 impleta
1348 2956 1394 3008 est
1416 2951 1508 3026 gloria
1531 2952 1642 3010 domus
1666 2954 1802 3013 Domini.
1817 2956 1848 3012 st

137 3041 210 3096 ritus
222 3054 299 3095 uuus
313 3040 368 3095 erit
382 3040 414 3096 in
428 3038 518 3094 medio
527 3040 656 3094 vaurum.
665 3037 888 3094 Sacramentum
899 3050 960 3090 cer·
1015 3043 1159 3110 quantum
1175 3039 1317 3096 Dominus
1331 3041 1423 3097 distat
1442 3057 1460 3096 a
1479 3058 1570 3112 servo,
1594 3045 1721 3101 tantum
1745 3046 1847 3103 domus

138 3126 198 3184 nite
204 3126 370 3183 Trinitatis:
382 3126 440 3199 Dgo
450 3143 517 3183 sum
527 3124 854 3198 vobiscum,etspiritus
864 3139 959 3190 meus,
1014 3127 1049 3199 (a)
1062 3126 1176 3183 Domini
1189 3127 1359 3197 meliorest,
1376 3129 1420 3185 cui
1433 3133 1538 3202 praest
1552 3129 1715 3200 Dominus,
1732 3150 1752 3189 a
1764 3131 1845 3190 domo

136 3218 167 3273 st
178 3214 318 3285 Verbum,
328 3215 358 3270 in
373 3231 432 3288 quo
442 3215 526 3289 posui
539 3218 748 3272 testamentum
761 3230 827 3270 oum
840 3211 957 3285 egrede·
974 3207 996 3276 C
1014 3216 1110 3289 priore
1124 3216 1171 3272 cui
1187 3217 1301 3288 prefuit
1315 3234 1426 3275 servus.
1442 3217 1523 3282 Quod
1543 3222 1645 3277 autem
1668 3222 1737 3279 ait:
1763 3223 1845 3279 Hm

136 3304 242 3363 remini
257 3305 294 3361 de
308 3305 438 3378 AEgypto.
455 3304 535 3368 Quod
547 3308 645 3360 autem
660 3301 731 3359 dicit
741 3302 771 3358 in
787 3302 884 3358 medio
894 3317 958 3357 voa·
1012 3309 1051 3361 est
1073 3313 1226 3376 arpentum,
1251 3315 1279 3362 et
1300 3323 1393 3363 meum
1417 3311 1457 3363 eet
1482 3323 1592 3375 aurum,
1619 3308 1694 3366 dicit
1715 3311 1845 3368 Dorum

135 3397 226 3462 trum,
233 3394 319 3467 juxta
328 3392 399 3451 illud
411 3392 598 3451 sentiendum
609 3397 665 3460 est,
673 3393 751 3466 quod
764 3393 794 3448 in
805 3390 959 3465 Evangelio
1011 3396 1196 3462 exercituum,
1204 3411 1261 3451 non
1272 3400 1341 3468 puto
1350 3411 1530 3468 quemquam
1539 3395 1717 3456 existimare
1725 3398 1845 3472 quodda

135 3481 278 3557 seriptum
289 3480 409 3557 legitur:
425 3482 528 3538 llcdiua
537 3484 611 3538 euim
620 3485 813 3554 scammum,
824 3497 904 3554 quem
914 3497 959 3538 vos
1012 3488 1132 3557 argento
1148 3484 1286 3557 loquatur
1300 3489 1329 3541 et
1342 3502 1413 3541 auro
1424 3501 1489 3558 quae
1499 3502 1517 3543 a
1527 3485 1670 3542 divitibus
1684 3492 1717 3544 et
1728 3489 1844 3563 ηςίὴυι

135 3574 260 3639 moitis,
284 3574 334 3644 qui
351 3579 413 3644 post
430 3587 474 3628 me
488 3572 577 3628 veniet
591 3573 683 3642 (locu.
701 3587 720 3642 ι,
737 3572 794 3643 26).
810 3575 876 3628 Haec
890 3586 959 3644 ergo
1013 3571 1211 3646 possidentur.
1229 3576 1287 3630 Hoc
1302 3572 1380 3630 enim
1392 3574 1490 3641 modo,
1504 3573 1674 3630 nouaclum
1689 3582 1844 3650 argentum

136 3659 354 3721 dioitDominus
364 3659 544 3718 exercituum
556 3661 591 3718 ad
603 3676 654 3718 vos
664 3660 714 3732 qui
725 3659 959 3717 videtisdnmum
1012 3666 1042 3719 et
1052 3678 1157 3719 aurum
1170 3660 1221 3719 Dei
1232 3662 1370 3736 estqnssi
1381 3663 1542 3731 creatoris:
1560 3663 1613 3719 sad
1624 3669 1654 3720 et
1666 3669 1778 3722 catera
1788 3681 1845 3724 ma-

136 3750 263 3824 priorem
274 3749 317 3807 sic
340 3749 500 3824 essequasi
511 3747 959 3820 nonsit.lloviemlum,quaudo
1012 3750 1093 3823 telle,
1110 3768 1159 3820 as,
1176 3755 1326 3824 stannum,
1343 3750 1509 3826 plumbum,
1520 3752 1641 3824 etquod
1652 3753 1759 3811 domat
1773 3754 1843 3813 'm

135 3838 173 3897 da
188 3838 259 3897 cmln
275 3838 376 3897 audita
389 3843 435 3896 est
448 3855 503 3895 vox
516 3854 592 3895 mea.
608 3839 683 3895 Mori
697 3841 817 3905 terrem,
841 3837 959 3910 quando
1013 3839 1113 3896 omnia
1127 3840 1249 3897 terrum.
1262 3841 1317 3896 Sed
1334 3856 1387 3914 ego
1402 3845 1568 3914 argentum,
1592 3857 1654 3914 quo
1669 3840 1785 3900 domus
1800 3841 1844 3900 Dei

135 3927 225 4002 priori
241 3927 348 4002 populo
363 3927 471 3984 tradidi
485 3927 706 3984 Testamentum
721 3945 728 3995 ς
745 3932 774 3982 et
788 3925 817 3981 in
833 3926 959 3983 adventu
1013 3933 1144 3995 ornatur,
1161 3929 1296 3985 existimo
1311 3929 1427 4001 eloquia
1440 3928 1674 4001 scripturarum,
1687 3931 1846 4004 dequibus

135 4015 570 4089 men,caligo,turbo,tenebrs
582 4016 786 4073 cernebantur.
797 4014 960 4072 Morimene
1012 4016 1143 4073 dicitur:
1168 4017 1284 4089 Eloquia
1306 4018 1417 4074 Domini
1441 4019 1551 4091 etoquia
1574 4022 1678 4087 emto:
1700 4024 1845 4092 oramus·

136 4105 280 4171 Rubrum,
297 4105 416 4178 quando
429 4104 508 4159 viam
531 4104 639 4176 prebui
656 4104 764 4177 populo
783 4104 959 4161 transeunti.
1013 4106 1078 4176 igue
1091 4107 1289 4173 examinutum,
1303 4106 1449 4178 probatum
1471 4115 1551 4162 terre
1566 4115 1730 4179 purgatum
1754 4118 1843 4182 saput-

65 4244 72 4256 ,
135 4192 209 4250 ldovi
225 4191 405 4260 aridam,vel
416 4193 572 4266 lligyptuzn
584 4209 635 4265 per
646 4192 747 4266 plagas
758 4192 838 4250 cultu
850 4192 898 4250 Dei
909 4209 959 4248 va·
1011 4197 1090 4268 ptum
1117 4195 1207 4268 (Psol.
1232 4196 1347 4264 x1,7);
1377 4199 1407 4252 et
1435 4211 1538 4251 aurum
1563 4195 1702 4267 quadiu
1732 4197 1842 4254 occulto

135 4297 233 4352 cuam,
245 4280 289 4338 vel
302 4281 492 4339 solitudinem
505 4298 557 4354 per
566 4298 656 4354 quam
669 4282 864 4356 quadraginta
875 4280 960 4339 sunia
1013 4288 1183 4342 sanctorum
1208 4300 1307 4355 sensu,
1331 4288 1360 4339 et
1374 4284 1404 4339 in
1418 4283 1514 4340 cerdis
1527 4288 1665 4342 versatur
1680 4302 1801 4352 muno,
1814 4290 1842 4344 et

136 4369 171 4442 (c)
184 4370 368 4429 circumduxi
379 4369 602 4445 populumdlac
615 4370 711 4429 adbuc
726 4371 816 4428 semel
827 4371 959 4427 movebo.
990 4382 994 4393 ’
1013 4372 1148 4448 splendet
1162 4389 1228 4429 vero
1242 4373 1354 4429 lumine
1369 4373 1429 4445 Dei,
1455 4372 1532 4446 quod
1556 4377 1586 4429 et
1607 4375 1786 4448 apostolum
1806 4375 1842 4432 da

136 4460 218 4526 Quod
232 4459 342 4517 iactum
357 4459 505 4516 cernimus
516 4459 546 4515 in
558 4459 684 4515 adventu
700 4458 815 4516 Domini
829 4458 959 4515 Salvato·
1013 4463 1132 4534 sanctis,
1148 4461 1197 4535 qui
1213 4478 1303 4534 super
1317 4461 1541 4520 tundamentum
1556 4461 1668 4520 Christi
1683 4464 1838 4530 edificant,

136 4546 187 4606 ris.
203 4549 346 4622 Tempore
365 4547 473 4622 quippe
490 4547 637 4622 passionis
652 4549 726 4622 ejus,
744 4547 872 4621 fugiente
887 4546 958 4616 sole,
973 4576 998 4642 D
1013 4552 1141 4611 sensisse
1156 4551 1344 4624 perspicuum
1360 4556 1535 4622 octaorum,
1544 4556 1716 4624 argentum,
1729 4550 1842 4625 lapidea

135 4636 241 4695 coelum
249 4638 959 4711 motumestettenebrsefactasuntsuperomnem
1014 4641 1156 4716 pretiosos
1182 4639 1212 4713 (Ι
1227 4639 1288 4696 Cor.
1304 4640 1373 4712 ru),
1399 4644 1432 4697 ut
1454 4640 1484 4695 in
1499 4655 1572 4697 auro
1584 4656 1698 4700 sensns
1712 4639 1843 4700 occultus

134 4728 243 4784 terram
259 4727 295 4784 ab
312 4727 475 4784 horasexta
486 4742 580 4800 usque
590 4726 627 4782 ad
637 4725 741 4783 horam
755 4743 862 4783 nonam
874 4726 958 4799 (unu.
1014 4730 1063 4801 sit,
1079 4729 1109 4786 in
1124 4731 1245 4802 argento
1260 4744 1357 4785 sermo
1372 4728 1406 4800 (ῃ
1420 4728 1538 4795 decens,
1551 4727 1580 4784 in
1593 4728 1697 4802 lapids
1707 4729 1842 4804 pretioso,

135 4817 503 4888 xxv11,etduc.xxur).Mota
513 4819 767 4884 estterra,etsaxa
778 4815 960 4885 scissasunt,
1013 4835 1101 4893 opera
1119 4819 1175 4874 Deo
1191 4816 1346 4890 placentia.
1372 4816 1424 4873 llis
1440 4814 1567 4874 metallis
1580 4816 1734 4875 illustrior
1748 4819 1781 4876 lit
1794 4818 1845 4876 lic·

137 4905 210 4964 'm
228 4909 258 4962 et
271 4904 407 4978 sepulcre
422 4907 568 4972 reserata;
587 4907 699 4960 motum
721 4909 766 4961 est
790 4921 870 4961 mare
889 4906 959 4962 dra·
1014 4906 1103 4964 alesia
1117 4904 1288 4973 salvatoris,
1304 4921 1393 4978 quam
1408 4906 1559 4979 quondam
1568 4922 1726 4981 synagoga
1736 4909 1841 4975 suanm

136 5009 208 5052 cone
222 4993 315 5068 quiin
331 5010 364 5051 eo
381 4998 443 5051 erat
456 4993 628 5062 interiento;
654 4997 735 5049 mota
758 4997 804 5050 est
817 5001 846 5050 et
866 4992 959 5063 arida,
1015 4995 1061 5053 his
1073 4993 1302 5068 lapidibusvivis
1313 4995 1473 5052 edificetur
1484 4995 1590 5051 domus
1605 4995 1733 5066 christi,
1749 5001 1779 5054 st
1793 5012 1844 5071 pu

136 5082 320 5142 infructuosa
333 5084 481 5157 quondam
496 5081 628 5157 gentium
639 5080 776 5139 solitudo.
796 5084 827 5139 ln
843 5082 897 5139 boc
908 5101 960 5140 au·
1014 5087 1039 5144 ei
1056 5084 1201 5159 prebetur
1212 5087 1329 5141 eterna.
1342 5083 1430 5141 Porro
1442 5083 1519 5157 quod
1531 5083 1716 5157 sequiturin
1726 5087 1844 5160 Septua-

136 5175 197 5231 tem
220 5172 422 5231 universitatis
445 5176 582 5239 tremore,
607 5175 760 5228 commotae
783 5178 853 5229 sunt
871 5172 961 5231 etiam
1015 5176 1116 5250 ginta:
1142 5176 1175 5231 ut
1187 5189 1282 5246 pacem
1300 5174 1405 5232 anima
1423 5174 1454 5230 iu
1476 5174 1692 5247 eunocum
1706 5177 1789 5233 amai
1801 5190 1843 5248 pat

182 5386 200 5425 o
227 5369 306 5428 Idem
322 5385 391 5438 ma,
407 5377 490 5443 quoto
501 5383 568 5441 pars
581 5368 647 5437 tuit,
662 5370 717 5423 etc.
1052 5371 1090 5445 (ri)
1106 5370 1208 5427 Ferme
1221 5369 1332 5427 rectius
1347 5370 1377 5426 in
1392 5369 1494 5426 eodem
1514 5385 1582 5438 ma,
1608 5372 1745 5429 mucul
1766 5373 1842 5430 um

184 5440 199 5495 t
220 5441 349 5499 solemni
360 5439 585 5498 amanuensium
594 5437 678 5512 lapsu
688 5438 962 5502 eVictoriieditione
1014 5444 1151 5515 pontium,
1166 5446 1194 5497 et
1208 5455 1272 5513 puae
1285 5443 1451 5514 ubicumque
1461 5442 1601 5514 practura
1615 5450 1695 5499 auat.

138 5511 310 5568 exciderunt
323 5512 420 5584 verba,
435 5514 510 5584 [uoto
523 5514 563 5568 est
575 5527 631 5568 nou
646 5511 755 5568 delicto.
1062 5515 1088 5584 e)
1102 5512 1193 5568 Vacat
1207 5512 1254 5568 hic
1270 5511 1325 5570 loci
1341 5513 1371 5569 iu
1387 5512 1489 5587 Regin.
1506 5530 1563 5570 ms.
1577 5529 1645 5583 vox,
1661 5515 1789 5573 Domini.

161 5579 209 5658 ,to
222 5582 324 5665 Denuo
339 5584 418 5641 enim
441 5601 511 5653 ms,
535 5582 718 5657 pucdropanto
740 5586 823 5643 nunu
843 5588 962 5660 populos
1051 5517 1083 5660 li)
1100 5584 1310 5714 ‘simulem
1323 5583 1435 5650 diceus:
1450 5584 1542 5644 lerme
1555 5584 1668 5644 rectius
1681 5585 1717 5644 in
1744 5586 1837 5661 Regin.

139 5661 277 5710 arcuerat.
1016 5674 1074 5718 ms.
1090 5671 1180 5716 acmo
1256 5671 1299 5715 ru.
