3818 6104
91 382 151 453 nor
221 431 226 439 .
456 375 833 461 connumeruntur
855 384 895 452 m
916 385 1120 454 rauranum
1141 377 1267 457 urana.
1286 388 1371 460 ora.
1384 383 1433 458 il.
1736 377 1806 453 obt
1880 473 1886 479 ¹

92 520 152 596 83),
167 512 235 593 isto,
254 518 407 585 habitante
420 525 451 585 ln
466 541 498 586 ae
525 526 809 603 spirituserutatur
830 528 919 586 etiam
933 524 962 593 Α
975 524 1105 599 primum
1120 525 1269 586 somnium
1284 527 1362 602 quod
1378 544 1408 586 so
1422 523 1502 602 megi
1525 523 1660 600 ignorare
1678 536 1797 596 respon·

93 613 358 686 praesentemini
371 616 402 672 iu
417 619 745 690 protundaanimusuee
758 617 920 674 loditaltis-
973 615 1087 685 derant,
1115 621 1145 673 at
1171 621 1273 690 postea
1300 617 1568 692 interpretationem
1592 615 1703 687 querat
1717 627 1798 669 som·

93 699 185 759 simos
200 707 347 776 putooa,et
360 720 479 762 omnem
494 710 603 763 terram
620 707 788 780 egeritque
803 708 921 781 prolun·
975 704 1037 761 nii:
1059 709 1091 761 ut
1107 722 1175 763 cum
1191 707 1340 764 somnium
1355 707 1491 774 audierit,
1506 709 1535 762 et
1548 721 1613 778 qum
1627 702 1739 759 viderat
1752 715 1797 757 rs·

96 789 147 849 das
160 807 255 865 aquas
270 793 384 866 operire
399 795 551 852 cousuevit
562 813 569 853 ε
581 800 733 868 servatque
749 799 920 853 mandatum
974 795 1150 866 cognoverit,
1165 801 1236 852 tuno
1252 797 1360 865 credat,
1375 791 1654 868 etintergretationi,
1665 807 1731 864 quae
1743 805 1796 847 va-

99 879 277 948 bai,dicens.·
289 883 354 939 Bibe
369 899 471 956 cqvom
484 884 519 940 de
533 886 678 949 tcisvcsie,
690 889 716 941 ct
725 885 758 942 de
773 891 920 959 porcorum
973 880 1047 940 riam
1062 884 1166 956 recipit
1181 885 1387 956 conjecturam.

100 976 204 1026 (πωπω
217 972 293 1042 torric
306 972 400 1043 (Ρνου.
416 990 445 1041 v,
462 973 517 1045 15).
534 975 676 1047 Quodque
701 974 834 1047 sequitur
847 991 854 1031 ι
866 977 920 1032 No·
1009 970 1101 1043 (Vere.
1128 973 1187 1044 27).
1219 973 1377 1046 ligatorium
1404 974 1473 1046 qood
1498 989 1550 1029 rec
1576 972 1737 1041 interrogat,
1750 985 1795 1025 eo·

102 1059 135 1113 vii
144 1058 173 1115 ira
186 1061 306 1116 tenebas
320 1063 477 1130 constituto,
489 1066 515 1118 ct
528 1063 579 1118 lac
589 1078 653 1119 rom
671 1079 701 1119 co
716 1071 755 1120 cat
771 1080 777 1120 :
795 1065 919 1121 tenebre
971 1062 1077 1133 pientes
1092 1064 1167 1134 mopi
1179 1066 1206 1119 ct
1221 1063 1333 1131 harioli,
1345 1072 1372 1120 et
1394 1063 1553 1135 horuspices
1566 1076 1622 1117 nora
1635 1065 1738 1131 queant
1750 1059 1795 1114 in·

105 1144 262 1221 significant
274 1148 484 1222 ignorantiam,
495 1156 525 1208 ot
538 1152 588 1207 lux
603 1152 757 1209 scientiam
773 1158 861 1224 atque
872 1153 921 1209 do·
973 1147 1067 1206 dicore
1081 1153 1150 1220 repi.
1166 1155 1222 1207 Pro
1237 1151 1453 1226 haruspicibus,
1470 1150 1548 1224 quod
1571 1164 1625 1205 nos
1642 1145 1794 1213 vertimus,

109 1237 228 1293 ttdnam.
245 1237 346 1310 ltaque
361 1238 454 1296 Deum
470 1244 503 1295 ut
516 1255 652 1313 perversa
671 1258 729 1298 non
750 1240 862 1312 colant,
879 1241 921 1297 ita
973 1235 1301 1297 iuliobraeooazaaarvos
1318 1241 1494 1313 habet,quod
1509 1238 1591 1296 solus
1601 1234 1796 1311 Symmachus

111 1324 330 1398 mabambiunt
351 1332 438 1399 atque
452 1329 712 1386 circumdantsive
727 1330 919 1403 interpretan-
974 1325 1012 1398 (c)
1040 1324 1119 1388 θύτας
1143 1329 1351 1402 interpretetus
1386 1333 1441 1401 est,
1471 1344 1546 1402 quoe
1585 1326 1676 1384 Greci
1701 1322 1797 1381 solent

114 1414 168 1470 dum
181 1417 235 1487 eat,
250 1417 328 1487 quod
343 1417 500 1474 tenebrose
511 1419 637 1490 mystica
664 1435 787 1492 quoque
811 1423 840 1476 et
855 1425 931 1492 pro·
971 1415 1182 1483 therceniaco<
1197 1417 1364 1491 appellare:
1381 1417 1433 1493 qui
1447 1422 1513 1475 exta
1527 1415 1698 1489 inspiciunt,
1714 1415 1747 1470 ut
1761 1426 1796 1468 ex

117 1501 187 1559 tundo
199 1503 441 1578 significetjuxta
455 1505 528 1563 illud
538 1507 750 1581 quodlegimus
759 1508 789 1564 iu
800 1509 919 1566 Prover-
973 1503 1020 1560 his
1034 1504 1132 1562 lutura
1146 1508 1313 1579 pradicant.
1330 1507 1501 1582 Mysterium
1514 1509 1614 1563 autem
1625 1518 1734 1560 vocaus
1748 1516 1796 1556 or·

117 1590 172 1648 hiis:
187 1593 318 1665 inteiligit
332 1596 621 1668 qaoqacpcrabolcm,
636 1606 662 1655 et
676 1599 920 1655 tenebroscmecr-
974 1591 1072 1650 dinem
1088 1596 1196 1653 somnii
1225 1595 1354 1664 revelati,
1383 1595 1512 1654 ostendit
1538 1591 1684 1667 quidquid
1700 1588 1796 1647 occul-

120 1696 210 1751 rcaern,
223 1682 279 1739 hoo
290 1680 390 1755 ipsum
404 1684 552 1759 significat
580 1688 657 1759 quod
684 1688 714 1742 in
735 1686 861 1744 Psalmis
876 1687 917 1743 le·
973 1686 1036 1739 tum
1052 1687 1106 1752 est,
1120 1690 1148 1741 et
1164 1687 1199 1742 ab
1220 1686 1391 1743 hominibus
1405 1687 1566 1760 ignoratur,
1583 1695 1669 1755 posse
1688 1683 1798 1752 mysta-

122 1769 452 1845 gluusttcrvcbrosocquc
480 1776 511 1830 ira
540 1776 661 1832 nabibus
689 1778 833 1849 oerisffe.
849 1794 918 1848 xvu,
975 1770 1051 1829 rium
1067 1776 1241 1847 nuncupari.
1254 1774 1341 1832 Tollit
1354 1791 1471 1847 quoque
1490 1773 1552 1846 regi
1567 1786 1686 1845 pravam
1702 1766 1798 1841 suspi-

123 1858 160 1927 tt).
170 1858 218 1924 oui
230 1860 309 1916 enim
326 1861 362 1917 ad
377 1861 492 1919 excelsa
505 1864 685 1931 conscendit,
703 1869 731 1921 ct
746 1869 861 1921 terrene
872 1865 920 1921 de·
934 1897 958 1963 B
973 1860 1099 1929 cionem,
1115 1880 1152 1920 ue
1167 1864 1297 1922 bumana
1312 1865 1436 1921 estimet
1458 1861 1582 1919 inveniri
1609 1873 1695 1933 posse
1707 1855 1798 1915 soler·

124 1948 309 2020 remaqinstar
331 1950 429 2007 avium
453 1951 662 2009 tenuissimum
678 1969 773 2011 aerem
789 1958 818 2010 et
831 1954 918 2011 aethe-
972 1949 1015 2006 tia
1030 1952 1107 2023 quod
1123 1953 1172 2009 Dei
1189 1953 1281 2010 solius
1292 1953 1400 2012 notitia
1416 1956 1589 2010 reservatur.

124 2049 280 2110 reaqucque
294 2038 510 2109 desiderat,iste
525 2041 620 2098 nubea
635 2041 918 2116 efficitur,adquam
1009 2040 1102 2113 (Vera.
1118 2041 1173 2114 28).
1190 2042 1380 2099 Scdcstllcur
1409 2043 1440 2097 ira
1461 2041 1527 2098 coeio
1556 2039 1681 2096 revelare
1696 2037 1799 2109 myric-

125 2125 204 2184 reritas
215 2127 263 2185 Dei
277 2128 419 2202 pervenit,
445 2132 474 2185 et
496 2146 560 2201 quar
585 2147 674 2203 super
689 2136 804 2188 sanctos
820 2132 920 2204 pluere
972 2145 1027 2185 rac.
1044 2130 1164 2187 Frustra
1176 2131 1266 2204 igitur
1280 2132 1316 2188 ab
1331 2129 1502 2188 bominibus
1523 2127 1629 2202 queris
1644 2126 1698 2199 [Al.
1724 2141 1800 2197 qua·

125 2215 920 2290 consuevittrepletusquemultitudinemscientiae,habet
973 2216 1034 2290 rit]‚
1051 2217 1081 2273 in
1096 2223 1184 2287 terro,
1201 2220 1279 2292 quod
1295 2219 1373 2276 Deus
1401 2219 1483 2275 solua
1511 2217 1592 2274 novit
1619 2215 1649 2272 in
1668 2213 1750 2271 coelo.
1764 2212 1799 2270 ut
1892 2281 1898 2287 ⁵

126 2301 207 2360 multas
214 2304 342 2378 aquasiu
353 2307 920 2366 cordesuotenebrosasetiuvolutasca-
974 2306 1086 2363 occulte
1100 2307 1251 2365 retrahens
1267 2322 1335 2364 eum
1350 2323 1368 2362 a
1382 2306 1545 2363 multorum
1560 2305 1683 2362 deorum
1704 2303 1797 2370 cultu,

126 2384 287 2466 ligine,quam
298 2393 502 2467 solusMoyses
513 2396 678 2469 ingreditur
691 2397 788 2469 (ltcod.
808 2399 918 2469 anxur),
973 2393 1010 2450 ad
1025 2394 1114 2451 unius
1125 2396 1174 2451 Dei
1190 2396 1324 2453 notitiam
1340 2395 1450 2468 dirigit.

126 2477 268 2554 alloquitur
281 2483 340 2540 Deo
356 2482 429 2540 iaoie
444 2484 480 2539 ad
510 2483 625 2551 faeiem,
642 2486 677 2541 de
701 2502 760 2555 quo
775 2485 918 2559 scriptum
1009 2484 1086 2541 0⁸2
1102 2487 1158 2555 Qui
1172 2484 1444 2549 indicavittibi,rc:c
1465 2479 1718 2551 Nabuchodonosor,
1735 2491 1799 2552 quae

126 2567 404 2626 sumministrat
432 2570 583 2627 latebralem
608 2588 687 2629 scum
704 2574 762 2644 (Pa.
778 2591 848 2645 svn,
863 2576 917 2644 12).
972 2581 1087 2630 venturo
1101 2575 1158 2629 aiot
1172 2573 1267 2647 [Vulg.
1292 2576 1358 2629 eunt
1380 2571 1604 2644 ivlnocisssimis
1619 2568 1798 2640 temporibus.

147 2653 223 2723 (lars.
235 2658 294 2731 23.)
310 2659 369 2715 Tibi
379 2661 449 2716 beas
463 2664 574 2731 potrum
588 2662 627 2733 (a)
641 2676 765 2718 meorum
779 2664 917 2734 corrfiteor,
972 2661 1090 2733 Absque
1106 2662 1283 2719 adulationis
1298 2661 1367 2717 vitio
1381 2660 1502 2717 veritate
1517 2658 1637 2731 sociato,
1648 2655 1800 2714 blanditur

125 2746 186 2817 ibic,
201 2746 292 2819 londo,
308 2749 375 2819 quio
387 2750 557 2820 sapientiam
571 2757 599 2805 ct
620 2750 811 2821 tortitudinem
821 2751 920 2809 dedisti
973 2753 1007 2806 ut
1021 2750 1102 2822 regi:
1119 2750 1197 2822 quod
1212 2749 1283 2805 illia
1301 2753 1358 2806 Deo
1374 2747 1514 2822 mysteria
1527 2750 1573 2804 oet
1595 2744 1721 2803 revelata
1735 2758 1799 2815 quea

124 2830 178 2888 tili.
192 2834 292 2891 Nesoi
312 2835 446 2892 videatur
468 2836 577 2903 meriti,
592 2837 669 2910 quod
685 2838 861 2910 impetravit,
876 2855 919 2896 re-
972 2838 1142 2896 noviesimis
1156 2838 1339 2911 temporibus
1353 2837 1413 2894 sint
1425 2840 1558 2894 ventura.
1573 2832 1732 2892 Novissimi
1746 2847 1800 2888 au·

124 2914 200 2979 ietrd
214 2929 333 2996 patrum
343 2924 492 2996 justitiam
522 2929 550 2981 et
565 2925 601 2981 ad
618 2927 769 2984 veritatem
792 2927 917 3001 Dei,qui
972 2930 1031 2982 tem
1049 2927 1121 2997 dies,
1138 2931 1282 2983 autexeo
1296 2925 1472 2983 numerandi
1500 2928 1570 2982 sunt
1587 2928 1799 2996 tempore,quo

124 3009 217 3068 taurinis
231 3027 334 3069 aorum
349 3014 438 3070 etiam
453 3014 484 3069 in
499 3012 696 3085 captivitatem
712 3013 877 3072 miseretur.
972 3013 1086 3072 Danieli
1101 3016 1251 3072 somnium
1266 3015 1426 3072 revelatum
1441 3017 1495 3084 est,
1507 3011 1649 3086 usquead
1661 3024 1799 3084 consum·

144 3098 168 3154 it
181 3117 253 3157 canc
266 3100 412 3158 odendisti
439 3101 511 3157 mibi
538 3118 598 3174 qaae
626 3105 782 3173 reporimus
810 3113 845 3172 tc,
861 3109 916 3162 etc.
973 3102 1132 3160 mationem
1148 3104 1262 3160 mundi.
1279 3108 1339 3161 Aut
1353 3108 1429 3161 cerie
1442 3103 1498 3161 hoo
1512 3101 1796 3174 sentiendum,quod

123 3183 179 3249 tuot
192 3193 318 3264 quatuor
333 3195 449 3262 rogant,
464 3190 516 3246 uui
542 3192 616 3247 0⁸1
640 3191 824 3249 ostenditur:
842 3197 875 3248 ut
890 3197 918 3250 et
973 3190 1113 3248 universa
1127 3192 1328 3265 interpretatio
1352 3191 1460 3249 somnii
1483 3192 1585 3248 modat
1598 3192 1634 3248 ad
1649 3191 1749 3259 tinem,
1765 3188 1797 3247 in

122 3277 295 3350 irrogantium
305 3277 450 3351 fugiatne
465 3279 547 3335 solus
561 3279 735 3351 impetrasse
744 3259 954 3351 videatur,etc
973 3279 1794 3354 quoimago(d)statuaquequacernitur,contereudaest

123 3365 378 3439 {gatgratiasquod
388 3367 679 3437 mysteriumsomnii
689 3368 771 3426 solus
784 3370 917 3427 audierit.
1010 3368 1154 3426 Somnium
1168 3374 1247 3425 tcum
1260 3378 1288 3428 et
1300 3371 1418 3427 obiam
1432 3371 1531 3441 capitis
1546 3370 1588 3425 tari
1596 3369 1628 3424 ira
1641 3368 1729 3424 caldi
1739 3372 1799 3438 tao,

143 3451 224 3522 (Vere.
239 3455 298 3524 2⁴).
313 3455 457 3528 δαρίεηιοε
470 3457 622 3529 Rabylonis
648 3473 683 3514 rac
704 3458 812 3529 perdas.
833 3460 921 3517 lotro—
976 3456 1134 3530 huiscemodi
1146 3462 1222 3514 aaut.
1238 3458 1301 3515 Non
1317 3457 1399 3525 dixit,
1415 3456 1542 3514 visiones
1565 3455 1717 3513 oculorum
1733 3457 1799 3512 tuo·

124 3536 207 3600 wore
219 3543 251 3599 irs
262 3548 434 3617 correpcctcm
447 3544 546 3617 [Vulg.
562 3546 717 3618 conspecto]
739 3551 821 3619 repis,
837 3552 864 3605 ct
880 3565 923 3605 eo·
978 3561 1062 3603 rum:
1079 3546 1196 3619 nequid
1211 3552 1382 3619 putaremus
1397 3561 1462 3603 eaae
1482 3560 1664 3618 corporeum,
1680 3544 1732 3601 sed
1753 3559 1801 3601 ca·

125 3625 231 3689 illitam
257 3633 321 3702 νοω·
341 3633 471 3701 nuncio,
491 3637 547 3689 etc.
578 3633 713 3691 Imitatur
739 3634 924 3693 clementiam
979 3633 1049 3707 pitia
1063 3651 1069 3690 :
1083 3635 1220 3706 Sapientis
1245 3636 1321 3691 crim
1348 3636 1422 3691 ocati
1447 3635 1478 3690 ira
1498 3636 1586 3707 capite
1600 3635 1658 3704 ejas
1672 3633 1753 3696 (licei.
1770 3648 1803 3700 11,

125 3716 228 3792 miqui
255 3737 310 3794 pro
337 3721 573 3794 persecutoribus
599 3724 781 3796 deprecatur,
810 3731 840 3782 et
867 3742 925 3782 non
981 3724 1045 3793 ll):
1061 3723 1092 3779 in
1107 3722 1262 3795 principali
1271 3721 1406 3779 videlicet
1419 3722 1526 3790 cordis,
1538 3723 1624 3794 juxta
1641 3720 1714 3777 iliud
1728 3719 1807 3793 quod

126 3803 170 3862 ruli
180 3824 226 3866 eoa
240 3809 337 3883 perire
349 3814 469 3882 propter
482 3827 556 3882 quoe
570 3810 662 3868 suerat
678 3814 836 3884 periturus.
981 3812 1012 3869 in
1026 3810 1183 3883 Evangelio
1198 3810 1344 3885 legimus:
1363 3812 1441 3868 Beati
1454 3810 1555 3867 mando
1580 3810 1661 3867 corcis
1677 3810 1810 3882 qvoniam

154 3893 231 3961 (Vara.
243 3899 302 3963 ab).
319 3900 417 3954 Inveni
439 3899 576 3955 bominem
603 3901 638 3957 dc
666 3902 733 3973 filiis
747 3904 928 3974 transmigro·
982 3903 1036 3975 ipsi
1051 3901 1138 3958 Deam
1151 3899 1279 3956 videbatui
1293 3899 1398 3972 (Κακὴ.
1413 3916 1441 3971 v,
1456 3901 1495 3972 8).
1511 3899 1546 3955 lit
1561 3899 1636 3969 Quid
1657 3900 1692 3972 (e)
1707 3899 1811 3971 copita-

130 3979 195 4040 iitvie
204 3986 291 4051 mae.
306 3989 356 4059 qai
369 3987 534 4044 solationem
546 3991 606 4058 repi
619 3995 774 4047 concertet.
790 3989 841 4047 Dei
863 4007 929 4063 gra·
983 3991 1019 4047 tie
1035 3992 1064 4046 in
1079 3987 1208 4046 cordibus
1222 3990 1318 4045 reatris
1332 3987 1425 4060 (ibid,
1440 3988 1492 4060 l)t
1507 3987 1564 4044 atii
1578 4004 1645 4046 vero
1667 4004 1702 4046 ex
1721 3987 1812 4061 hujus

130 4064 324 4132 immanem
342 4075 430 4132 reiert
444 4074 639 4149 diligentiam,
669 4083 697 4134 ei
722 4078 869 4135 invenisse
898 4094 930 4137 se
984 4078 1141 4136 occasione
1151 4077 1272 4149 capituli
1287 4076 1318 4131 τὸ
1332 4073 1496 4152 ἡγεμονικὸν
1521 4093 1580 4134 non
1604 4077 1746 4146 incorda,
1761 4076 1813 4134 sed

132 4152 257 4228 bricam
272 4162 377 4220 Daniel
391 4162 469 4220 ultro
483 4180 515 4221 se
544 4164 692 4235 obtulerit,
708 4171 741 4224 ut
763 4166 931 4224 introduce·
984 4169 1068 4241 juxta
1083 4165 1235 4224 Platonem
1249 4165 1409 4223 incerabro
1423 4166 1625 4241 suspicantur.

132 4249 230 4308 aurat
239 4266 351 4326 regem:
361 4251 391 4308 in
405 4253 752 4326 quoib)r¹,tocosteuditur
760 4256 932 4313 nuntiorum
1025 4257 1119 4329 (Vero.
1136 4255 1193 4329 29).
1211 4256 1258 4328 la,
1274 4271 1334 4324 rcc,
1350 4257 1470 4328 cogitare
1483 4256 1588 4329 coeptsti
1606 4272 1637 4311 m
1666 4258 1755 4311 strata
1768 4259 1814 4310 tvo

134 4335 167 4403 tui
177 4354 239 4397 eum
254 4341 333 4398 bona
348 4342 495 4413 nuntiant,
507 4358 562 4398 sua
574 4342 667 4399 videri
682 4344 793 4400 volunt.
809 4343 863 4412 Qui
878 4361 933 4401 au·
990 4345 1057 4419 qaid
1070 4348 1139 4402 essct
1152 4346 1282 4417 saturam
1294 4348 1355 4418 post
1369 4345 1438 4403 berc.
1453 4349 1509 4402 Pro
1532 4361 1566 4401 eo
1581 4343 1659 4415 quod
1675 4346 1731 4410 eat,
1747 4345 1815 4415 post

136 4421 358 4487 temtationem
369 4429 477 4486 somnii
488 4431 857 4506 repromittit‚utiqueante
869 4451 934 4491 nar·
989 4435 1064 4502 bac,
1081 4432 1135 4490 soli
1149 4433 1218 4490 Lllll
1232 4434 1291 4490 dies
1312 4435 1473 4490 mebrimos
1491 4430 1716 4489 transtulerunt.
1732 4430 1814 4495 Quod

135 4515 227 4575 birrus
239 4523 287 4575 eet
298 4517 497 4575 somniumlit
512 4523 582 4575 nota
590 4519 667 4591 quod
684 4520 720 4576 de
728 4520 797 4577 tiliis
807 4521 883 4578 luda
897 4522 936 4579 alt
989 4525 1015 4581 si
1029 4524 1072 4579 ita
1084 4521 1201 4595 legitur,
1213 4520 1369 4578 sollicitius
1378 4521 1574 4593 requiramus,
1582 4518 1632 4576 ubi
1644 4517 1707 4575 dies
1718 4516 1817 4574 novis·

136 4591 283 4675 lanialmon
297 4606 526 4677 sacerdos,siout
540 4609 570 4664 in
585 4608 643 4665 line
661 4607 738 4666 Belia
759 4609 937 4668 tabulacon·
952 4621 977 4688 Ι)
992 4611 1062 4670 simi
1076 4610 1179 4683 scripti
1194 4615 1264 4666 sunt
1287 4610 1340 4681 [lt.
1357 4609 1447 4681 sint);
1472 4611 1501 4665 at
1527 4608 1740 4680 redarguamus
1766 4619 1818 4662 eos

137 4682 185 4746 (Μ
992 4700 1043 4774 qui
1059 4700 1203 4756 mundum
1220 4715 1278 4755 non
1288 4701 1393 4772 putent
1408 4712 1472 4754 assa
1482 4693 1815 4769 periturumNunquam

155 4776 238 4873 ,vm
252 4783 312 4855 bo).
327 4788 450 4842 Potum
462 4801 525 4842 vere
537 4789 612 4857 potes
627 4786 749 4844 indicare
774 4789 846 4845 mibi
866 4803 938 4845 sorn-
994 4787 1072 4846 anim
1088 4787 1150 4843 dies
1167 4786 1385 4858 appellarentur
1392 4783 1554 4855 novissimi,
1565 4782 1590 4841 si
1599 4781 1729 4839 mundus
1741 4784 1821 4839 esset

139 4874 193 4926 Μ
203 4873 276 4945 qaod
288 4872 357 4942 vetii,
375 4878 429 4930 ato.
445 4878 546 4931 Servat
561 4875 694 4931 ordinem
710 4876 891 4948 questionis,
906 4881 940 4934 ut
994 4881 1133 4934 aternus.
1150 4876 1291 4947 Quodque
1303 4873 1429 4931 dicitur:
1444 4874 1481 4929 To
1495 4889 1555 4941 rec,
1567 4871 1687 4944 captore
1699 4871 1817 4944 copisti,

160 4987 188 5068 lt)
199 4995 245 5053 Sic
259 4996 371 5054 habeut
390 4998 523 5055 vatican.
541 5002 570 5055 at
597 4998 719 5057 Palatio.
742 5018 816 5058 mss.
839 5003 882 5058 sic
904 5018 941 5059 ue
998 5000 1070 5058 Lxx
1084 4999 1115 5057 in
1131 5016 1195 5072 cap.
1213 5017 1251 5071 1x,
1265 5015 1340 5056 vers.
1356 5001 1391 5054 l:
1408 4994 1581 5072 Γαζαρηνοὺς
1598 4991 1627 5049 tt
1639 4992 1704 5057 rob<
1715 4993 1764 5057 τὰς
1778 4995 1824 5050 to·

140 5053 185 5145 illm
199 5067 382 5152 thulgptar
397 5069 591 5126 otChaldaioi
607 5074 703 5127 textus
717 5018 943 5145 exemplarssio
999 5071 1058 5133 oia<
1078 5067 1411 5152 lerennpqfflwaqddrac
1447 5065 1553 5152 &RQ
1569 5069 1732 5141 Γαζαρηνῶν
1747 5071 1824 5150 βιω-

140 5128 208 5193 bnus
220 5143 369 5197 restituit:
381 5145 472 5213 ratus,
485 5141 563 5198 haud
580 5141 641 5199 scio
651 5147 749 5199 tamen
765 5160 855 5216 quam
866 5144 942 5201 bono
999 5139 1098 5198 hortos
1114 5138 1254 5212 ἐξέδωκεν.
1275 5142 1327 5199 Ubr
1344 5088 1552 5197 'theodotionis
1573 5155 1679 5196 nomeu
1693 5143 1823 5211 postium

140 5212 298 5287 vpnento,
313 5219 484 5280 nostrorum,
536 5213 594 5269 uod
623 5215 858 5286 postllrasmum
873 5216 941 5273 reti·
1000 5230 1053 5288 pro
1068 5213 1242 5289 Symmacho
1257 5230 1292 5270 ex
1320 5212 1495 5285 Hieronymo
1521 5209 1667 5284 intelligas
1681 5209 1824 5267 masau·

139 5281 183 5333 lut
194 5286 221 5337 et
234 5281 431 5351 Martianmus,
448 5283 484 5339 de
499 5285 522 5340 T
546 5285 707 5342 eodotionis
723 5287 855 5358 versione
868 5303 941 5344 esse.
1002 5302 1094 5359 germ.
1111 5285 1208 5352 habet,
1224 5301 1285 5352 ass,
1302 5283 1583 5356 malelloxquoque
1595 5296 1755 5352 eorumque
1769 5296 1826 5354 ope

137 5417 145 5464 ι
161 5347 352 5421 (liecestre,
368 5354 471 5411 Latine
499 5354 588 5411 habet
615 5356 707 5412 Vatis.
731 5374 799 5414 moa
816 5355 942 5417 Palatia.
1003 5373 1075 5413 mse.
1091 5356 1283 5482 emeqdamus
1296 5354 1462 5428 predicant,
1477 5357 1639 5410 cum-esset
1661 5357 1747 5408 antea
1762 5367 1825 5408 cor·

160 5488 191 5563 (c)
203 5491 313 5580 vitiose
328 5499 413 5554 antea
428 5495 578 5580 obtinebat
592 5497 669 5569 bede,
691 5500 769 5573 quod
789 5499 948 5557 emendant
1004 5430 1262 5641 ruffl'dreffutffl
1275 5499 1368 5568 imago
1382 5501 1479 5553 rictum
1492 5513 1557 5624 ἕπε
1571 5495 1703 5565 censitor,
1716 5497 1771 5550 eto.

136 5567 558 5643 nq.n0stn,umetsrerrac
599 5569 725 5633 robbers
754 5571 948 5628 minusnecio
1051 5586 1065 5625 c

134 5638 265 5707 cnpmra
278 5638 341 5711 pari
357 5653 504 5696 consensu
515 5585 732 5714 praehmntsic
747 5642 949 5717 reponendum
1002 5646 1080 5715 gata.

133 5708 537 5771 comtemnendam
564 5711 675 5773 sobolio
698 5714 768 5774 edit.
796 5715 880 5789 bom,
894 5716 948 5770 τῶν

1090 5569 1215 5643 Supplet
1228 5568 1337 5626 Victor.
1352 5571 1428 5626 nscio
1442 5586 1477 5626 ex
1513 5567 1635 5626 esulano
1647 5582 1704 5622 ms.
1719 5571 1749 5622 ot
1762 5561 1827 5621 llul·
1845 5604 1848 5613 2
