3840 6098
103 432 164 500 '123
727 424 762 500 Β.
784 426 940 499 uusuett
960 424 1181 494 uiuaonrttt

103 585 222 629 necesso
236 574 281 628 est
295 569 391 630 dicere
406 569 442 629 de
455 567 613 645 Apostolis,
628 571 657 627 et
673 569 832 643 prophetis,
859 585 927 624 cum
941 572 968 633 Α
981 566 1044 622 Non
1062 565 1238 624 habitatores
1251 568 1344 635 terre,
1360 567 1393 623 ut
1405 563 1525 639 quidam
1538 561 1654 638 putent,
1664 558 1715 619 uui

103 665 140 721 de
151 661 266 719 Domini
277 662 401 718 adventu
413 661 556 734 scriptum
566 659 623 718 sit:
641 660 734 717 Omnis
745 659 928 716 tctroclomot
982 659 1061 713 terro
1073 656 1151 712 m
1167 657 1206 729 (a)
1222 657 1364 713 nominat.
1388 655 1418 712 Si
1432 654 1510 712 euim
1526 651 1709 708 habitatores

102 769 165 812 cum
181 753 305 811 letitia?
319 752 501 809 Confitentur
514 756 544 806 et
557 748 742 806 miserabiles
757 746 850 804 Judaei
866 746 928 802 hau
981 761 1033 818 per
1047 749 1154 802 terram
1171 747 1262 819 accipi
1273 745 1352 818 velit,
1378 745 1561 819 superfluum
1579 741 1676 797 luerat
1688 736 1715 796 di

101 843 137 900 de
151 842 259 899 Christi
276 840 430 916 prasentia
445 839 607 912 predicari,
625 839 675 895 sed
690 835 779 894 stulte
792 836 929 910 ignorant
981 836 1113 906 Auferam
1127 850 1162 892 cs
1177 851 1209 892 co
1222 837 1359 892 bominem
1370 841 1395 892 et
1406 852 1499 910 pecua.
1516 835 1630 894 Gaudet
1639 837 1715 897 euim

101 948 259 1006 personam
270 930 317 987 cui
327 930 445 988 videant
454 927 575 1001 impleta
586 945 649 1001 quae
661 926 737 983 dicta
748 924 928 990 sunt.Quan·
982 925 1100 999 quando
1115 922 1202 997 plena
1215 928 1260 982 cst
1274 923 1398 981 accolis:
1416 931 1595 983 moerctcum
1605 926 1634 982 id
1646 943 1715 1001 quot

102 1023 139 1079 do
148 1021 225 1078 euim
235 1018 475 1077 terrueritannis
484 1020 550 1074 ante
561 1013 831 1073 adventumChristi
840 1013 928 1070 unius
981 1016 1039 1080 tur,
1056 1012 1213 1070 acciderit:
1231 1016 1361 1087 Auferam
1374 1015 1408 1071 ab
1423 1031 1456 1071 eu
1469 1017 1606 1072 bominem
1619 1025 1647 1073 ct
1658 1031 1715 1090 pce

103 1111 152 1168 Dei
163 1110 310 1167 consentit
325 1106 517 1182 religionem?
531 1106 652 1173 Quando
663 1108 740 1160 terra
749 1106 927 1172 Maurorum,
983 1101 1090 1176 quibus
1106 1102 1130 1158 si
1146 1102 1299 1169 Dominus,
1313 1103 1396 1160 vobis
1411 1104 1574 1171 orantibus,
1595 1105 1715 1163 ministr

105 1201 222 1273 quaudo
232 1202 311 1255 totus
322 1198 410 1254 semel
421 1195 523 1252 orbis‘l
536 1195 697 1251 Nuncvero
707 1191 928 1266 propterllccle·
982 1206 1104 1248 sensum
1120 1190 1155 1263 (si
1170 1195 1268 1247 tamen
1284 1208 1389 1249 sensus
1406 1193 1519 1249 Domini
1530 1210 1651 1266 capaces
1662 1194 1714 1253 tue

107 1291 177 1358 sias,
192 1305 252 1359 qua
266 1288 368 1344 mundi
379 1285 488 1342 limites
499 1289 608 1349 tenent,
625 1284 761 1339 universe
775 1288 928 1338 terrarum
984 1279 1715 1357 effecti),volumuspaucadisserere.Quomodopmr

105 1378 206 1435 latitia
221 1375 328 1433 clamat
342 1376 378 1430 ad
393 1373 550 1431 Dominum
567 1372 667 1442 lsrael,
684 1376 812 1445 etuapax
825 1375 869 1427 ast
879 1371 929 1426 bo·
983 1368 1037 1425 tris
1052 1373 1095 1425 est
1107 1368 1136 1424 in
1147 1369 1280 1426 exsilium
1293 1370 1444 1428 destinata
1455 1372 1562 1444 privari
1574 1372 1715 1442 filiisunt

107 1460 930 1534 norumseoundumlinesauos.Stctuitqoennespcntium
985 1456 1061 1514 lilios
1072 1473 1141 1514 suos
1154 1459 1190 1514 nd
1201 1457 1289 1514 aliam
1299 1459 1397 1516 videre
1408 1461 1586 1533 provinciam
1595 1461 1715 1521 deabus

101 1557 185 1628 justo
197 1569 345 1610 numerum
362 1552 490 1624 fitiorum
504 1553 598 1624 lsrael,
621 1555 648 1607 et
661 1553 737 1623 suctu
749 1557 789 1606 est
807 1565 865 1622 poc:
879 1549 930 1605 Do·
986 1546 1201 1618 quodammodo
1212 1552 1413 1605 maternostre
1420 1550 1715 1625 terratlugelluturpr

105 1645 179 1700 mini
189 1643 308 1715 populus
322 1643 380 1715 ejus
398 1642 491 1710 tacco,
513 1640 655 1713 [animolas
680 1639 850 1697 hereditatis
872 1637 932 1710 ejus
986 1635 1059 1691 catis
1075 1635 1137 1692 suis
1148 1652 1165 1692 a
1175 1640 1241 1707 Deo,
1253 1637 1371 1710 quando
1384 1637 1516 1695 aufertur
1529 1639 1567 1696 eb
1577 1656 1611 1696 ea
1621 1640 1711 1699 homo

104 1733 191 1789 lsrael
206 1733 295 1804 (Dent.
310 1730 411 1802 xxxn).
427 1730 524 1803 Capax
540 1746 584 1801 ex,
605 1729 739 1801 iuquam,
765 1732 798 1783 ut
821 1724 930 1784 animal
986 1739 1058 1781 cus:
1076 1725 1194 1781 latetur
1207 1727 1324 1797 quando
1339 1726 1475 1784 homines
1488 1727 1588 1795 habet,
1603 1726 1715 1804 magist

102 1821 189 1894 juxta
203 1819 332 1893 partium
349 1817 517 1899 quplitatca
533 1821 562 1875 et
576 1818 722 1874 bonorum
748 1819 880 1883 actuum,
904 1819 933 1871 et
986 1814 1103 1885 quando
1115 1813 1347 1872 habethomines
1357 1815 1495 1888 optimos,
1507 1816 1576 1873 etin
1587 1816 1636 1873 Dei
1646 1816 1715 1875 stud

105 1909 250 1967 malorum
266 1910 297 1964 in
313 1900 420 1981 quibus
431 1907 508 1964 ⁰18
519 1906 697 1963 autlaudom
710 1908 867 1975 mereatur,
880 1907 932 1960 aut
947 1939 971 2005 B
986 1906 1094 1975 ventes,
1111 1903 1287 1977 sicutsupra
1297 1904 1497 1978 exposuimus.
1514 1905 1715 1981 Diciturargo,

106 2014 235 2072 poeuam.
251 1997 325 2053 Dum
340 1996 431 2071 igitur
445 1996 551 2052 dicitur
566 2012 573 2051 ι
594 1999 688 2063 Terra,
705 2010 769 2068 quae
781 1994 933 2067 peccaverit
984 1991 1019 2048 do
1034 1998 1107 2048 terro
1119 1995 1281 2064 peccauerit,
1295 1993 1379 2066 quasi
1395 1993 1519 2061 dicatur,
1535 1993 1560 2050 si
1575 1994 1715 2071 quandoq

105 2088 186 2156 malti,
201 2086 386 2158 utdclinquot
396 2085 535 2152 delictum,
551 2083 723 2156 mysterium
736 2083 885 2157 quoddam
896 2081 933 2138 ai·
985 2079 1058 2136 verit
1073 2085 1176 2153 mater,
1200 2083 1330 2138 auferam
1346 2083 1482 2140 dedomo
1506 2083 1571 2155 ejus
1585 2081 1682 2141 filium
1693 2100 1709 2141 :-

106 2176 275 2250 gnificatur.
291 2174 382 2230 Aliter
395 2174 504 2248 quippe
513 2174 551 2229 de
562 2172 788 2244 habitatoribus,
801 2170 889 2229 aliter
898 2171 934 2226 de
987 2185 1066 2225 nuno
1082 2170 1213 2226 auferam
1228 2172 1264 2227 de
1275 2188 1310 2228 ea
1321 2170 1482 2228 hominem.
1500 2175 1624 2229 batatur
1635 2170 1715 2249 quipp

114 2281 149 2322 ea
161 2263 346 2336 diciturque
360 2261 658 2319 inhabitaturzdoetom
672 2264 785 2319 etune
793 2268 933 2335 pertrans·
988 2275 1021 2315 ra
1035 2272 1093 2314 non
1107 2275 1198 2331 super
1211 2259 1314 2317 bestiis
1328 2265 1358 2317 et
1373 2260 1441 2317 laris
1458 2260 1582 2330 rabidis,
1596 2261 1648 2318 sed
1662 2277 1715 2337 su}

108 2352 391 2426 ibunt(ldott.xx1v).
411 2354 468 2407 Cur
482 2351 588 2407 eoelum
612 2349 857 2424 praetergreditur,
882 2366 935 2406 cur
988 2346 1124 2417 cudibus,
1143 2346 1193 2421 qui
1208 2348 1368 2422 placida-et
1383 2353 1538 2406 mausueta
1552 2348 1715 2409 animellas

106 2446 185 2499 terra
198 2439 367 2514 pertransit,
382 2440 439 2497 nisi
451 2438 521 2512 quic
531 2438 675 2496 transitus
689 2437 735 2496 sui
746 2438 879 2511 quadam
890 2437 934 2493 di·
989 2434 1022 2493 lit
1036 2436 1165 2493 auferam
1182 2437 1218 2493 de
1232 2453 1266 2494 ea
1281 2437 1431 2494 homiuem
1446 2443 1475 2494 et
1490 2454 1591 2510 pecus.
1615 2440 1650 2497 ut
1670 2440 1715 2515 sip

107 2546 166 2605 gna
180 2529 335 2586 lecerunt?
348 2529 382 2585 lit
396 2527 453 2586 alio
468 2527 551 2585 loco:
567 2529 703 2600 Commta
715 2534 764 2595 eet,
780 2527 830 2596 ait,
846 2527 935 2584 omnis
989 2526 1037 2580 icti
1049 2527 1181 2594 tresviri,
1195 2525 1227 2582 dc
1240 2526 1329 2582 nudie
1343 2527 1411 2599 ejus.
1428 2527 1580 2592 Quomodo
1590 2528 1715 2601 potestis

108 2628 182 2677 terro
191 2618 268 2688 (Gen.
279 2619 329 2687 vr).
341 2616 462 2682 Quando
473 2618 609 2689 corrupta
619 2615 688 2673 esti
703 2619 771 2672 ante
779 2613 935 2684 diluvium,
989 2615 1148 2685 peccatrice
1163 2614 1253 2670 trium
1269 2614 1394 2671 istorum
1408 2615 1516 2688 pariter
1530 2633 1672 2676 numerus
1685 2633 1715 2677 eu

109 2722 166 2765 uon
181 2708 259 2779 quod
274 2723 326 2779 per
335 2705 559 2762 inundationem
569 2703 718 2761 diluviisit
727 2707 873 2778 corrupta.
888 2702 937 2758 nit
990 2701 1071 2757 rarii
1084 2701 1305 2767 Quomodotam
1316 2703 1439 2760 diversis
1449 2705 1642 2778 temporibus,
1652 2705 1715 2767 vire

108 2812 196 2868 ergo:
224 2799 313 2851 Terra
327 2811 388 2867 pau
401 2796 553 2863 praecaverit
566 2794 647 2859 miti,
667 2800 698 2848 at
711 2792 855 2865 delinquat
866 2793 935 2848 dcti-
991 2793 1087 2862 potest
1101 2792 1177 2847 inter
1191 2808 1222 2848 se
1235 2791 1295 2848 vita
1313 2793 1451 2866 conjungi
1465 2792 1480 2848 t
1494 2793 1525 2849 lu
1536 2792 1674 2866 prasenti
1688 2792 1715 2855 le

109 2892 193 2952 ctam,
209 2882 361 2941 estendam
375 2898 491 2938 monum
505 2899 605 2953 mecm
621 2890 648 2938 ct
661 2884 801 2938 conteram
813 2883 872 2954 ejus
888 2880 937 2950 fir·
990 2878 1021 2934 iu
1037 2880 1197 2951 peccatrice
1212 2886 1289 2937 terra
1303 2898 1353 2938 eos
1377 2881 1488 2955 pariter
1510 2881 1683 2953 consistere,
1694 2882 1715 2941 -i

108 2978 278 3028 momentum
289 2973 384 3045 ponis.
397 2971 560 3027 Extendens
572 2970 650 3026 Deus
661 2986 782 3025 manum
794 2986 878 3026 suam
890 2986 939 3025 su·
991 2967 1061 3037 Noe,
1077 2969 1126 3040 qui
1143 2968 1172 3024 in
1188 2969 1297 3026 diluvio
1313 2970 1378 3040 luit,
1392 2975 1422 3027 et
1435 2970 1596 3044 Danielem,
1612 2971 1664 3045 qui
1676 2970 1710 3031 iu

112 3076 164 3134 per
178 3060 371 3133 peccatricem
387 3062 507 3126 terram,
534 3059 641 3115 lumem
668 3057 803 3114 immittit
816 3058 846 3114 in
861 3074 937 3115 eam.
991 3055 1080 3113 vitate
1096 3056 1252 3132 Babylonis
1266 3063 1467 3116 commoratae
1481 3063 1535 3127 est,
1551 3064 1580 3117 et
1592 3056 1662 3133 rob,
1676 3077 1715 3137 qu

112 3153 237 3205 Possum
253 3151 282 3204 et
296 3147 381 3203 aliter
394 3145 590 3219 interpretari,
607 3145 677 3219 quia
688 3150 766 3203 terra
780 3145 939 3222 aliquando
992 3145 1114 3216 poribus
1129 3147 1360 3219 patriarcharum
1374 3153 1402 3205 et
1417 3147 1507 3222 Moysi
1519 3148 1627 3207 vixisse
1635 3148 1715 3224 perid

114 3236 278 3310 delinquat.
294 3236 384 3293 Terra
394 3235 504 3309 quippo
514 3235 786 3304 estanimanostra,
802 3239 836 3290 ut
847 3234 876 3290 in
888 3251 939 3307 pa·
993 3232 1053 3288 lloc
1069 3232 1146 3290 enim
1163 3239 1281 3309 tempus
1296 3236 1461 3293 invenimus
1475 3236 1541 3294 vita
1555 3237 1622 3294 Job.
1647 3236 1715 3306 Quis

115 3325 216 3383 rabula
229 3324 378 3397 Evangelii
388 3324 573 3398 significatur
586 3324 671 3396 (llott.
682 3328 755 3393 xm).
773 3322 880 3380 Anima
889 3340 939 3396 pe·
954 3307 976 3375 G
995 3336 1152 3394 possumus
1163 3323 1279 3380 dicere?
1290 3324 1460 3382 Meminisse
1470 3326 1715 3403 debemuslutsssp

117 3420 174 3487 trs,
188 3408 287 3471 anima
300 3418 378 3470 terra
395 3414 471 3470 bona
480 3418 510 3471 et
520 3413 623 3469 fertilis
634 3428 685 3486 per
697 3412 820 3469 multam
831 3413 942 3486 patien-
997 3410 1137 3482 diximus)
1152 3412 1222 3484 quia
1236 3417 1270 3469 ut
1282 3413 1370 3470 homo
1381 3413 1531 3472 hominem
1542 3421 1673 3488 generat,
1682 3419 1715 3475 et

119 3504 265 3561 tiamlsta
273 3502 724 3577 igiturterrasapepecoat‚sape
732 3518 789 3558 uon
796 3502 944 3575 pcccatllt
996 3504 1116 3572 generat
1128 3500 1227 3558 lsrael.
1239 3501 1329 3559 lsrael
1339 3502 1388 3577 qui
1392 3519 1446 3576 ppo
1456 3520 1524 3560 cum
1535 3502 1715 3577 aarum,

120 3591 267 3665 siquidem
277 3590 449 3664 peccaverit,
457 3591 587 3647 extendit
597 3606 718 3647 manum
728 3606 818 3664 super
827 3607 903 3663 eam,
914 3593 945 3646 et
997 3587 1071 3643 ravit
1084 3587 1172 3645 lsrael
1187 3588 1339 3663 populum.
1364 3590 1399 3647 Dt
1423 3590 1590 3650 invenimus
1603 3592 1632 3649 iu
1645 3590 1715 3666 Suri]

120 3681 246 3738 conterit
256 3695 343 3738 omne
351 3681 568 3736 firmamentum
578 3678 792 3753 panisejus.Ne
799 3683 942 3752 conteras,
997 3676 1086 3733 lsrael
1100 3692 1205 3735 nomen
1216 3682 1277 3736 tam
1292 3680 1323 3736 iu
1338 3698 1396 3737 uno
1411 3680 1530 3738 homine
1545 3679 1715 3755 queminus

119 3767 408 3842 OmnipotensDeus,
425 3769 643 3824 firmamentum
657 3766 741 3840 panis
751 3767 789 3823 ab
799 3767 944 3825 istaterra
997 3767 1105 3840 populo
1119 3768 1187 3825 dici.
1212 3769 1242 3825 Si
1260 3785 1320 3826 non
1335 3769 1432 3826 solum
1447 3771 1536 3827 lsrael
1552 3768 1651 3839 lsrael,
1670 3784 1715 3831 uu

119 3863 230 3928 nostra,
239 3856 311 3930 quin
321 3856 419 3928 potius
428 3854 535 3929 largire
547 3855 632 3912 nobis
642 3871 743 3912 semen
754 3860 849 3927 mum,
862 3861 894 3914 ut
903 3856 944 3913 la·
997 3854 1099 3913 Ruben
1109 3856 1383 3929 generatRuben,et
1391 3858 1509 3916 Simeon
1517 3856 1715 3932 generatum

118 3946 217 4003 ciatin
228 3945 314 4001 nobie
327 3945 455 4001 fructum
466 3944 647 4017 centuplum.
662 3948 696 4001 ut
708 3948 831 4002 emtttum
841 3948 942 4003 ineam
996 3949 1025 4001 et
1040 3946 1104 4002 Levi
1121 3946 1199 4012 Levi,
1215 3947 1346 4003 ettudas
1356 3944 1475 4018 ludum,
1491 3952 1520 4004 et
1529 3945 1636 4020 reliqui
1644 3952 1715 4007 omu

117 4033 232 4108 samem,
246 4037 273 4088 et
288 4033 386 4088 tottam
397 4031 431 4087 dc
444 4048 477 4089 co
490 4033 629 4089 nominem
641 4041 666 4088 ct
680 4048 771 4105 pecus.
791 4034 941 4099 Quomodo
995 4034 1025 4090 in
1041 4034 1119 4091 tribu
1135 4034 1211 4090 Juda
1226 4039 1296 4092 sunt
1310 4036 1346 4091 ab
1360 4034 1440 4092 illius
1455 4033 1545 4108 stirpe
1559 4035 1715 4109 venienus

118 4136 240 4193 possum
256 4123 317 4175 tam
333 4119 497 4176 reconditas
512 4136 559 4176 res
573 4121 602 4175 in
618 4120 770 4193 publicum
791 4122 942 4195 proterret
997 4126 1223 4196 nuncupantur:
1240 4127 1268 4179 et
1283 4122 1426 4196 replicata
1442 4128 1511 4180 aunt
1525 4123 1715 4199 Scripturssdt

118 4208 198 4266 uude
213 4207 284 4264 mihi
297 4213 330 4264 ut
345 4224 488 4280 exponere
501 4207 625 4276 valeam,
640 4224 692 4264 cur
707 4209 808 4280 tames,
825 4226 878 4267 cur
889 4212 942 4268 ter·
994 4211 1715 4285 Judahominiuustudauaquainuuobcnadlcu

117 4296 219 4363 tilitas,
235 4313 287 4353 cur
298 4296 489 4368 abundantia,
506 4300 774 4369 cursgeetasterre
785 4298 941 4356 accidant?
993 4298 1715 4375 Jacob,perltoyeendeRubenetsimeonetbevit

118 4387 140 4444 Q
150 4386 321 4459 protmdum
344 4385 507 4442 &citiorum
527 4387 712 4457 sapientiam
725 4387 850 4446 sermm
873 4389 921 4446 Dei
931 4395 941 4445 !
994 4388 1463 4463 dicuntur(Gcn.xa1x)‚stratoris
1472 4405 1530 4446 non
1538 4386 1715 4449 siccouveui

117 4475 221 4533 Utrum
236 4479 354 4548 propter
367 4473 502 4531 homines
512 4478 541 4531 et
552 4475 718 4531 animarum
733 4475 874 4532 malitiam
886 4477 939 4533 im·
992 4477 1176 4550 triarchismt
1185 4476 1290 4552 hisqui
1300 4477 1597 4552 cognomineseorum
1607 4480 1715 4553 propte

116 4562 251 4621 mittatur
264 4563 382 4620 lamas?
395 4579 432 4620 an
448 4567 566 4636 proptor
580 4563 717 4636 Angelos,
742 4564 851 4636 quibus
869 4569 939 4623 sunt
993 4564 1039 4622 lia
1048 4566 1176 4624 radicem
1186 4567 1372 4624 exstiterunt.
1384 4567 1532 4640 benjamin
1539 4565 1715 4641 tupmrupss

117 4652 276 4710 commissa
290 4656 416 4718 terrena,
432 4652 457 4708 si
472 4652 663 4724 peccaverint,
679 4653 938 4726 occidentesque
956 4677 978 4742 p
993 4656 1241 4724 tutinumccmcdit,
1250 4653 1656 4727 uncaespcrcmcaoitcncm.
1669 4654 1715 4713 list

116 4741 250 4799 videmus
265 4740 419 4799 acciderat
438 4741 467 4798 si
483 4746 581 4798 autem
596 4745 667 4798 suut
680 4741 799 4812 quidam
814 4742 941 4801 catastis
993 4743 1043 4802 ille
1053 4760 1214 4817 numquam
1228 4742 1383 4815 luitlupus
1393 4758 1493 4816 rapax.
1505 4740 1715 4815 Deidamia-lile

115 4828 347 4904 dispensationis
357 4829 554 4902 ministri,qui
566 4829 711 4886 fructibus
721 4831 940 4903 presunttorts
993 4829 1715 4907 quamiuvesperamdeditescam;ssdis,quluuttl

115 4925 143 4976 et
157 4922 276 4992 propter
289 4918 355 4975 illos
369 4917 535 4975 infertilitas
563 4921 644 4974 terra
667 4918 790 4975 eveniet.
813 4921 940 4978 Plurima
993 4916 1715 4994 tribuBcujamiu‚Hebrausexlle'brsisjuxtelsgu

115 5006 194 5064 anim
209 5022 322 5080 operum
334 5009 392 5081 qus
413 5010 444 5064 in
457 5007 592 5064 obscoenis
612 5011 686 5063 eunt.
713 5008 775 5063 Non
794 5024 939 5082 possumus
993 5007 1715 5081 niseus,circumoisusootavodiffibulatam-put

113 5096 334 5167 magnitudinem
348 5098 495 5169 sapientise
507 5096 596 5169 ctiori.
612 5095 733 5151 trenam
746 5098 866 5155 mmet
874 5101 938 5171 ptu-
992 5098 1235 5170 turlupuarapax
1241 5098 1278 5154 ad
1290 5098 1467 5154 matutinum
1473 5096 1715 5173 oomedeumqun

113 5186 166 5241 otae
179 5184 279 5253 utilior,
295 5187 321 5240 ct
332 5185 392 5242 dics
405 5183 503 5242 secuti
513 5186 574 5256 quc's
583 5183 791 5240 dinumerabit?
803 5183 937 5244 Attitodr'-
992 5187 1213 5255 venistuit,etiu
1220 5201 1374 5259 vesperam
1380 5184 1715 5259 densescamquandoc

112 5289 178 5329 nen
191 5274 263 5342 coli,
277 5276 305 5329 ct
317 5273 495 5331 latudinem
508 5277 599 5343 terra,
614 5275 640 5328 ct
646 5273 817 5345 promendum
827 5262 936 5348 rapicn-
991 5274 1154 5349 apiritalcm
1163 5274 1715 5350 prebuiteibumaseDoolesiieiusiitu

112 5362 162 5418 ttae
182 5363 244 5433 quis
263 5362 435 5434 inoestipobit
455 5363 536 5434 (dcci.
554 5362 599 5434 1)‘l
619 5361 704 5418 Varie
727 5377 795 5436 ergo
811 5363 938 5421 mittitur
991 5364 1715 5441 turBenjaminBenjamiugeneratQuomodoargt

114 5449 303 5522 lamessuper
312 5449 502 5522 peccatricem
511 5451 672 5507 terremdt
681 5454 820 5522 soterum,
828 5450 935 5525 inquit,
991 5453 1715 5525 exhomine,BenjaminexBenjamin,aioJudset

113 5550 149 5592 ex
161 5552 195 5593 eo
208 5537 346 5595 nominem
360 5547 484 5611 alpense.
499 5537 583 5596 Alius
592 5542 734 5608 estterra,
745 5538 825 5596 aliud
836 5540 934 5598 homo.
991 5541 1092 5599 liubeu
1108 5557 1143 5598 ex
1157 5541 1259 5598 liuban
1274 5540 1418 5615 uescitur,
1439 5541 1542 5599 liubeu
1565 5543 1677 5619 quippe
1692 5558 1715 5603 u

148 5746 188 5822 (c)
202 5744 404 5820 llxpuuximus
417 5747 465 5808 bio
479 5746 601 5807 alteram
621 5749 748 5824 negandi
763 5751 936 5824 particulam
956 5754 1282 5831 perperam-taumate.
