3818 6104
95 304 136 374 tit
348 303 719 377 uouuunraiilouuti
742 309 783 373 ΙΝ
805 305 1056 373 uinculatum
1076 304 1152 368 tie.
1176 300 1255 371 xiv.
1278 303 1366 372 GAP.
1388 303 1509 375 thll·
1722 307 1784 376 lit

99 442 153 506 nihil
164 444 244 519 quod
256 444 356 520 spiret,
370 450 400 504 et
412 445 506 519 pessit
518 445 662 514 incedere,
685 462 743 519 pre
759 445 902 502 amaritu-
915 445 944 513 Α
959 458 1001 511 iri,
1013 440 1070 513 22).
1086 439 1162 497 Dixit
1177 440 1255 498 enim
1272 441 1397 514 populus
1416 441 1584 516 impatiens,
1607 446 1637 502 et
1650 443 1781 504 dolorem

100 534 383 601 tinanimia,inhco
407 533 481 590 maii
511 533 630 606 reperiri
659 538 772 606 potest:
789 549 904 591 nocco·
959 529 1113 587 vulnerum
1143 547 1264 586 suorum
1285 531 1396 588 diutius
1424 533 1498 589 serre
1526 550 1584 589 non
1614 535 1781 593 sustinens:

102 624 207 684 ahlaode
222 623 341 695 quidem
357 622 499 695 parvique
514 621 665 678 vermiculi
681 627 709 678 et
719 621 866 696 anguillae,
877 626 906 679 et
960 618 1107 676 Transivit
1121 624 1218 686 estas,
1233 620 1402 691 pertransiit
1423 622 1539 688 messis,
1556 627 1585 679 et
1608 641 1662 680 nos
1677 623 1782 681 salvati

104 719 184 772 cetera
192 711 768 784 animantiumsiveserpentiumgenera,
779 727 905 784 quorum
959 725 1018 764 non
1032 723 1147 763 sumus.
1159 707 1240 764 Unde
1251 709 1401 781 respondit
1410 709 1452 766 eis
1465 710 1622 767 Dominus:
1633 711 1781 782 Numquid

106 802 178 874 nagia
190 799 367 872 corpuscula
381 816 542 873 possumus
566 816 652 857 nosse
672 818 759 871 quam
773 800 903 857 nomina.
959 796 1056 853 resina
1068 814 1123 852 non
1136 802 1180 852 est
1190 796 1219 851 in
1231 796 1350 864 Galand,
1369 802 1420 853 aut
1436 799 1542 855 medici
1561 816 1619 856 non
1634 806 1704 857 sunt
1718 801 1783 857 ibit

107 889 211 961 Denique
220 889 392 945 silordanis
401 892 507 945 auctus
516 889 661 945 imbribus
672 890 767 961 pisces
779 889 848 945 illuc
859 890 905 944 in·
959 885 1052 950 Quare
1063 902 1121 941 non
1132 886 1264 942 ascendit
1276 888 1390 943 sanatio
1401 887 1467 943 ulia
1482 888 1582 960 populi
1598 890 1654 945 mei
1670 890 1780 962 (terem

108 981 176 1035 tuone
187 978 329 1051 rapuerit,
343 977 445 1034 atatim
461 979 637 1043 moriuntur,
655 983 684 1034 et
700 978 859 1051 pinguibus
873 996 905 1034 a·
958 973 1157 1045 v111,22)tttt
1177 974 1239 1046 ipse
1268 974 1408 1032 ieremias
1439 976 1621 1045 vociferatur,
1648 980 1781 1037 etdicit:

109 1067 357 1140 quisupernataut.
369 1065 904 1137 Cumhaecitaquenihilutilitatisha·
959 1063 1036 1120 Sana
1053 1080 1110 1131 me,
1128 1063 1260 1136 Domine,
1278 1068 1306 1121 et
1321 1067 1467 1122 sanabor:
1484 1066 1598 1123 salvum
1621 1085 1668 1124 me
1682 1070 1738 1133 lac,
1755 1074 1783 1126 et

109 1159 180 1224 beant,
196 1159 228 1210 ut
240 1154 368 1227 simplex
395 1170 493 1210 sermo
521 1159 655 1220 testatur,
686 1155 812 1211 etiamsi
831 1155 906 1210 tacta
959 1151 1248 1221 salvusero(Jercm.
1264 1171 1351 1219 xxvii,
1381 1155 1437 1224 tt).
1467 1155 1596 1228 Denique
1624 1157 1782 1231 angeliqui

109 1244 198 1312 luerint,
213 1243 292 1316 quod
306 1242 398 1300 stulta
419 1243 588 1300 iudeorum
617 1243 785 1316 superstitio
801 1243 903 1314 credit,
959 1241 1096 1314 presides
1108 1245 1191 1297 crant
1202 1242 1301 1315 populi
1312 1244 1783 1319 Judaeorumeotcmporequando

60 1368 62 1393 ι
105 1336 165 1406 juxta
176 1330 397 1405 intelligentiam
410 1331 571 1404 spiritalem
589 1332 704 1389 Domini
717 1337 904 1389 torrentecu-
959 1328 1488 1405 clamavitmultitudoinsipiens,.et
1511 1333 1560 1401 ait,
1578 1334 1784 1409 sanguisejus

60 1398 65 1525 l
108 1427 164 1490 rite,
174 1420 321 1477 habebunt
330 1419 426 1492 pisces
435 1419 592 1493 plurimos,
603 1425 632 1477 et
648 1421 744 1477 vivent
754 1420 853 1477 omnio
868 1421 903 1476 ad
960 1434 1048 1490 super
1059 1435 1124 1484 nos,
1135 1424 1164 1474 et
1175 1435 1264 1492 super
1278 1419 1354 1476 filios
1373 1426 1488 1478 nostros
1498 1423 1600 1487 (duit.
1618 1441 1706 1493 xxvii,
1717 1426 1763 1494 25)
1775 1443 1782 1493 ;

60 1540 64 1611 μ
108 1527 152 1582 qna
162 1514 270 1566 torrens
285 1507 342 1565 iste
354 1509 589 1580 pervenerit;ita
608 1513 640 1565 ut
658 1511 817 1582 piscatores
828 1514 906 1566 stent
959 1509 997 1573 et,
1008 1506 1111 1564 Velum
1126 1506 1226 1580 templi
1238 1508 1364 1565 scissum
1380 1514 1434 1575 est,
1449 1515 1477 1566 et
1489 1511 1588 1568 omnia
1599 1513 1783 1571 Hebraeorum

108 1615 174 1671 super
184 1599 262 1671 ripas
277 1597 315 1652 ab
330 1596 466 1668 tuamet,
489 1612 582 1671 usqne
598 1598 634 1654 ad
658 1600 815 1671 Enpotlim:
831 1615 905 1672 quo·
960 1600 1144 1652 sacramenta
1156 1602 1293 1665 reserata,
1311 1599 1522 1670 responderunt
1533 1601 1712 1674 praecipienti
1727 1603 1784 1659 Do-

106 1704 154 1743 mn
165 1687 241 1760 prius
255 1688 370 1756 tonum,
385 1685 446 1742 aive
459 1685 569 1742 oculum
583 1686 658 1744 liaedi
667 1705 678 1743 .·
699 1704 826 1759 sequens
840 1691 904 1759 sou·
960 1685 1053 1752 mino,
1067 1691 1155 1757 atque
1179 1686 1334 1742 dixerunt:
1357 1687 1528 1746 (iuravimus
1551 1690 1740 1764 Babylonem,
1756 1696 1786 1748 ct

107 1776 287 1832 unocutumuc
302 1775 455 1830 uitulorum
482 1781 577 1831 sonat.
605 1773 750 1848 Dngallim
780 1777 904 1833 enimin
959 1789 1018 1828 non
1033 1779 1077 1829 est
1102 1779 1224 1831 sanata:
1250 1775 1452 1848 relinquamus
1476 1795 1541 1834 eam
1568 1781 1681 1842 (terem
1699 1798 1734 1851 ni,
1745 1779 1784 1852 9),

107 1864 221 1937 principio
232 1863 380 1920 eetmaris
391 1862 507 1929 Mortui,
520 1863 570 1918 ubi
581 1863 902 1938 Jordanisingreditur.
959 1862 1062 1918 urbem
1076 1863 1210 1920 videlieet
1224 1863 1404 1921 couiusionis
1428 1870 1517 1938 etque
1537 1867 1686 1924 vitiorum.
1703 1869 1785 1925 Unde
1892 1858 1895 1862 ’

105 1951 210 2025 ilngaddi
221 1968 301 2022 vero,
318 1950 368 2008 ubi
384 1950 485 2006 linitur
505 1956 593 2024 atque
617 1954 812 2009 consumitur.
830 1959 905 2011 tlara
959 1951 1145 2024 etJosephus
1159 1953 1188 2007 in
1203 1970 1258 2009 sua
1273 1953 1519 2021 narratHistoria,
1532 1957 1610 2028 quod
1626 1960 1785 2030 postquam

105 2046 182 2096 autem
194 2040 341 2097 Mortuum
358 2038 431 2095 illud
446 2044 517 2112 puto
532 2056 606 2109 esse,
622 2040 659 2096 de
679 2058 737 2114 quo
751 2043 905 2100 Zacharias
959 2039 1102 2096 Dominus
1117 2042 1275 2098 crucifixus
1286 2047 1341 2107 est,
1366 2046 1396 2098 et
1424 2043 1524 2099 velum
1541 2043 1643 2117 templi
1658 2044 1785 2102 scissum

104 2127 213 2201 loquitur
225 2145 232 2184 :
246 2129 279 2185 ln
294 2128 342 2184 die
356 2127 408 2185 illa
422 2129 589 2201 egredietur
602 2146 679 2202 aqua
693 2131 793 2188 vivens
810 2132 845 2189 da
854 2133 905 2190 Je-
960 2133 1014 2198 ast,
1023 2128 1083 2185 sive
1095 2128 1230 2187 liminare
1240 2130 1341 2202 templi
1361 2130 1485 2188 fractum
1505 2132 1625 2201 corruit,
1637 2134 1737 2190 audita
1747 2133 1787 2191 sit

104 2217 220 2286 maalein,
235 2223 264 2275 et
277 2217 408 2273 medium
424 2218 488 2289 ejua
505 2217 535 2272 in
562 2235 642 2274 mure
667 2218 795 2290 primum
811 2223 904 2292 (loch.
961 2215 1061 2288 (btvox
1071 2217 1100 2272 in
1112 2218 1207 2291 adytis
1218 2219 1647 2291 templivirtutumcoeleatium,
1658 2224 1788 2280 Transeo-

102 2323 150 2374 arv,
162 2307 197 2378 8).
209 2305 300 2363 Daniel
313 2322 431 2379 quoque
445 2306 476 2362 in
491 2306 552 2362 hac
565 2308 654 2363 verba
677 2310 839 2365 consentit:
855 2310 904 2364 Vi·
959 2322 1021 2361 mue
1030 2322 1065 2362 ec
1074 2308 1116 2363 lits
1126 2308 1245 2364 aedibus.
1255 2312 1314 2365 Hoc
1324 2312 1418 2365 totum
1429 2326 1487 2366 non
1499 2311 1659 2382 superiluo,
1674 2312 1725 2368 sed
1736 2329 1783 2369 ne·

104 2394 204 2463 dabam,
220 2399 247 2450 et
259 2411 324 2451 ecoe
340 2399 467 2466 quatuor
480 2394 557 2451 venti
573 2394 637 2450 coeli
660 2395 862 2454 innitebantur
875 2399 906 2454 in
961 2393 1088 2449 cessario
1100 2394 1212 2451 dictum
1232 2395 1281 2466 sit,
1297 2395 1368 2467 quia
1382 2412 1463 2452 mara
1472 2397 1632 2469 Mortuum,
1646 2399 1787 2456 induente

104 2482 164 2538 mari
174 2499 275 2556 magno
289 2484 371 2552 (Dan.
388 2500 439 2554 vii,
455 2484 495 2555 2).
510 2484 546 2539 itt
560 2484 670 2541 David:
691 2485 837 2543 Mirabiles
847 2487 905 2544 ela·
964 2481 993 2537 in
1010 2498 1041 2538 se
1057 2482 1179 2539 llumine
1193 2483 1320 2550 Domini,
1336 2484 1445 2540 dicitur
1459 2502 1524 2542 cese
1536 2489 1682 2544 curatum.
1694 2488 1788 2560 Super

103 2571 180 2628 tiones
194 2573 282 2628 maris
293 2574 380 2641 (Psoi.
397 2589 466 2639 xcii,
483 2573 520 2644 t).
536 2573 569 2628 lit
583 2588 619 2628 ex
638 2590 763 2646 persona
777 2574 907 2632 Salvato-
965 2569 1021 2627 hoc
1040 2588 1121 2627 mare
1135 2572 1171 2628 ab
1186 2572 1329 2645 Dngaddi‚
1354 2574 1431 2630 oculo
1445 2582 1471 2631 ct
1483 2576 1559 2645 toute
1572 2576 1655 2646 tuci,
1670 2576 1719 2646 qui
1734 2593 1786 2650 pro

105 2660 137 2716 iis
148 2661 173 2715 in
185 2661 296 2733 psalmo
311 2678 318 2717 :
333 2660 406 2716 Veni
421 2660 452 2716 in
474 2661 653 2732 protundum
677 2663 767 2719 maris
791 2668 820 2719 et
833 2669 906 2720 tem·
961 2665 1080 2732 peccato
1095 2677 1211 2732 semper
1224 2661 1345 2717 offertur
1358 2663 1394 2717 ad
1410 2662 1564 2735 Dagellim,
1575 2666 1679 2735 sonum
1689 2665 1789 2721 vitute·

106 2754 183 2820 pestes
196 2749 338 2806 demersit
351 2765 398 2806 me
413 2750 501 2821 (Paul.
528 2766 625 2816 nxvni,
654 2751 693 2818 2).
717 2751 776 2807 ltex
790 2769 907 2825 quoque
962 2765 1035 2818 rum,
1050 2749 1101 2820 qui
1117 2753 1285 2806 mactantur
1301 2751 1434 2818 Domino,
1448 2756 1477 2808 et
1491 2751 1646 2808 imitantur
1660 2752 1787 2809 vitulum

107 2837 290 2910 digiptijuxta
301 2838 444 2894 eumdum
454 2837 635 2894 Ezechielem
647 2840 733 2896 draco
741 2841 909 2913 appellatur
963 2853 1074 2893 cornua
1084 2838 1250 2895 efferentem
1261 2844 1290 2895 et
1300 2838 1436 2913 ungulas,
1449 2840 1539 2913 quiin
1551 2845 1619 2915 typo
1630 2842 1788 2899 Salvatoris

106 2926 191 2995 (luch.
206 2926 306 2998 xxxii),
323 2927 374 2999 qui
388 2925 545 2983 habitatin
562 2927 647 2996 mari,
672 2932 702 2985 ct
717 2929 838 2985 ventilat
853 2930 908 2987 ilu-
964 2926 1000 2982 ad
1012 2926 1101 2982 altare
1117 2932 1273 2999 mactatur,
1290 2933 1376 2985 erunt
1391 2930 1562 3002 piscatores,
1579 2931 1789 3002 quihualoqui·

60 3066 62 3073 .
106 3015 215 3071 minibus
229 3016 314 3087 quasi
329 3014 551 3071 cornibussuis.
570 3016 605 3070 m
624 3014 741 3088 iterum,
758 3021 818 3074 Hoc
829 3034 908 3074 mare
963 3018 1013 3071 tur
1026 3015 1167 3072 Dominus
1182 3018 1266 3073 lesus
1283 3035 1289 3072 :
1305 3017 1409 3074 Venite
1434 3018 1470 3074 ad
1494 3035 1550 3086 me,
1575 3019 1722 3076 etfaciam
1737 3037 1788 3078 vos

60 3098 62 3145 ἶ
105 3119 223 3177 magnum
235 3108 264 3160 et
278 3104 443 3177 spatiosum
459 3104 547 3176 (Ptol.
567 3120 628 3171 ciri,
644 3106 699 3178 25).
713 3106 794 3170 Quod
805 3124 907 3179 quam·
964 3102 1124 3175 piscatores
1139 3104 1293 3161 hominum
1309 3107 1412 3179 (haita.
1442 3123 1480 3175 iv,
1505 3106 1623 3178 tutzoe
1637 3108 1746 3180 quibus
1761 3114 1790 3166 et

105 3191 141 3247 diu
154 3210 206 3249 non
221 3192 384 3266 susceperit
398 3193 428 3249 in
445 3208 476 3249 se
491 3210 584 3265 aquas
609 3193 750 3260 fluminis,
772 3195 831 3252 sive
846 3183 944 3253 tor-C
963 3192 1122 3249 ieremias:
1139 3197 1209 3250 Itccc
1224 3211 1287 3268 ego,
1304 3194 1412 3267 inquit,
1424 3197 1538 3252 mittam
1549 3196 1711 3268 piscatores
1720 3200 1787 3269 (Jer.

106 3283 186 3352 notis,
201 3297 288 3339 omne
303 3282 381 3354 quod
399 3282 428 3337 in
444 3298 475 3337 se
490 3282 588 3350 habet,
606 3282 764 3340 mortificat
776 3309 783 3351 ;
794 3286 845 3341 sed
856 3287 909 3343 Da
962 3297 1018 3352 xvi,
1035 3281 1090 3350 td).
1107 3283 1142 3337 lit
1156 3282 1289 3354 plurime
1302 3284 1426 3356 species,
1436 3284 1528 3341 immo
1543 3300 1650 3357 genera
1662 3287 1788 3359 piscium

108 3372 185 3428 ninus
194 3373 229 3428 de
241 3387 301 3444 quo
314 3371 425 3427 dictum
437 3374 491 3440 est,
503 3370 658 3437 percutiet,
670 3376 699 3428 et
715 3373 829 3429 curabit
844 3379 910 3446 post
963 3374 1050 3426 arunt
1059 3369 1089 3425 in
1099 3371 1173 3427 meri
1183 3372 1331 3443 quondam
1342 3377 1468 3429 mortuo.
1478 3376 1556 3436 Quos
1567 3375 1660 3445 pisces
1668 3376 1704 3430 ad
1720 3376 1789 3433 dex·

107 3458 161 3517 tuos
172 3462 243 3530 dica,
259 3466 289 3518 et
298 3460 328 3516 in
344 3460 391 3517 die
407 3460 492 3516 tertio
511 3476 679 3533 surgemus,
695 3465 725 3516 et
738 3462 909 3520 vivemasin
962 3461 1057 3515 teram
1075 3464 1186 3532 partem
1198 3461 1322 3532 jubente
1340 3460 1463 3518 Domino
1485 3461 1607 3518 extraxit
1630 3462 1744 3533 Petrus,
1759 3469 1789 3521 et

107 3555 234 3622 conspectu
245 3551 313 3622 ejus
323 3548 401 3619 (Osee
422 3566 462 3620 vi,
472 3550 530 3621 23),
543 3550 606 3621 ipse
617 3548 748 3621 loquitur
766 3550 796 3607 in
808 3553 908 3610 eadam
964 3552 1048 3603 erant
1062 3548 1139 3606 nub
1155 3553 1272 3606 cantum
1296 3549 1511 3623 quinquaginta
1535 3554 1593 3607 tres
1607 3568 1614 3607 :
1630 3550 1670 3607 ite
1682 3555 1715 3608 ut
1728 3569 1788 3626 pre

109 3635 227 3709 Propheta
238 3638 332 3694 Osee:
362 3642 420 3711 ligo
452 3636 586 3710 colligavi
617 3638 767 3710 Ephraim,
793 3643 909 3715 suscepi
963 3635 1155 3694 multitudine
1170 3654 1272 3694 eorum
1287 3639 1360 3695 retia
1386 3643 1592 3712 rumperentur
1607 3639 1700 3712 (loon.
1716 3642 1786 3714 xxi).

109 3737 155 3780 tun
168 3728 194 3781 in
208 3726 329 3783 brachio
344 3742 421 3794 meo,
438 3728 467 3782 et
481 3742 540 3783 non
555 3734 766 3799 cognoverunt,
779 3730 849 3801 quia
862 3748 908 3788 aa·
962 3725 1052 3780 Aiunt
1063 3730 1161 3780 autem
1173 3728 1223 3798 qui
1235 3726 1472 3783 deanimuntium
1483 3727 1626 3801 scripsere
1637 3729 1751 3786 naturis
1759 3734 1787 3786 et

110 3815 155 3868 iiii
163 3814 243 3872 cosin
254 3817 296 3888 (a)
310 3815 500 3887 corruptione
510 3814 640 3871 hominis
651 3816 728 3888 (Osee
742 3834 781 3888 iii,
794 3818 822 3887 9)
835 3836 841 3886 ;
858 3819 909 3890 qui
963 3814 1150 3886 proprietate,
1166 3813 1216 3886 qui
1232 3810 1372 3868 &licenciati
1386 3819 1446 3871 tam
1464 3815 1575 3885 latino,
1587 3832 1675 3888 quam
1689 3817 1786 3876 Graeco

110 3900 247 3962 vdnaratua
257 3908 304 3961 est
315 3908 435 3978 propter
449 3909 566 3975 peccata
592 3909 702 3976 nostra,
725 3905 804 3962 nea
819 3909 848 3962 et
861 3905 906 3962 in·
961 3901 1089 3959 didicere
1104 3918 1249 3972 sermone,
1266 3905 1302 3960 de
1317 3903 1425 3975 quibus
1440 3904 1474 3978 tc)
1485 3904 1635 3979 Oppianus
1645 3904 1719 3963 Cilix
1728 3910 1785 3977 est,

112 3986 273 4066 fimatuspro
289 3992 500 4064 iniquitatibus
516 3993 635 4050 nostris.
650 3993 811 4066 Disciplina
825 3996 906 4067 pacis
961 3995 1046 4064 poeta
1060 3990 1261 4064 doctissimus,
1276 3998 1395 4049 centum
1411 3993 1630 4067 quinquaginta
1650 3995 1708 4053 tria
1722 4013 1787 4054 esse

113 4083 282 4155 iuheauper
292 4097 375 4153 eum,
386 4086 415 4138 et
425 4082 515 4139 livore
524 4084 589 4153 ejus
600 4083 695 4139 sanati
711 4100 816 4140 sumus
827 4086 903 4153 (laci.
959 4095 1066 4152 genera
1077 4078 1202 4152 piscium
1216 4096 1279 4153 que
1292 4081 1392 4137 omnia
1402 4087 1489 4156 capta
1499 4090 1570 4139 sunt
1583 4085 1619 4140 ab
1635 4085 1785 4160 apostolis,

115 4171 193 4240 mie).
206 4172 270 4244 lpaa
283 4171 366 4228 istud
382 4187 461 4228 mare
480 4172 559 4243 quod
584 4176 629 4228 est
653 4169 861 4242 salsissimum,
877 4179 906 4231 et
959 4173 986 4225 et
1001 4168 1074 4224 nihil
1085 4170 1228 4226 remansit
1239 4169 1400 4243 incaptum,
1415 4172 1486 4227 dum
1502 4173 1653 4230 ctnobiles
1664 4174 1787 4248 etiguo·

116 4251 373 4317 unhamaritudine
382 4264 542 4331 mortuum,
554 4276 607 4316 sua
616 4265 709 4317 morte
717 4263 841 4331 sanavit,
853 4263 904 4335 qui
958 4258 1042 4326 biles,
1059 4258 1163 4316 divites
1178 4265 1207 4315 ct
1223 4277 1377 4332 pauperes,
1390 4267 1419 4318 et
1429 4279 1516 4319 omne
1525 4279 1619 4337 genus
1630 4263 1785 4321 hominum

118 4339 163 4401 licit
175 4364 221 4419 par
233 4349 342 4405 isaiam
355 4367 362 4404 :
378 4349 505 4422 Spiritus
520 4349 635 4406 Domini
652 4366 807 4421 superma,
820 4369 904 4425 prop·
957 4348 994 4403 de
1005 4349 1079 4404 mari
1091 4349 1181 4421 hujus
1193 4349 1291 4405 soeculi
1304 4350 1466 4407 extrahitur
1484 4353 1521 4408 ad
1547 4350 1682 4408 salutem.
1700 4353 1781 4418 Quod

118 4431 212 4505 anod
229 4436 315 4493 unxit
329 4452 394 4506 me;
411 4437 610 4510 evangelizare
620 4438 799 4510 pauperihus
822 4440 903 4496 misit
957 4441 1056 4493 autem
1072 4438 1224 4509 sequitur:
1240 4440 1273 4494 lu
1287 4439 1425 4495 littoribus
1439 4441 1509 4511 cjiu,
1525 4447 1551 4495 et
1563 4442 1592 4495 iu
1600 4439 1782 4512 palustribus,

118 4528 259 4588 me;aanare
267 4540 320 4582 eos
329 4523 381 4596 qui
390 4525 508 4582 contriti
519 4530 590 4581 sunt
604 4525 690 4581 corde
709 4527 900 4597 (lectiani).
917 4550 940 4615 D
957 4525 1018 4582 sive
1033 4526 1063 4581 in
1078 4525 1125 4583 hia
1140 4543 1204 4599 que
1219 4531 1301 4583 extra
1316 4527 1414 4584 littora
1427 4527 1626 4601 egrediuntur,
1637 4542 1783 4598 uquaencn

117 4598 167 4666 Unde
177 4617 201 4669 et
214 4630 265 4686 per
277 4613 436 4671 teremiam
451 4613 583 4671 clamitat
596 4631 602 4670 :
615 4613 834 4681 Convertimini,
848 4616 901 4674 filii
955 4615 1140 4684 sanabuntur,
1154 4615 1228 4671 illud
1245 4615 1369 4672 latenter
1382 4617 1519 4688 ostendit,
1537 4616 1612 4688 quod
1624 4616 1673 4688 qui
1685 4616 1782 4673 inNoe

116 4704 284 4775 uiuentes,
301 4708 331 4760 et
341 4703 451 4760 sanabo
464 4701 656 4761 contritiones
666 4708 780 4761 vestras
791 4704 899 4776 (terem.
955 4719 1023 4760 arca
1038 4721 1096 4760 non
1116 4704 1214 4773 luerit,
1240 4710 1339 4777 pereat
1366 4710 1506 4777 regnante
1522 4703 1647 4760 diluvio:
1663 4709 1693 4761 et
1706 4720 1782 4776 quos

133 4839 158 4911 tt]
169 4842 233 4902 Cum
247 4844 370 4902 Rabano
385 4848 413 4901 et
426 4845 553 4902 Victoria
564 4844 690 4918 legimus
700 4848 898 4916 corruptione:
954 4846 1080 4903 Antonio
1096 4845 1269 4918 Imperatori
1298 4847 1396 4903 Severi
1422 4845 1482 4903 illio
1510 4844 1626 4913 obtulit,
1643 4863 1700 4903 non
1716 4846 1780 4905 sine

112 4916 897 4990 Duuoanteaeratcorreptiene.lnGraecoautemtextu
953 4917 1091 4974 doctrinae
1119 4933 1180 4972 suie
1223 4918 1351 4973 maxima
1393 4916 1654 4974 commendatione.
1685 4918 1776 4976 ldinr.

110 4978 366 5062 ythiaaabopi,in
385 4990 568 5061 corruptione,
583 4987 633 5043 ubi
649 4993 678 5046 et
688 4986 835 5062 diupoleos
846 5007 898 5063 pro
953 4989 1023 5046 Mes.
1040 5004 1143 5045 omnes
1172 4988 1363 5059 Oppianicum,
1393 4990 1436 5044 vel
1466 4990 1777 5061 Appiuuicumvocant.

109 5051 214 5181 *titiam
230 5060 350 5133 legitur.
951 5059 1046 5133 Vulgo
1061 5065 1159 5116 autem
1176 5061 1195 5116 0
1213 5060 1616 5132 punasauuitanazarbaus,
1628 5059 1778 5135 cilixpoe·

124 5128 130 5196 t
161 5128 306 5205 losephus
315 5130 369 5200 lib,
380 5147 418 5188 vii
431 5131 467 5187 de
475 5129 550 5187 bello
561 5129 694 5199 ludaico,
706 5147 769 5203 cap.
780 5132 824 5201 t2,
832 5149 897 5189 nar·
952 5135 982 5188 ta
998 5130 1183 5187 notissimus.
1195 5077 1228 5186 ld
1243 5148 1309 5187 vero
1324 5146 1465 5214 perquam
1482 5130 1604 5199 erudite,
1621 5134 1698 5205 quod
1715 5133 1778 5206 pls·

102 5206 131 5251 m
190 5217 320 5259 evocem
337 5202 429 5260 iuiaee
443 5202 592 5259 auditam:
616 5202 666 5258 sed
692 5219 750 5258 non
766 5202 897 5275 loquitur
951 5202 1029 5258 cium
1041 5207 1085 5258 tot
1095 5217 1203 5276 genera
1211 5207 1292 5274 aptat
1303 5203 1495 5274 Hieronymus
1512 5202 1640 5259 historia
1654 5205 1778 5262 Joanuis

98 5264 121 5325 lt
143 5274 252 5331 tantone
262 5274 391 5343 Domini,
401 5274 477 5330 unde
487 5273 612 5345 benigne
625 5272 816 5345 intelligenda
827 5280 896 5331 sunt
950 5291 1008 5342 xxi,
1021 5276 1051 5330 ll
1076 5275 1236 5331 decentum
1248 5273 1457 5347 quinquagiste
1471 5275 1566 5330 trihus
1591 5275 1725 5346 piscihus
1740 5276 1777 5332 ab

95 5285 346 5419 &Dillimnymi
358 5361 416 5401 non
441 5346 477 5401 ad
500 5344 598 5400 vivum
613 5345 783 5401 resecanda.
800 5346 894 5402 liner.
951 5320 1091 5418 apostolis
1104 5345 1198 5418 captis
1213 5351 1269 5400 eta
1282 5343 1366 5426 Petro
1379 5415 1384 5426 .
1396 5345 1498 5401 tractis
1527 5346 1555 5400 in
1571 5351 1681 5402 terram
1695 5365 1702 5414 ;
1718 5363 1777 5418 quo

116 5414 147 5481 tc)
155 5416 271 5474 Codices
282 5433 355 5474 mss.
366 5415 530 5490 legunthoc
540 5416 895 5489 modo,dequtliusdppio·
950 5432 1073 5473 numero
1089 5421 1118 5472 et
1129 5422 1157 5473 8.
1172 5415 1366 5489 Augustimus
1377 5432 1406 5471 iii
1422 5433 1489 5472 euin
1504 5416 1602 5473 locum
1616 5417 1776 5491 significari

89 5485 893 5570 itucitteutpoeuitutiutmue.atittpptantcuaeto.
949 5488 1319 5560 docet,exomnigenore‚
1351 5493 1429 5543 sorte
1457 5505 1490 5545 ec
1519 5493 1597 5546 statu
1620 5488 1775 5553 hominum

85 5554 266 5632 luitporroO
287 5559 633 5636 piannagenereaZerbo
649 5557 754 5615 cilicie
767 5560 892 5626 civitate,
948 5559 1120 5618 electionem
1139 5559 1168 5616 iu
1189 5556 1336 5617 celestem
1356 5559 1492 5634 patriam.

83 5630 241 5707 dscdpnit
295 5631 395 5689 ιευτικὰ
420 5629 649 5707 elegantissimis
669 5630 892 5705 uicinaeque
