3840 6098
102 242 160 312 'ld'i
317 240 565 313 salesberie
587 240 841 313 uomitusue
863 241 1048 312 oslouuls
1070 244 1110 311 lit
1133 245 1395 316 aesculanum.
1417 247 1515 316 ΗΘΜ.
1536 242 1588 314 ῙΧ.
1742 237 1805 316 'lib

102 379 177 437 ciem
190 378 318 449 Domini,
331 384 364 436 ut
373 379 433 447 ille,
448 384 477 437 et
491 380 550 451 ille,
567 379 666 438 nullus
681 380 722 437 sio
733 379 842 453 paseha
852 378 925 436 cele·
940 380 968 448 Α
981 379 1031 436 lud
1048 396 1148 438 verum
1164 380 1240 439 Solis
1251 382 1374 454 justitia
1389 382 1566 456 resplendet,
1591 380 1746 439 stolarum
1760 385 1807 442 est

102 467 197 526 brevit
211 471 245 524 ut
257 467 364 524 sosias.
381 469 422 524 llx
437 486 493 542 quo
504 470 669 526 ostenditur
679 468 928 542 comparationem
982 473 1050 525 ante
1064 469 1220 526 homines:
1248 487 1315 527 cum
1331 475 1429 528 autem
1452 470 1586 528 Christus
1609 471 1721 528 venerit
1740 475 1808 531 ante

103 557 166 614 lieri
176 558 336 628 justorum,
352 556 471 613 etilluzn
483 575 549 614 vere
560 560 759 631 esseJustum,
771 557 821 629 qui
831 556 928 629 sicju·
983 573 1061 627 eum,
1076 558 1315 616 contenebrescit.
1329 559 1442 616 Dicitur
1456 563 1485 614 st
1499 557 1568 614 alibi
1585 574 1593 614 ε
1613 559 1675 614 Luc
1688 560 1717 614 in
1732 560 1806 617 tene·

102 645 223 704 stificari
232 646 548 703 merestonUtinamet
555 663 608 720 ego
617 646 740 703 collatus
748 645 929 718 sapientibus
984 646 1042 702 bria
1056 647 1127 702 tecet
1142 647 1232 718 (loco.
1248 648 1279 720 ι).
1304 648 1371 712 Quae
1387 651 1432 704 est
1444 647 1501 703 iste
1515 647 1575 709 lux,
1600 663 1664 719 que
1684 646 1761 704 lueet
1774 648 1805 705 in

101 734 218 804 sapiens
228 734 395 807 reperiar,et
401 735 491 806 justis
495 736 727 807 judicerjustusl
743 734 930 807 Noloquippe
982 735 1112 791 tenebris
1124 740 1136 792 l
1147 736 1299 792 iustorum
1312 736 1402 803 luxin
1413 735 1542 792 tenebris
1551 735 1637 792 lucet.
1655 736 1686 792 ln
1696 735 1805 807 quibus

98 822 254 896 justificari
262 822 578 895 ahiniquis,quiatelis
583 824 700 897 justitia
708 824 867 880 criminosa
874 826 928 879 est.
982 824 1134 881 tenebris?
1150 825 1200 880 uhi
1215 829 1260 880 est
1276 825 1359 882 nohis
1374 830 1520 881 certamen
1531 825 1671 880 adversus
1681 827 1807 882 rectores

100 924 166 976 Hae
180 920 346 993 anticipans
368 919 486 977 loeutus
500 939 567 977 sum
583 922 653 994 quia
667 921 696 976 in
712 922 759 976 his
776 937 839 992 qua
854 919 930 976 lecte
981 922 1169 977 tenebrarum
1186 922 1309 978 istarum
1327 922 1412 995 (Epir.
1425 924 1474 995 vr).
1490 921 1555 977 Hac
1568 922 1619 994 qui
1633 920 1805 995 diligentius

100 1013 180 1079 sunt,
206 1010 315 1065 dieitur
336 1027 343 1064 ε
367 1009 530 1079 laetificasti
552 1027 659 1066 sorores
681 1013 742 1065 tuos
761 1012 791 1065 in
805 1009 930 1065 omnibus
981 1008 1157 1083 longiusque
1172 1010 1353 1078 discusserit,
1379 1027 1436 1067 non
1456 1009 1561 1083 poterit
1575 1010 1682 1077 inllari,
1704 1010 1805 1069 videns

100 1098 297 1170 iniquitatibus
312 1099 378 1164 tuis,
395 1115 462 1169 quae
474 1102 568 1170 sensti
582 1100 617 1170 (ll
633 1105 699 1155 Por.
716 1100 793 1171 xxv).
816 1096 928 1153 lustiti-
983 1099 1082 1155 lumen
1098 1115 1186 1155 suum
1198 1101 1234 1156 ad
1246 1100 1493 1173 comparationem
1504 1099 1625 1171 mqjoris
1635 1098 1806 1156 luministe·

100 1192 171 1242 eatae
184 1189 255 1242 sunt
270 1185 349 1242 enim
360 1186 493 1242 Samaria
502 1191 530 1244 et
540 1188 667 1243 Sodoma
677 1204 711 1243 ex
721 1185 930 1258 iniquitatibus
983 1186 1090 1243 nebras
1099 1188 1239 1260 reputari.
1251 1188 1325 1252 Ouid
1336 1192 1381 1245 est
1391 1187 1508 1260 lustitia
1519 1203 1594 1259 mea,
1608 1186 1722 1244 etiamsi
1734 1191 1808 1243 Pan·

101 1275 277 1332 Jerusalem.
289 1277 319 1330 ln
342 1276 470 1332 omnibus
484 1277 679 1346 iniquitatibus
693 1278 827 1347 taiaqnoe
840 1275 931 1346 fecisti
981 1274 1030 1331 lus
1043 1275 1200 1348 Apostolus
1215 1276 1309 1332 llam?
1323 1277 1394 1349 quid
1404 1277 1536 1344 castitas,
1551 1274 1667 1333 etiamsi
1677 1275 1808 1350 Joseph‘i

98 1364 299 1436 manente.
312 1363 422 1420 ldoirco
432 1364 606 1437 diligentius
617 1365 815 1433 attendamus,
826 1367 930 1434 utpos-
983 1363 1054 1437 quid
1065 1364 1215 1436 fortitudo,
1227 1364 1343 1421 efflemsi
1353 1365 1445 1421 ludas
1454 1365 1638 1422 blachabaue
1649 1363 1809 1423 exsistam?

98 1453 195 1510 simus
211 1467 380 1524 agnoscere,
396 1469 498 1509 omnes
512 1470 565 1509 nos
575 1453 606 1508 in
618 1453 664 1509 die
675 1453 780 1525 judicii
794 1470 811 1509 a
827 1452 929 1525 pejori·
983 1452 1053 1524 quid
1068 1452 1126 1509 alia
1139 1453 1233 1509 virtus
1247 1453 1406 1526 sapientia,
1431 1452 1546 1510 etiamsi
1562 1452 1700 1510 Salomon
1715 1469 1809 1527 appa·

98 1541 155 1598 bus
170 1539 510 1611 nostrisjustilicandos,
535 1545 564 1597 et
588 1559 707 1597 rursum
723 1561 740 1597 a
755 1541 841 1599 nobis
856 1541 929 1597 alios
983 1557 1073 1608 ream,
1099 1542 1134 1596 ad
1158 1541 1406 1614 comparationem
1429 1541 1491 1610 Dei,
1515 1546 1544 1598 et
1566 1543 1602 1598 ad
1625 1557 1727 1599 eorum
1753 1541 1805 1614 qui

94 1629 265 1702 justificari.
282 1628 363 1686 Unus
379 1629 460 1684 solus
475 1631 580 1701 estqui
591 1631 775 1702 justificatur
786 1630 823 1685 ab
834 1628 929 1685 omni·
983 1629 1118 1687 meliores
1129 1631 1216 1687 sunt‘l
1229 1631 1313 1704 Ergo,
1321 1635 1354 1687 ut
1363 1631 1458 1687 (licere
1469 1647 1657 1703 ceperamus,
1668 1629 1809 1703 iniqnitas

100 1717 169 1788 bue,
182 1721 210 1772 et
221 1716 284 1789 ipse
295 1715 409 1772 nullum
421 1718 577 1789 justificat.
594 1721 631 1773 ut
641 1721 723 1789 puta,
741 1717 868 1775 Sodoma
878 1717 928 1788 ju·
945 1718 1130 1816 Biantillcat,
1143 1723 1171 1775 et
1179 1720 1297 1791 justitia
1307 1719 1432 1776 aliorum
1446 1721 1663 1793 comparatione
1673 1718 1809 1777 condem-

102 1805 596 1876 stidcaturablerusalem,quiaab
611 1822 642 1862 se
653 1805 839 1865 sceleratoria
849 1821 927 1861 com·
982 1810 1043 1863 nat.
1057 1808 1166 1863 idcirco
1179 1824 1185 1863 :
1200 1809 1232 1865 Ut
1237 1809 1401 1881 jmtifieerie
1411 1809 1442 1864 in
1451 1809 1625 1865 remonitus
1635 1810 1701 1877 tuis,
1711 1808 1808 1865 etvin-

98 1893 201 1950 misit:
216 1897 246 1950 et
259 1892 333 1949 torte
347 1893 511 1951 Jerusalem
526 1895 563 1951 ab
577 1893 754 1967 aliaaliqua,
764 1911 827 1967 qua
839 1911 870 1950 se
881 1910 925 1966 pe·
981 1911 1029 1953 coe
1043 1912 1104 1951 cam
1113 1896 1250 1968 judiceris
1265 1898 1350 1968 (Prot.
1367 1897 1404 1969 a),
1420 1897 1527 1953 dicitur
1541 1897 1578 1952 ad
1593 1896 1697 1952 Deum.
1718 1894 1747 1950 si
1761 1910 1810 1952 me

98 1982 215 2053 jorest,
229 1981 357 2037 civitate.
383 1982 430 2038 Sic
453 1986 499 2038 est
523 1982 644 2055 quidam
665 1982 878 2054 justificandus
892 1981 928 2038 ab
978 1982 1808 2057 'vultsalvarelteuenoneffcrtinjudiciumlumeusuum:

98 2069 290 2140 Antichristo,
320 2070 370 2141 qui
395 2071 431 2126 ad
454 2070 540 2126 illum
567 2074 765 2144 comparatur,
794 2075 823 2126 et
849 2068 929 2125 illius
983 2072 1008 2128 si
1032 2070 1094 2128 vult
1115 2088 1179 2129 esse
1202 2072 1380 2143 incolumen,
1405 2091 1462 2130 non
1486 2074 1579 2130 delert
1605 2072 1704 2129 lumen
1731 2071 1809 2129 00⁸

99 2158 255 2231 iniquitate
270 2175 304 2215 ac
319 2157 479 2216 sceleribus
495 2160 592 2216 minor
607 2160 760 2232 reperitur.
778 2158 929 2215 Pessimus
982 2160 1167 2218 Christiani:
1184 2161 1313 2233 alioquin
1326 2163 1428 2235 puniet
1442 2177 1508 2231 me;
1525 2161 1618 2218 delert
1631 2177 1699 2218 vero
1709 2160 1810 2217 lumen

100 2262 167 2304 sero
180 2247 297 2303 demon
311 2258 368 2316 est,
385 2252 413 2304 et
427 2251 472 2319 (ut
486 2248 580 2321 aiunt)
595 2249 695 2317 miser,
711 2248 761 2320 qui
776 2248 812 2304 ab
824 2247 928 2318 illoju·
984 2249 1142 2320 minorum,
1172 2266 1347 2322 comparans
1376 2251 1448 2306 mihi
1480 2250 1633 2308 inferiores
1663 2264 1808 2323 quosque.

103 2335 261 2392 stificatur:
277 2334 350 2392 torte
360 2339 389 2391 et
398 2335 571 2408 paterillius
583 2336 619 2391 ab
630 2335 928 2408 eononjustificatur,
983 2340 1096 2404 Quanto
1111 2336 1239 2410 amplius
1254 2340 1380 2410 majores
1395 2337 1466 2395 mihi
1478 2339 1673 2411 melioresque
1682 2336 1811 2396 contule·

102 2432 194 2490 multo
209 2431 260 2489 illo
271 2431 439 2489 sceleratior
450 2437 594 2505 repertus.
611 2433 754 2489 Dominus
765 2448 832 2488 vero
846 2447 929 2487 meus
983 2425 1031 2497 rit,
1055 2429 1136 2481 tanto
1153 2425 1219 2499 plus
1230 2427 1331 2498 justus
1346 2444 1405 2495 ero,
1431 2427 1456 2482 si
1471 2426 1515 2483 illi
1530 2444 1548 2483 a
1561 2444 1609 2484 me
1623 2425 1731 2499 reperti
1745 2426 1811 2482 iue-

101 2521 188 2578 Jesus
198 2520 523 2593 Christusjustificatur
529 2523 615 2593 juxta
625 2520 874 2594 dispensationem
881 2536 930 2576 car
984 2514 1042 2571 rint
1053 2515 1190 2571 minores.
1201 2513 1341 2571 Similiter
1351 2518 1396 2573 est
1405 2514 1478 2571 illud
1490 2514 1664 2588 intelligere,
1680 2514 1757 2586 quod
1771 2513 1809 2570 ab

103 2609 157 2676 nis,
180 2626 271 2681 quam
295 2609 332 2665 ob
357 2614 487 2666 nostram
516 2608 642 2665 salutem
669 2606 863 2677 circumtulit,
892 2607 929 2663 ab
982 2602 1119 2674 Apostolo
1135 2601 1262 2658 dicitur:
1278 2602 1533 2672 Atioqtorinsotis,
1549 2600 1808 2672 otioplorintuom,

104 2698 261 2767 Abraham,
286 2698 322 2753 ab
346 2698 436 2766 lsaac,
458 2698 494 2753 ab
509 2696 610 2763 Jacob,
635 2713 650 2752 e
674 2713 691 2753 a
715 2696 837 2769 reliquis
863 2713 929 2769 pro·
983 2694 1009 2747 et
1023 2692 1081 2747 etin
1092 2691 1181 2763 yterio
1194 2693 1355 2747 stellarem:
1371 2693 1455 2749 cletta
1469 2688 1810 2761 animostettnditlertio

106 2786 209 2861 phetis.
227 2787 348 2851 Quando
364 2787 442 2843 enim
458 2786 597 2842 omnibus
607 2785 709 2857 Justis,
725 2791 754 2841 et
766 2785 928 2859 prophetis,
983 2780 1110 2836 claritate
1122 2797 1132 2835 :
1146 2782 1187 2835 sic
1201 2782 1363 2837 resurretio
1376 2789 1548 2837 mortuorum
1569 2780 1598 2852 (l
1613 2778 1674 2835 Cor.
1689 2794 1736 2848 xv,
1751 2776 1808 2850 ll).

106 2892 136 2932 ec
150 2875 256 2941 beatis,
275 2875 444 2947 quibusque
458 2875 488 2930 in
503 2875 753 2947 comparationem
769 2874 869 2930 missis
885 2874 928 2929 in·
982 2873 1069 2930 Verbi
1083 2874 1198 2946 gratia:
1215 2874 1332 2946 fulgens
1343 2879 1371 2931 et
1386 2874 1460 2931 illud
1476 2875 1559 2931 sidus
1574 2889 1633 2930 non
1644 2872 1675 2928 in
1686 2885 1809 2955 conspe}

106 2964 409 3022 venitureontrarium
421 2964 499 3032 buic,
512 2964 588 3036 quod
600 2963 709 3020 dicitur
721 2964 930 3020 deSodomaet
984 2967 1032 3018 ctu
1047 2961 1199 3019 lucidioris
1215 2961 1316 3032 stellae,
1342 2963 1393 3019 sed
1417 2963 1597 3020 obscurioris
1611 2961 1711 3018 micat.
1737 2959 1810 3026 Quis
1896 2986 1901 2995 ·

105 3053 277 3122 Jerusalem,
302 3053 397 3126 magis
422 3052 551 3125 glorifico
574 3050 753 3108 Salvatorem
783 3057 927 3109 nostrum.
983 3055 1118 3107 nostrum
1134 3056 1232 3125 potest
1245 3053 1282 3109 ad
1295 3052 1390 3108 instar
1403 3052 1516 3126 fulgere
1530 3050 1631 3109 lunae‘l
1645 3050 1716 3115 Quis
1730 3047 1808 3105 luni-

106 3144 182 3209 Quod
201 3146 299 3198 autem
316 3141 379 3197 dico
395 3141 564 3198 istiusmodi
579 3146 633 3210 est,
659 3146 688 3196 et
702 3142 760 3198 Deo
775 3140 928 3214 largiente,
944 3108 965 3176 c
985 3139 1076 3196 dioris
1091 3135 1222 3197 siderum
1246 3157 1401 3198 eoruscare
1424 3141 1562 3198 lumine?
1585 3139 1754 3197 Secundum
1777 3136 1808 3193 id

107 3232 257 3289 orantibus
283 3229 374 3298 robis,
400 3230 534 3302 probabo
560 3230 594 3285 de
618 3229 777 3303 Scripturis
792 3229 929 3303 explana·
985 3230 1063 3301 quod
1079 3229 1221 3302 scriptum
1236 3234 1280 3287 est
1292 3231 1321 3286 in
1331 3229 1467 3287 Daniele:
1483 3231 1637 3302 Futqetont
1650 3226 1810 3286 sicutstelto

107 3319 225 3377 bonam.
252 3319 330 3376 Fecit
353 3319 480 3375 Sodoma
501 3322 672 3389 peccatum:
698 3318 832 3375 Samaria
856 3333 932 3390 quo·
985 3319 1016 3374 in
1029 3318 1133 3376 saecuto
1148 3319 1227 3391 (Dan.
1243 3322 1306 3385 xu).
1323 3320 1357 3375 Et
1367 3319 1557 3391 hecquidem
1572 3317 1737 3375 necessario
1749 3316 1809 3373 dis·

111 3424 162 3482 que
185 3407 327 3482 peccavit,
349 3405 557 3479 iniquitatibus
573 3407 678 3462 obruta
697 3411 743 3462 est
756 3404 932 3477 Jerusalem,
986 3412 1135 3480 putamus,
1152 3413 1185 3463 ut
1200 3407 1299 3481 procul
1316 3407 1486 3481 asuperbia
1500 3408 1694 3463 recedamus:
1717 3404 1811 3460 Sodo-

110 3497 180 3555 tflb
200 3496 252 3553 sed
267 3495 383 3551 minora
405 3498 525 3568 peecata
548 3511 565 3552 a
589 3494 751 3567 maJ'oribus
768 3494 934 3567 justifican-
987 3494 1120 3551 miticum
1141 3497 1249 3568 quippe
1271 3499 1424 3568 peccatum
1449 3500 1494 3551 est
1517 3494 1636 3567 superbi
1657 3492 1811 3565 iniquitas.

111 3590 155 3642 ²¹¹¹*
176 3585 234 3643 ⁸¹¹1)
262 3583 404 3657 ⁰¹³mPl⁰2
430 3599 488 3656 (111⁰
513 3584 640 3640 30d⁰¹¹¹³
658 3584 844 3656 iutifficflitff
858 3600 875 3639 ss
889 3599 935 3639 ⁵⁰·
987 3592 1053 3648 llaeo
1068 3594 1262 3651 Sodomorum
1277 3593 1387 3650 sororis
1402 3598 1458 3649 tum
1471 3592 1611 3666 superbia
1621 3591 1700 3648 unde
1712 3605 1815 3647 nasea-

113 3691 170 3731 rore
181 3691 236 3731 sue
245 3672 422 3729 Jerusalem·
434 3672 583 3736 Ou⁰m⁰d⁰
595 3672 686 3746 igitur
696 3671 837 3745 inituim
849 3671 935 3743 inflii·
988 3686 1046 3749 tur,
1054 3685 1082 3737 et
1090 3697 1165 3752 quas
1173 3681 1280 3738 habeat
1288 3682 1412 3750 radices,
1420 3682 1554 3754 adjungit
1564 3697 1571 3736 ε
1580 3681 1817 3752 locaturiwtepa

114 3763 187 3836 fleat,
214 3762 240 3819 ⁵5
265 3762 443 3818 ⁰0¹1d0ffl¹¹1²i
470 3761 627 3834 aliquandi]
654 3760 781 3833 justitia·
816 3764 934 3829 Verum.
989 3785 1067 3837 num,
1076 3778 1102 3825 et
1111 3772 1141 3825 in
1150 3767 1686 3841 abundantioaffluebantldeu.xur).si
1696 3766 1750 3824 soli
1772 3766 1819 3822 lit-

117 3876 217 3931 qneso,
226 3863 363 3933 exspecta
373 3859 532 3932 paulisper,
545 3860 636 3916 donec
647 3859 778 3916 docearis
793 3859 935 3931 quemad·
990 3863 1057 3915 tera
1067 3858 1212 3927 attendas,
1222 3857 1503 3914 multaabundantia
1513 3855 1678 3929 antiquitus
1687 3855 1817 3912 inSodo·
1882 3852 1891 3861 ‘

118 3950 231 4006 modum
242 3949 359 4005 dicatur
370 3949 566 4004 condemnare
577 3948 704 4019 justitia.
718 3948 861 4021 Iniquitas
872 3963 937 4003 mea
991 3948 1049 4003 mis
1059 3947 1123 4002 luit.
1133 3947 1202 4002 Erat
1212 3947 1406 4020 quippeterra
1415 3963 1517 4003 eorum
1527 3951 1559 4002 ut
1567 3943 1821 4018 paradisusDei,et

112 4038 223 4109 justitia
235 4041 281 4094 est
296 4036 513 4110 comparatione
528 4038 648 4108 majoris
662 4036 839 4110 iniquitatis.
852 4036 899 4094 Sic
909 4038 939 4092 et
992 4035 1275 4109 utterraAEgyptiSi
1284 4040 1381 4092 autem
1391 4034 1524 4092 acarnali
1532 4032 1683 4091 intellectu
1692 4034 1728 4089 ad
1737 4031 1821 4105 spiri·

112 4127 225 4198 justitia
239 4143 306 4183 mea
324 4143 359 4183 ex
380 4125 598 4199 comparatione
623 4126 795 4200 multiplicis
815 4124 938 4197 justitia
992 4122 1821 4197 talemconscenderis,utvideasquomodosuperbiaSo·

116 4214 255 4289 iniqnitas
269 4219 431 4287 reputatur.
448 4215 602 4286 Propterea
615 4231 670 4272 non
688 4216 890 4288 justificabitur
909 4215 940 4269 io
993 4211 1186 4270 domorumin
1196 4213 1350 4269 saturitate
1358 4229 1467 4285 panum
1475 4212 1541 4269 etin
1549 4210 1823 4268 abundantialluxe

117 4308 256 4378 conspecte
275 4308 322 4360 teo
338 4306 427 4359 omnis
441 4305 533 4359 vivens
548 4304 633 4376 (Psoi.
651 4304 747 4377 crui).
760 4304 858 4361 Fuerit
872 4302 941 4358 lieet
994 4297 1822 4374 rit,utilitatemcapiesetadvitnolficium,etadaliaque·

115 4391 941 4466 justuehhraham,atjustusltloysosjustusunusquis·
994 4392 1063 4447 dam
1088 4392 1201 4462 majora
1225 4389 1387 4462 majoribus
1412 4389 1594 4461 corrigenda.
1621 4387 1823 4457 Proponamus

119 4497 170 4554 que
184 4480 349 4538 illustrium
373 4479 502 4536 virorum
520 4497 527 4536 z
553 4482 603 4537 sed
631 4483 668 4537 ad
695 4481 941 4554 comparationem
955 4476 979 4541 u
994 4480 1124 4554 primum
1137 4480 1178 4550 id,
1194 4480 1272 4551 quod
1285 4483 1353 4535 ante
1368 4477 1479 4534 multos
1494 4476 1557 4533 dies
1572 4475 1682 4532 lentum
1696 4475 1751 4544 est,
1776 4469 1822 4528 dl·

119 4570 220 4628 Christi
235 4586 295 4626 non
312 4571 382 4625 sunt
392 4569 478 4641 justi.
504 4573 564 4624 Lux
587 4585 690 4626 eorum
714 4585 781 4624 eum
797 4570 862 4641 eJ'us
876 4570 941 4624 luce
993 4569 1084 4625 vitem
1098 4567 1237 4623 vestitum
1252 4567 1339 4639 bysso
1354 4570 1383 4622 et
1405 4581 1545 4638 purpura,
1561 4563 1693 4636 quotidie
1708 4557 1823 4619 deliciis

120 4658 414 4733 compositatenebra
425 4657 621 4731 reperiuntur.
635 4658 669 4713 aa
684 4657 942 4729 quomodolumen
994 4656 1170 4728 luxuriaque
1183 4654 1340 4722 latentem,
1364 4658 1394 4710 et
1416 4655 1558 4711 Lazarum
1583 4649 1738 4708 vulnerum
1756 4647 1824 4705 tabe

120 4744 941 4818 lucernaeedsolisradiosobscurntur,etvelutuliuqure-
996 4744 1824 4824 etvermiumpudoreconfectum,quaemnlem,solatinm

121 4837 183 4894 dam
193 4853 271 4893 eaeoa
280 4834 416 4892 materies
427 4835 677 4892 contenebrescit:
693 4834 745 4904 sie,
757 4833 824 4908 licet
834 4835 944 4907 fulgeat
997 4842 1084 4900 famis
1099 4858 1169 4908 suae,
1194 4841 1296 4909 micas,
1322 4857 1386 4912 qua
1402 4840 1438 4896 de
1453 4855 1556 4895 mensa
1571 4838 1636 4909 ejus
1650 4834 1825 4892 decidebant

120 4925 265 4996 justorum
280 4923 414 4982 omnium
425 4923 523 4980 lumen
536 4923 758 4992 antebomines,
775 4928 944 4979 nontamen
999 4934 1073 5001 (Lac,
1088 4933 1157 4998 m),
1185 4929 1353 5002 opportune
1377 4932 1475 4984 autem
1492 4926 1616 4981 nuncin
1632 4924 1710 4981 huno
1725 4921 1825 4979 locum

123 5012 945 5090 f¹¹¹8⁰tmemmium·LucetitlUiPPelufflessvtslt‘um·
998 5019 1163 5092 exemplum
1180 5017 1258 5073 istud
1281 5016 1394 5083 incidit,
1419 5019 1452 5071 ut
1472 5012 1661 5088 perspicuum
1685 5011 1737 5068 dat
1759 5025 1824 5082 que

124 5130 176 5171 nnn
186 5110 363 5185 simpliciter
373 5109 486 5166 dictum
497 5115 553 5177 est,
566 5110 616 5165 sed
629 5110 801 5166 luceatante
811 5109 946 5166 homines
999 5108 1142 5179 iniquitas
1157 5105 1257 5161 divitis
1271 5104 1367 5161 luerit.
1394 5101 1534 5175 Locuples
1558 5105 1630 5169 erat,
1655 5098 1825 5156 abundabat

123 5203 223 5270 (term.
234 5203 274 5272 v).
291 5204 367 5255 Ante
377 5198 526 5255 Christum
541 5215 598 5253 non
610 5202 706 5270 potest
720 5196 819 5253 lumen
835 5196 947 5269 fulgere
1001 5195 1121 5253 deliciis.
1139 5195 1202 5249 Non
1227 5192 1305 5248 snim
1322 5191 1469 5248 accusavit
1484 5207 1552 5246 eum
1566 5183 1724 5261 Scriptura,
1740 5184 1826 5258 quasi

122 5291 279 5362 justorum.
306 5288 342 5344 Ut
356 5286 496 5358 splendor
510 5286 597 5356 tunm,
622 5292 651 5342 et
671 5284 809 5342 micantia
824 5284 888 5340 coeli
904 5285 946 5339 si·
1001 5285 1116 5340 divitias
1133 5283 1162 5337 in
1174 5282 1328 5353 iniquitate
1341 5279 1504 5353 possederit
1518 5294 1525 5334 ι
1541 5294 1598 5335 non
1609 5293 1677 5334 eum
1688 5274 1826 5332 crimine·
1859 5351 1863 5357 Ι

125 5379 200 5449 dera,
217 5378 391 5452 priusquam
407 5376 450 5432 sol
466 5374 575 5430 oriatur
590 5375 619 5430 in
634 5375 810 5430 stationibus
825 5373 888 5428 suis
898 5389 948 5428 ru·
1001 5377 1049 5428 tus
1065 5376 1110 5427 est
1133 5385 1230 5425 sermo
1256 5368 1386 5435 divinus,
1413 5367 1492 5439 quod
1507 5364 1711 5424 meretricibus
1725 5362 1825 5419 dedit:

126 5467 284 5536 tilant,orto
299 5482 365 5521 vero
377 5464 447 5535 sole,
460 5463 682 5521 absconduntur
697 5481 703 5518 :
724 5462 766 5519 sic
781 5460 881 5517 lumen
896 5461 948 5516 lic-
1002 5477 1060 5517 nnn
1076 5457 1264 5523 homicidam,
1293 5461 1345 5513 aut
1363 5455 1444 5511 uliud
1460 5456 1668 5528 quodcumque
1682 5450 1827 5510 scelerum

125 5557 229 5627 clesioe,
244 5552 483 5622 utlumenlunae,
499 5548 949 5626 priusquamoriaturlumenil·
1003 5548 1167 5606 facientem.
1195 5547 1251 5603 Sed
1274 5545 1299 5604 si
1324 5543 1491 5604 consideres
1515 5545 1581 5614 hoe,
1606 5543 1685 5620 quod
1708 5541 1739 5604 in
1752 5552 1828 5616 pm·
