3818 6104
91 360 179 428 {088
486 358 863 429 conunnrlaloaclt
885 364 925 427 ru
950 362 1412 428 sensualitatem.
1726 361 1805 427 4086

92 501 198 559 ninon
209 496 368 558 invenient.
380 497 421 556 lix
433 513 490 572 quo
501 498 707 574 Intelligimus,
720 501 838 574 quando
852 501 920 558 doc·
936 500 965 568 A
1015 502 1094 574 (Gap.
1111 499 1156 558 IX.
1173 532 1207 542 -
1221 500 1303 558 Vers.
1319 496 1357 575 Ι.)
1376 499 1435 558 Victi
1456 501 1603 559 Dominum
1624 505 1741 561 stactem
1754 521 1803 563 su-

94 591 178 649 trina
193 605 253 645 non
274 589 403 645 fueritin
418 587 925 663 Ecclesiis,perirepudicitiam,cas·
976 607 1026 663 per
1040 591 1138 657 altare,
1153 598 1177 646 et
1192 591 1265 647 ‹lirir
1278 607 1283 645 :
1296 593 1408 648 Percate
1417 591 1571 659 cardinem,
1582 595 1608 648 et
1618 609 1802 650 commercan-

96 682 216 738 titatam
232 679 317 750 muri,
330 694 433 734 omnes
444 679 521 734 844
532 679 612 735 abire
630 680 752 737 virtutes
765 697 770 734 :
784 681 924 759 quianon
979 687 1024 735 tur
1038 681 1265 752 alpertiminarie
1276 699 1284 735 :
1296 683 1416 736 avaritia
1432 685 1505 736 caim
1520 685 1550 738 ia
1565 684 1654 754 capite
1668 688 1802 752 orricium,

94 769 289 827 comederunt
302 768 425 824 verbum
441 767 569 836 Domini,
585 769 663 841 quod
691 769 741 841 qui
766 769 925 826 comederit
978 774 1005 824 et
1019 771 1200 824 aoeissimum
1214 786 1308 825 eorum
1323 773 1354 825 in
1368 771 1461 839 qtaclio
1485 771 1660 840 interficiam.
1676 773 1735 828 Nea
1750 775 1804 829 crit

96 859 253 932 saginatus
265 858 329 927 ejus
341 857 416 924 cibo,
429 856 527 913 audiet
538 873 588 928 per
613 857 817 916 Salomonem:
833 862 925 915 lastae
978 857 1049 931 sequ
1063 860 1104 914 eis
1117 876 1126 912 .·
1141 860 1228 929 suqiet
1245 858 1340 931 [Vulg.
1357 862 1406 919 eis.
1416 862 1464 932 qui
1473 860 1606 934 saqieall,
1616 869 1641 916 ct
1651 878 1706 917 aaa
1715 863 1803 918 satue-

96 947 243 1006 comedens
257 950 366 1003 saturat
378 948 504 1002 auirnam
518 963 596 1003 raam
610 964 617 1002 :
633 951 734 1003 aritae
762 956 853 1004 aretem
868 943 925 1004 im-
980 946 1056 1002 bitur
1067 965 1102 1003 cr
1112 948 1155 1002 tris
1169 951 1218 1020 qui
1227 951 1339 1020 [aperit.
1353 949 1419 1004 Lxx
1432 965 1438 1004 :
1453 950 1520 1004 Vati
1531 952 1678 1006 bornicum
1688 959 1803 1009 steritem

92 1039 209 1111 piorum
221 1038 346 1091 esurient
364 1035 419 1104 [Al.
436 1038 574 1107 esrcrluntl
590 1038 681 1108 (Pron.
704 1056 767 1104 xm,
782 1040 821 1110 2).
838 1039 876 1109 (a)
892 1039 926 1093 m
980 1052 1063 1108 saper
1077 1036 1177 1106 altare,
1194 1040 1219 1092 et
1233 1037 1304 1092 ittae
1320 1055 1326 1092 :
1341 1039 1454 1093 Pcrculc
1469 1054 1550 1108 sceqer
1569 1041 1802 1110 propitiatorium,

96 1126 192 1184 David
204 1124 300 1198 quiad
318 1128 497 1181 senectutem
512 1131 691 1196 pervenerat,
713 1126 802 1183 libere
823 1128 926 1182 decen·
980 1130 1008 1181 et
1022 1127 1261 1181 commorabuntur
1274 1127 1428 1181 vaurella:
1444 1135 1469 1182 et
1488 1127 1588 1198 disjice
1600 1129 1629 1181 ia
1641 1130 1733 1199 capita
1748 1145 1805 1184 om-

94 1217 197 1273 tabat:
209 1215 323 1272 iuvenis
337 1216 392 1284 fui,
406 1216 431 1269 et
447 1217 537 1281 senui,
554 1218 578 1270 et
594 1232 649 1271 aare
664 1215 723 1272 eidi
733 1219 841 1289 justum
851 1216 926 1273 dere·
979 1218 1069 1284 aiarn,
1084 1221 1109 1272 et
1120 1218 1239 1287 reliquus
1249 1234 1344 1272 corum
1353 1217 1445 1288 qladio
1456 1218 1633 1287 interficiam.
1648 1220 1705 1274 Non
1720 1221 1806 1290 fuqict

95 1305 207 1371 lictum,
222 1319 272 1359 aee
285 1319 375 1359 amaea
390 1305 450 1375 ejus
470 1319 596 1375 quaereas
617 1321 723 1376 partem
748 1305 804 1376 (Pr.
829 1323 923 1376 xxxvi,
980 1321 1015 1360 ec
1028 1307 1076 1374 eis,
1092 1309 1141 1377 qui
1154 1308 1276 1378 q'riqerlt:
1292 1311 1318 1362 et
1335 1323 1388 1362 rica
1400 1308 1557 1362 actualiter
1567 1308 1677 1374 saillis,
1687 1310 1736 1380 qur¹
1744 1310 1806 1379 sice-

94 1395 156 1466 26.)
172 1392 280 1457 Quanti
292 1396 437 1463 martyres
454 1391 484 1448 in
505 1394 757 1465 persecutionibus
776 1395 926 1467 perierunt
980 1396 1018 1450 rit
1032 1396 1193 1450 resalvatus.
1210 1395 1341 1460 Quicum
1354 1394 1663 1451 Ezechieleetloanne
1675 1396 1806 1469 Baptista

95 1483 233 1549 samael
250 1481 441 1554 indiguerunt
464 1482 610 1538 frumento
638 1483 845 1556 alimentisque
861 1483 925 1539 istis
980 1488 1096 1556 apertos
1109 1483 1214 1540 viderit
1240 1483 1327 1540 coelos
1355 1486 1501 1556 (Eseclia3
1532 1484 1806 1556 blat.111),etvela·

94 1586 264 1644 corporum.
284 1574 358 1643 Ergo
374 1572 410 1627 de
426 1587 459 1626 eo
473 1571 545 1626 dicit
560 1589 644 1644 pane,
662 1574 712 1646 qui
738 1575 773 1629 de
790 1573 861 1630 coelc
876 1574 925 1628 deu
981 1590 1059 1638 men,
1076 1575 1154 1646 quod
1171 1573 1301 1646 positum
1319 1578 1383 1629 erat
1397 1579 1464 1630 ante
1480 1574 1581 1630 taciem
1603 1574 1693 1648 Moysi
1706 1574 1806 1643 (deod.

94 1659 224 1727 scandit,
236 1675 324 1731 quem
335 1660 561 1732 quicomederit,
569 1677 620 1717 nec
629 1663 740 1718 esurire
748 1664 863 1736 poterit,
873 1677 926 1717 nec
980 1663 1087 1733 xxxiv),
1099 1663 1135 1717 ab
1146 1661 1238 1717 oeulis
1249 1663 1313 1733 ejus
1324 1663 1412 1718 luerit
1422 1662 1563 1726 ablatum,
1572 1666 1604 1717 ut
1613 1662 1807 1735 impleaturin

95 1748 192 1805 sitire.
204 1747 413 1804 Deficientibus
424 1750 522 1805 autem
534 1748 707 1822 virginibus,
722 1751 927 1808 etadolescen·
981 1750 1107 1822 eoquod
1125 1750 1520 1822 scriptumestzllaudatum
1535 1751 1808 1808 Deitucz'clumitlu-
1844 1802 1850 1813 ,

95 1841 143 1895 tes
154 1836 299 1904 deliciunt,
311 1837 362 1908 qui
373 1836 455 1909 prius
466 1838 596 1894 vicerant
606 1841 749 1895 mundum
762 1844 806 1908 ;et
817 1839 926 1896 idcirco
941 1871 966 1937 B
980 1841 1094 1896 minuas
1111 1840 1201 1896 ocules
1226 1842 1282 1910 (Pr.
1308 1858 1388 1912 xviii,
1404 1842 1431 1908 9)
1446 1859 1452 1909 ;
1473 1840 1528 1895 iste
1557 1839 1665 1896 videbit
1680 1843 1806 1896 stantem

96 1926 249 1993 deficient,
265 1925 335 1998 quia
347 1927 451 1997 jurant
465 1925 495 1982 in
516 1926 594 1983 idolo
616 1928 765 2000 Samariae,
791 1946 879 2002 quam
896 1927 926 1983 in
981 1926 1139 1983 Dominum
1152 1944 1241 2000 super
1254 1928 1355 1999 altare,
1367 1933 1397 1984 et
1416 1929 1631 2001 precipientem
1648 1928 1806 2000 prophete,

94 2015 302 2073 hereticorum
326 2031 452 2088 persona
477 2032 593 2088 semper
618 2017 790 2090 accipimus,
814 2019 927 2076 dicente
981 2017 1041 2073 sive
1057 2021 1089 2073 ut
1104 2018 1189 2072 mulli
1205 2021 1320 2090 putant,
1336 2018 1451 2090 angelo,
1468 2017 1519 2089 qui
1535 2017 1692 2074 reddendis
1704 2034 1808 2089 pecca·

94 2104 153 2161 boc
167 2104 269 2160 eodem
280 2104 422 2176 propheta
434 2122 441 2159 ε
454 2105 495 2160 Vir
505 2108 554 2176 qui
571 2105 727 2177 despiciunt
736 2108 814 2177 Sion,
826 2112 850 2164 et
860 2125 926 2166 cou-
981 2109 1078 2161 terum
1091 2106 1244 2178 suppliciis
1256 2107 1440 2179 mancipatus
1450 2112 1505 2178 est,
1514 2110 1546 2162 ut
1557 2107 1700 2178 percutiat
1711 2105 1808 2162 cardi·

96 2192 187 2264 Meet
203 2195 234 2248 iu
247 2201 337 2248 mente
352 2192 489 2250 Samariae
513 2194 616 2266 (Supra
645 2212 684 2262 vi,
703 2197 738 2268 Ι).
755 2196 927 2269 [lespiciunt
983 2211 1035 2250 nes
1051 2195 1164 2267 templi,
1183 2196 1241 2251 sire
1256 2196 1511 2269 propitiatorium,
1527 2200 1555 2251 et
1570 2199 1810 2252 commoveantur

98 2281 179 2338 enim
192 2280 319 2336 haretici
329 2280 490 2337 Ecclesiam
508 2283 566 2350 bei,
591 2284 782 2339 etccnlidunt
798 2285 827 2340 in
844 2285 927 2342 falsi·
982 2283 1226 2354 superlimanaria
1241 2286 1314 2356 ejus,
1343 2284 1403 2341 sive
1427 2284 1582 2340 vestibula.
1599 2288 1740 2355 Cumque,
1758 2284 1808 2355 ait,

95 2373 157 2427 tate
171 2370 345 2443 dogmatum
359 2386 491 2436 suorum,
510 2370 654 2444 erigentes
671 2389 703 2427 sc
718 2377 820 2429 contra
835 2373 927 2430 scien·
981 2372 1811 2445 templumproptermalitiambominumdissipatumtue·

95 2460 171 2516 tiam
183 2459 244 2530 Dei,
257 2458 350 2515 scisso
362 2459 470 2531 pupulo
481 2460 556 2530 ejus,
573 2460 703 2516 dicentes
717 2479 723 2515 :
744 2463 802 2518 Noa
813 2467 927 2532 estpars
982 2462 1021 2517 rit
1031 2467 1060 2517 et
1070 2462 1263 2530 destructum,
1275 2467 1302 2517 et
1313 2463 1355 2518 ira
1366 2478 1431 2517 mea
1452 2479 1469 2517 a
1488 2461 1657 2516 sanctuario
1673 2477 1736 2517 meo
1750 2478 1809 2517 cae·

96 2548 195 2606 acaia
205 2547 301 2616 Dauid,
323 2563 412 2620 acque
435 2547 582 2604 hereditas
607 2551 637 2604 in
647 2550 706 2620 fitia
716 2552 788 2606 lesse
798 2552 848 2623 (ΙΙΙ
861 2554 925 2624 [leq.
983 2550 1057 2623 perit
1073 2552 1280 2623 unusquisque
1295 2555 1454 2622 cognoscat
1465 2567 1496 2606 se
1512 2567 1568 2606 non
1580 2566 1665 2621 posse
1678 2550 1809 2620 evadere,

100 2636 925 2709 xii,ld.)SiquisergojuratindelicteSamarie,etdicit:
966 2638 1103 2703 ,avaritia
1118 2639 1217 2695 omnia
1231 2639 1409 2712 possidente,
1439 2644 1468 2694 et
1497 2638 1807 2695 novissimasuacsse

107 2708 295 2799 Viuitdeac(b)
311 2734 383 2793 taus,
399 2727 469 2793 Dan,
489 2728 557 2781 uicit
572 2729 616 2783 eia
627 2728 834 2790 Bersabce;ista
845 2731 928 2786 cadet
982 2733 1116 2794 mortem,
1134 2728 1271 2800 nullaque
1287 2728 1423 2801 presidia
1436 2728 1472 2784 ad
1489 2727 1670 2783 evadendum
1688 2733 1805 2783 senten-

99 2821 129 2873 et
140 2831 295 2889 resurgere
305 2813 383 2870 ultra
394 2832 452 2871 non
464 2815 578 2887 poterit.
590 2816 652 2872 Dan
663 2815 758 2872 tribus
769 2817 798 2873 iu
814 2816 927 2874 ultimis
981 2817 1053 2873 tiam
1067 2818 1115 2874 Dei
1130 2835 1214 2889 posse
1227 2834 1414 2874 succurrere:
1428 2817 1564 2890 quodque
1578 2817 1663 2886 juxta
1678 2817 1750 2871 Lxx
1762 2814 1806 2871 la-

97 2906 271 2962 Judaeorum
281 2903 416 2960 terminis
427 2905 643 2976 possessionem
656 2904 784 2962 invenire
802 2925 858 2964 non
876 2923 926 2980 po·
982 2906 1080 2979 gimus
1091 2925 1099 2962 :
1111 2907 1147 2979 (cl
1157 2907 1333 2979 utdiajr'ccret
1344 2908 1372 2961 ia
1381 2907 1620 2975 capiteomnium,
1632 2902 1752 2976 pulchre
1761 2919 1810 2960 eo·

98 2994 170 3061 tuit,
182 2992 296 3049 sicutin
308 2992 926 3068 libroJudicum(Cop.xvur)‚scriptumest,
982 2996 1160 3068 rumcapita
1186 2996 1370 3064 dividuntur,
1403 2995 1452 3067 qui
1469 2995 1505 3050 ab
1534 2994 1808 3065 eo,quiestcaput

104 3083 372 3155 interpretaturque
378 3082 537 3155 judicium.
554 3083 696 3139 Bersabee
711 3089 808 3140 autem
819 3102 871 3157 pro
881 3103 929 3143 va·
983 3083 1125 3154 omnium,
1136 3101 1191 3140 sua
1201 3088 1304 3156 sponte
1315 3083 1400 3139 divisi
1411 3086 1577 3153 suntatquc
1587 3081 1723 3137 dixerunt
1733 3100 1740 3137 ε
1749 3084 1810 3138 Nea

103 3169 210 3228 rietatc
221 3176 396 3228 accentuum
406 3171 529 3227 vertitur
539 3170 568 3226 in
580 3170 713 3244 linguam
724 3179 866 3241 nostram,
874 3192 927 3246 pa·
983 3172 1113 3229 babemus
1122 3188 1211 3243 rrqcm
1220 3172 1277 3226 nisi
1290 3171 1426 3228 Cererem
1437 3172 1526 3243 (toan.
1540 3186 1599 3236 xix,
1612 3167 1666 3240 15),
1681 3168 1730 3240 qui
1741 3183 1809 3225 voce

99 3262 327 3333 tcmjurameati,
355 3264 406 3316 aut
431 3268 529 3332 puteus
559 3262 709 3328 satietatis,
747 3280 779 3318 ae
807 3267 927 3336 septimi.
944 3240 966 3308 G
984 3260 1075 3334 impia
1090 3261 1308 3317 clamaverunt:
1328 3260 1474 3333 Crueifiqa
1490 3258 1623 3331 crucifiqe
1643 3258 1735 3313 tutem.
1752 3257 1805 3312 at:

100 3351 207 3421 ltaque
217 3347 383 3406 etbaeretici
396 3349 426 3405 in
437 3349 575 3405 extremis
587 3350 804 3422 scripturarum
816 3357 928 3410 sancta·
984 3352 1103 3420 Sariqm's
1118 3352 1176 3422 ejus
1192 3366 1274 3420 super
1284 3366 1343 3419 aas,
1360 3358 1385 3404 ct
1399 3364 1481 3420 super
1508 3348 1580 3417 filios
1607 3354 1721 3401 rrestros.
1741 3347 1807 3411 Quae

101 3455 169 3494 rum
181 3437 412 3506 tinibussitient,
425 3437 475 3493 Dei
486 3437 630 3510 judicium
656 3443 886 3509 contemnentes,
902 3447 931 3499 ot
986 3441 1085 3495 omnia
1099 3447 1126 3494 et
1142 3440 1177 3493 ad
1195 3438 1345 3494 hereticos
1362 3438 1467 3492 reterre
1491 3451 1660 3506 possumus,
1682 3449 1808 3505 quorum
1865 3465 1869 3473 .

105 3526 308 3582 desiderantes
319 3526 395 3582 vium
405 3526 556 3593 Bersabee,
568 3543 632 3598 que
644 3527 699 3582 tuit
709 3527 739 3582 in
751 3528 828 3583 tribu
838 3531 928 3586 Juda:
985 3526 1077 3582 altare
1090 3525 1261 3597 percutitur,
1279 3529 1308 3580 et
1331 3539 1433 3579 omnes
1463 3521 1641 3577 initiationes
1669 3524 1697 3574 et
1711 3535 1808 3575 saera·

103 3615 267 3687 multaque
286 3614 418 3671 Ecclesia
434 3614 541 3670 imitari
559 3621 743 3671 sacramenta
767 3616 930 3689 cupientes,
986 3613 1234 3684 mentasacrilega
1243 3616 1473 3683 commoventur,
1484 3608 1533 3682 qui
1543 3606 1691 3665 avaritiam
1702 3605 1810 3663 babuc-

103 3708 256 3760 saturatos
266 3706 295 3758 et
304 3702 430 3776 repletos
441 3718 506 3759 esse
517 3719 548 3758 se
559 3703 670 3758 dicunt.
689 3703 800 3769 Quibus
812 3711 931 3778 aposto·
986 3708 1056 3760 runt
1070 3703 1100 3758 in
1114 3703 1261 3774 capitibus
1275 3701 1347 3768 suis,
1364 3700 1508 3755 clamante
1521 3714 1572 3769 per
1583 3713 1632 3752 eos
1644 3695 1769 3767 perdice,
1780 3699 1809 3750 et

103 3791 317 3865 lusexprcbrat
328 3790 436 3848 Paulus
448 3808 454 3846 :
466 3794 526 3848 lam
541 3794 663 3852 saturati
675 3795 751 3863 estis,
762 3795 824 3866 jam
834 3794 932 3852 diuites
986 3797 1179 3865 congregante
1195 3807 1268 3863 quos
1285 3807 1342 3845 non
1358 3787 1481 3861 peperit,
1497 3794 1523 3842 et
1552 3785 1674 3841 faciente
1691 3784 1808 3840 divitias

100 3882 173 3953 fecti
187 3882 252 3936 estre
263 3879 349 3952 (chr.
366 3898 404 3949 iv,
420 3881 459 3949 8),
476 3881 619 3951 etjurant
642 3880 671 3935 in
701 3881 931 3939 nomineDcmi·
986 3880 1220 3953 absqucjudicic
1236 3880 1301 3951 (ter.
1317 3878 1397 3950 xvii).
1413 3877 1496 3933 Unde
1525 3873 1809 3944 etnovissimacjus

103 3970 146 4037 ni,
163 3970 215 4041 qui
232 3968 322 4025 semel
338 3969 487 4038 cadentes,
502 3969 572 4040 quia
590 3968 660 4023 deos
675 3968 831 4038 idolorum,
843 3973 930 4029 deum
986 3966 1509 4042 sivereliquiasbominusintersiciet,
1521 3963 1810 4036 utcoeptumcapitu·

102 4059 288 4114 arbitrantur
297 4056 764 4131 suum,ampliusnonrcsurgcnt.
773 4059 930 4125 Quiautem
986 4059 1048 4115 lum
1060 4057 1252 4130 complentur,
1263 4061 1291 4113 et
1300 4055 1494 4113 novissimum
1506 4055 1571 4126 ejus
1585 4052 1639 4109 erit
1650 4052 1728 4108 aas
1738 4049 1809 4108 insi·

99 4146 251 4204 voluerint
261 4161 346 4218 agere
359 4145 574 4218 penitentiam,
588 4146 663 4202 Mb
686 4151 715 4202 et
735 4164 792 4203 non
807 4149 929 4207 dixerit:
953 4183 956 4189 -
986 4149 1080 4222 piens.
1092 4148 1164 4203 Cum
1176 4150 1274 4202 autem
1287 4146 1427 4202 Dominus
1438 4142 1617 4218 percusseris
1628 4141 1772 4209 cardines,
1782 4144 1811 4198 et

101 4235 258 4293 viviscere
273 4243 349 4306 tuus,
364 4234 435 4302 Dra,
450 4239 476 4290 et
491 4235 559 4289 uiuit
586 4235 631 4289 aiu
657 4236 799 4305 Bersabee,
812 4239 932 4295 audient
985 4237 1134 4293 induxerit
1144 4253 1232 4308 super
1242 4253 1291 4292 ecs
1312 4235 1457 4309 gladium,
1469 4232 1570 4289 nullus
1589 4231 1644 4287 erit
1657 4231 1707 4303 qui
1718 4229 1812 4303 possit
1851 4272 1854 4279 .

102 4341 158 4399 per
170 4322 331 4380 Jeremiam
343 4341 353 4378 .·
365 4322 505 4396 Numquid
520 4324 569 4395 qut
589 4323 665 4378 cadet
692 4324 750 4396 (al.
766 4326 859 4397 cadit),
876 4345 932 4385 aaa
986 4326 1116 4395 evadere,
1126 4324 1380 4396 etimpendentem
1390 4318 1809 4394 Dominigladiumdeclinare.

101 4415 247 4485 resurget:
262 4415 309 4468 aul
323 4415 372 4484 qui
386 4428 497 4469 everam
521 4415 568 4476 est,
587 4427 643 4467 acu
658 4416 806 4470 revertetur
820 4416 929 4487 (terem.
986 4413 1139 4486 Simulque
1150 4418 1179 4470 et
1188 4413 1243 4469 hoc
1255 4413 1310 4469 erit
1321 4414 1493 4480 notandum,
1509 4410 1598 4483 quod,
1612 4411 1708 4463 stante
1722 4423 1812 4478 super

100 4517 168 4571 vm.
184 4501 224 4574 ⁴i·
986 4503 1077 4560 altare
1089 4502 1222 4571 Domino,
1236 4503 1364 4575 primum
1375 4500 1538 4574 percutitur
1560 4495 1808 4569 propitiatorium,

142 4626 182 4698 (a)
193 4624 313 4682 Addunt
321 4625 369 4683 bic
380 4624 449 4681 editi
461 4625 528 4680 libri
540 4641 573 4680 ac
583 4641 656 4680 mss.
671 4626 862 4698 quamplures
878 4646 929 4686 no·
945 4609 968 4674 D
984 4628 1164 4701 preferenda
1178 4625 1228 4682 illa
1243 4626 1281 4682 sit
1301 4630 1394 4692 vetus,
1426 4642 1488 4697 que
1515 4621 1657 4703 librorum
1673 4617 1807 4701 omnium

103 4713 175 4754 men
193 4697 327 4754 Abrahae.
343 4699 375 4753 Et
389 4697 474 4753 llarid
489 4698 537 4769 qui
551 4695 586 4751 ud
595 4705 760 4754 senectutem
767 4711 931 4771 perterruerat
984 4706 1039 4768 est,
1051 4699 1145 4766 lectio,
1161 4696 1327 4768 huicquam
1339 4714 1373 4752 er
1384 4713 1442 4752 uno
1464 4711 1519 4752 ms.
1543 4697 1636 4747 sancti
1648 4690 1806 4772 Cygirannr

103 4767 237 4834 aurete,
250 4769 334 4825 libere
349 4768 517 4839 decantabat,
534 4772 601 4837 etc,
618 4768 695 4840 quod
712 4771 868 4843 perspique
881 4773 931 4829 tal·
985 4771 1171 4827 lllartianeus
1185 4769 1337 4840 expressit.
1352 4768 1385 4823 ΙΙΙ
1397 4767 1480 4823 lncile
1491 4766 1628 4845 :punirer
1645 4778 1748 4817 anime
1759 4777 1805 4817 se·

105 4856 176 4898 aum
196 4841 337 4912 estquis
363 4840 511 4895 Abraham
540 4839 671 4911 pervenit
696 4841 732 4895 ad
749 4849 930 4901 senectutem
985 4847 1099 4906 nectus,
1116 4841 1214 4905 idest,
1232 4838 1398 4912 lustitiaad
1415 4840 1444 4894 S.
1473 4841 1613 4916 vectoris·
1631 4842 1810 4915 mentemex

103 4927 252 4970 annorum
262 4915 381 4969 centum
392 4908 929 4987 septuagintaquinqueldea.xxiv,tl:
984 4918 1044 4969 toto
1054 4911 1197 4983 superiori
1210 4915 1356 4978 contextu,
1370 4911 1492 4983 ipsoque
1503 4908 1614 4963 laudati
1637 4905 1741 4977 psalmi
1761 4920 1808 4959 ar-

105 4983 198 5043 David
214 4999 280 5040 vero
294 4985 353 5042 lato
367 4984 486 5039 functus
501 4986 546 5038 est
564 4998 631 5038 cum
651 4982 686 5038 nd
703 5000 796 5042 annos
811 5002 842 5042 se
866 4993 930 5044 tua·
984 4989 1124 5058 gumento
1139 4982 1308 5054 accipienda
1323 4988 1378 5048 est,
1398 4999 1455 5037 non
1480 4994 1635 5047 annorum,
1653 4982 1685 5032 ul
1701 4992 1807 5032 sensus

125 5055 190 5110 'nlo
203 5054 392 5128 pervenisset,
409 5054 452 5110 uti
463 5053 645 5126 exploratum
657 5053 742 5110 nobis
752 5061 797 5111 est
815 5004 892 5114 aiio.
910 5075 930 5115 ιι
985 5057 1033 5120 sit,
1047 5054 1184 5110 Davidem
1196 5070 1263 5108 cum
1275 5053 1464 5123 adjustitiam
1477 5051 1656 5124 pervenisset
1671 5047 1808 5117 Abrabae,

131 5140 177 5198 eg.
192 5140 255 5197 cap.
268 5142 297 5194 v,
317 5143 392 5182 vers.
404 5127 431 5181 Ι.
450 5126 525 5199 Ergo
537 5141 642 5180 numen
653 5125 775 5182 Abraba
787 5128 823 5183 ab
839 5129 930 5256 inige-
984 5127 1075 5182 libere
1090 5126 1271 5195 decantasse,
1287 5126 1398 5180 Jurcnis
1412 5126 1465 5196 sui,
1483 5127 1510 5177 et
1531 5123 1628 5187 serrai;
1644 5124 1669 5175 et
1683 5135 1738 5175 neu
1753 5118 1810 5174 uidi

103 5197 171 5253 ritis
187 5197 315 5267 positum
327 5201 381 5263 est,
415 5198 471 5253 uod
481 5213 543 5253 mss
553 5196 642 5252 codex
654 5199 823 5253 monasterii
834 5200 863 5255 S.

102 5267 223 5343 giranni
234 5285 292 5324 non
302 5268 383 5342 legit.
391 5214 486 5325 ffiaar.
494 5269 792 5326 -lnterseruntmss¹
800 5271 931 5344 aditique
1005 5271 1063 5327 ruit
1071 5274 1099 5323 et
1110 5268 1196 5323 inodo
1207 5267 1389 5340 propositum
1398 5286 1413 5322 e
1421 5265 1583 5322 l’roverbiis
1593 5261 1807 5328 testimonium,

102 5344 175 5397 ante
186 5337 387 5397 Martianaum
400 5338 467 5396 libri
480 5339 629 5409 Abrabam,
639 5343 691 5394 aut
707 5341 835 5412 Abrabae,
851 5344 930 5414 quod
983 5288 1077 5400 §iulus
1090 5339 1232 5395 comedens
1246 5343 1357 5394 saturat
1371 5341 1494 5394 animum
1503 5353 1591 5406 sliam,
1607 5339 1661 5391 clo.

103 5426 214 5467 nemen
231 5410 433 5469 Cisterciensis
449 5427 502 5483 pro
530 5409 722 5482 subsequenti
737 5413 824 5469 verbo
849 5413 934 5471 tibere
1020 5413 1058 5481 (b)
1074 5414 1165 5467 Antea
1175 5411 1275 5465 deerat
1287 5419 1358 5465 tuas.
1371 5410 1411 5465 De
1427 5409 1580 5472 Bersabee,
1598 5423 1664 5481 qua
1680 5419 1747 5460 mor
1761 5420 1808 5460 va·

100 5480 272 5540 substituit.
288 5485 384 5565 Atque
397 5487 443 5540 cst
455 5481 573 5556 quidem
590 5482 654 5552 ejus
676 5481 811 5539 lectionis
825 5500 931 5543 sensus
984 5482 1026 5539 rie
1042 5485 1259 5554 interpretatur,
1274 5481 1331 5537 vid.
1349 5483 1456 5547 Onesi.
1474 5481 1504 5537 in
1528 5479 1597 5535 Gen.
1624 5476 1678 5534 col.
1701 5476 1764 5544 337,
1781 5478 1809 5532 et

101 5552 196 5628 paulo
215 5553 392 5626 impeditior,
409 5570 504 5626 neque
519 5552 598 5609 enim
609 5553 646 5609 ad
661 5553 786 5611 Abrabae
796 5560 931 5613 senectu-
986 5572 1050 5628 qum
1067 5553 1107 5608 ibi
1118 5560 1305 5609 annotamus.

100 5624 237 5696 tem,qui
247 5629 365 5682 eentum
376 5624 563 5708 septuaginta
573 5625 705 5697 quinque
714 5642 818 5695 annos,
829 5627 930 5697 David,
1020 5626 1055 5698 lc)
1066 5624 1251 5683 Gistsrsiens.
1265 5625 1382 5701 duaque
1392 5623 1516 5683 Palatini
1529 5638 1614 5690 mss,
1625 5620 1810 5679 occasune

102 5697 158 5769 qui
171 5694 251 5754 solos
270 5697 343 5755 vixit
365 5700 562 5771 septuaginta,
578 5696 717 5768 pervenit.
735 5697 932 5758 Nihilosecius
986 5699 1018 5755 in
1028 5697 1163 5770 capitibus
1177 5697 1311 5765 omnium,
1323 5700 1379 5755 eto.

899 5218 930 5273 y·
979 5190 1811 5273 justamderelicta-muccsernrnuiasquereaspaaem.Con·
