3818 6104
108 238 188 305 {⁰35
732 246 765 310 S.
787 246 945 312 sussen
966 249 1189 318 dissonum
1733 262 1811 324 loeo

107 375 232 432 Paruum
244 377 284 433 ut
298 375 479 434 certaminis
494 377 547 450 (ll.
563 381 728 438 omniumct
742 383 971 454 horminum)etA
986 386 1063 459 (cap.
1079 388 1112 442 V.
1128 420 1163 430 -
1177 389 1249 447 Vers
1273 409 1293 459 r,
1310 392 1348 464 2).
1378 390 1476 450 Audito
1501 393 1616 451 verium
1643 394 1729 461 iasa,
1743 395 1812 468 quod

107 463 294 532 incrustabile,
311 466 372 536 quis
385 469 525 535 coercuerat
538 468 630 523 illud?
643 469 699 540 Εμο
714 471 846 526 Dominae
857 487 932 526 acro·
986 475 1038 544 (ill.
1056 476 1118 548 auo)
1133 495 1181 548 epo
1196 479 1254 536 lece
1269 496 1351 552 super
1364 497 1410 538 oce
1432 481 1584 554 planctum.
1609 483 1713 540 Domus
1727 485 1813 540 lsrael

106 554 169 608 luas
183 567 241 619 cor,
256 557 283 609 ct
294 553 417 626 protono
431 572 510 613 renco
525 556 676 629 (Jer.xv11,
691 560 719 625 9,
737 560 790 631 10).
807 559 888 623 Quod
904 564 933 615 et
987 563 1060 620 281
1078 567 1193 623 cecidit:
1209 586 1267 623 oon
1291 570 1392 641 udjcict
1405 576 1436 626 ut
1463 576 1600 642 resumat.
1634 574 1716 641 Virgo
1730 572 1814 629 lsrael

106 638 137 695 iu
150 641 309 698 centesimo
319 641 467 702 tricesimo
477 650 577 703 octavo
591 646 705 720 psalmo
716 647 867 720 Scriptura
876 651 932 704 tes·
983 657 1108 725 projecto
1122 665 1160 712 cst
1175 659 1205 712 ia
1215 667 1317 714 urrann
1329 676 1419 731 suam,
1430 677 1485 717 non
1500 666 1538 718 est
1552 664 1602 734 qui
1615 662 1731 717 anacam
1744 678 1813 731 eom,

106 731 204 785 tatur:
220 730 411 804 Imperfectum
424 750 516 792 meam
543 735 671 793 viderunt
683 739 757 794 ocuti
770 739 821 793 tui.
838 740 873 792 st
887 740 932 794 est
987 742 1079 799 LXX:
1096 744 1192 800 Audite
1207 749 1320 803 certum
1334 749 1417 816 istud,
1433 751 1561 823 quadrae
1576 767 1719 806 maumam
1735 767 1813 823 cuper

106 834 212 876 sensus
225 837 232 877 ι
243 822 407 894 Antequam
418 825 741 898 conderer,priusquam
752 825 932 882 delormarer
984 847 1030 886 vos
1042 833 1194 903 planctum.
1212 836 1309 892 Domus
1322 839 1409 893 lsrael
1436 839 1540 907 cecidit,
1556 855 1613 895 non
1627 838 1745 911 adjiciet
1757 855 1813 893 aaa·

105 907 136 965 iu
151 910 295 977 membra,
307 912 378 968 dum
388 911 484 970 adhuc
499 915 529 970 iu
539 915 651 971 semiue
661 916 835 986 continerer,
850 914 930 972 vide·
981 922 1057 991 plius
1072 925 1101 976 ut
1114 933 1255 997 resurput.
1285 928 1363 996 limo
1384 928 1469 984 lsrael
1479 929 1600 1000 projecta
1611 935 1652 984 est
1667 944 1754 1001 super
1767 933 1814 985 ur-

105 1001 326 1058 runtmeoouli
355 1003 461 1059 tuiiit
486 1004 628 1061 ieremias
652 1004 766 1061 audita
788 1006 928 1060 Domino:
983 1025 1044 1064 rum
1058 1026 1147 1076 auam,
1163 1028 1218 1067 ηεη
1232 1021 1271 1068 est
1288 1017 1336 1086 qui
1349 1017 1459 1071 suscitet
1472 1032 1541 1071 cem.
1559 1015 1815 1080 Quantumador·

104 1089 271 1162 Priusquam
281 1092 465 1163 msommrem
479 1095 509 1149 ia
522 1100 609 1160 utero,
624 1095 689 1150 aovi
698 1101 733 1161 te,
744 1097 770 1150 ct
779 1098 931 1165 antequam
984 1099 1083 1154 dinem
1092 1099 1194 1156 litterae
1207 1103 1330 1174 pertinet
1339 1110 1367 1159 ot
1377 1109 1500 1176 emptam
1510 1103 1640 1160 historica
1650 1105 1813 1170 veritatem,

104 1177 197 1235 exires
210 1178 244 1235 de
256 1179 348 1252 vulco,
358 1181 528 1252 sanctificavi
540 1186 576 1254 te,
591 1187 619 1238 et
625 1181 784 1254 prophetam
795 1182 823 1237 in
838 1181 929 1252 penti-
985 1188 1085 1244 docem
1096 1189 1201 1260 tribus,
1214 1207 1277 1263 quas
1288 1192 1474 1264 appellantur
1486 1193 1585 1262 lsrael,
1596 1194 1695 1249 ductas
1707 1192 1740 1249 in
1748 1209 1812 1267 cap·

106 1275 287 1347 torpescite
311 1275 420 1343 (terea.
434 1290 454 1344 1,
469 1272 508 1343 5).
538 1270 784 1344 Elevaugelistu:
816 1269 928 1339 Videas,
984 1275 1139 1346 livitatem,
1157 1295 1343 1353 nequaquam
1360 1282 1389 1337 in
1405 1289 1607 1338 terramsuam
1626 1287 1813 1353 posteasuut

105 1365 156 1432 sit,
169 1365 302 1422 Dominus
312 1363 594 1434 copitutioacseorum
605 1360 680 1433 (tue.
691 1377 731 1428 m,
747 1360 803 1432 lt).
818 1359 866 1415 ein
878 1375 929 1415 au·
985 1382 1114 1422 reverse.
1134 1367 1217 1441 Virgo
1243 1375 1341 1425 autem
1364 1371 1527 1443 appellatur
1555 1369 1687 1443 populus
1704 1369 1811 1428 lsrael:

104 1459 165 1512 tem
178 1453 347 1527 legerimus,
362 1452 532 1507 annuntians
559 1450 665 1506 homini
684 1451 824 1521 eloquium
837 1465 929 1518 soum,
985 1471 1042 1509 uon
1058 1456 1128 1526 quia
1140 1455 1169 1510 in
1184 1456 1362 1529 virginitatis
1385 1459 1579 1529 permanserit
1604 1458 1751 1531 puritate,
1765 1458 1810 1516 sed

100 1547 186 1618 juxta
195 1541 452 1616 superiusdictum
464 1539 680 1613 accipiendum,
690 1539 719 1594 in
731 1556 789 1611 quo
800 1539 840 1594 ait
853 1555 859 1592 τ
871 1539 930 1594 Non
985 1543 1054 1614 quia
1064 1545 1211 1616 quondam
1224 1545 1449 1619 instarvirginis
1460 1546 1499 1602 sit
1510 1546 1636 1604 Domino
1646 1546 1811 1620 copulatus.

102 1638 186 1709 saciet
199 1634 330 1692 Dominus
344 1632 414 1689 hem
423 1630 613 1701 vertumnis
627 1629 786 1685 revelaverit
796 1631 929 1683 secretum
984 1631 1066 1688 Unde
1075 1637 1103 1688 et
1111 1632 1261 1706 planctum
1270 1652 1434 1706 supereum
1446 1635 1723 1708 prophetujubstur
1733 1653 1810 1693 assu·

102 1743 184 1783 mum
196 1726 282 1781 seroie
296 1725 354 1779 suia
365 1719 506 1793 prophetia
520 1718 631 1791 (Supra,
649 1734 691 1784 111,
706 1717 744 1788 7).
762 1717 815 1782 Qui
831 1720 929 1772 autem
985 1737 1073 1792 mere,
1089 1723 1166 1793 quod
1183 1740 1369 1795 nequaquam
1398 1725 1427 1779 in
1455 1724 1610 1796 antiquum
1642 1724 1811 1781 restituatur

102 1815 260 1873 annuntiat
285 1811 475 1884 cogitationes
490 1806 629 1875 hominis,
643 1810 672 1862 et
682 1805 830 1877 eloquium
853 1807 928 1876 ejus,
983 1810 1118 1881 gradum.
1136 1811 1282 1875 Quantum
1298 1828 1363 1869 vero
1380 1813 1416 1868 ud
1432 1811 1658 1886 intelligentiam
1674 1813 1812 1887 spiritua·

102 1893 927 1973 sivesuum,ipeeestquiluoitauroramettssttdilu·
983 1896 1059 1953 lem:
1078 1897 1227 1970 planctum
1250 1917 1338 1973 super
1366 1917 1483 1957 omnem
1512 1901 1613 1966 lsrael,
1645 1901 1698 1974 qui
1724 1901 1810 1958 Deum

102 1991 215 2061 culum,
226 1995 256 2047 et
265 1988 392 2061 complet
402 1986 531 2043 nubibus
539 1983 648 2052 omnia,
661 1986 689 2039 et
698 1982 831 2056 graditur
841 1998 930 2055 super
983 1991 1081 2044 munte
1093 1988 1241 2060 cernebat,
1252 1993 1281 2044 et
1292 1994 1394 2062 postea
1403 1990 1427 2045 ei
1437 1990 1545 2046 servire
1555 1990 1675 2057 desivit,
1687 1990 1809 2047 assumit

102 2071 929 2148 excelsaterrarum;cujusuomenestDominusDeusom·
983 2077 1299 2149 propheta,secundum
1313 2077 1384 2134 illud
1401 2078 1479 2150 quod
1493 2078 1636 2135 Ezechieli
1646 2079 1809 2153 praecipitur

103 2170 249 2243 uipoteus.
261 2168 315 2225 Pro
326 2182 383 2240 quo
393 2166 423 2221 in
435 2163 472 2237 (a)
485 2161 676 2236 Septuaginta
685 2160 792 2233 legitur
805 2161 929 2216 :Annua
983 2167 1088 2238 (Euech.
1101 2165 1144 2238 11).
1157 2171 1190 2222 ut
1199 2168 1315 2223 devoret
1326 2167 1445 2236 librum,
1457 2169 1486 2223 in
1498 2184 1556 2240 quo
1567 2173 1597 2224 et
1608 2169 1694 2224 intus
1705 2173 1737 2225 et
1746 2167 1806 2225 toria

103 2262 181 2317 lions
196 2261 227 2315 in
241 2258 364 2315 homines
375 2255 511 2311 Christum
521 2268 623 2308 suum:
639 2251 693 2307 suh
704 2267 763 2322 qua
776 2249 928 2306 occasione
982 2255 1125 2327 scriptum
1139 2261 1202 2312 erat
1215 2255 1398 2323 lamentatio,
1413 2262 1442 2312 et
1468 2273 1599 2326 carmen,
1616 2262 1646 2314 et
1660 2274 1716 2314 vae.
1734 2257 1805 2314 lutus

103 2347 242 2420 haretici,
257 2346 398 2420 Spiritum
413 2347 548 2401 sanctum
564 2344 693 2397 creatum
708 2338 810 2396 volunt
824 2337 926 2395 ordine
982 2342 1112 2416 intellige
1125 2343 1289 2400 Salomonis
1303 2345 1451 2401 cauticum
1467 2361 1607 2417 sequeus,
1624 2345 1678 2418 qui
1694 2347 1756 2403 sit:
1770 2347 1805 2402 ln·

102 2440 262 2511 sequente:
279 2449 381 2492 creans
396 2432 544 2505 spiritum,
555 2432 584 2486 et
599 2428 778 2485 annuntians
790 2426 820 2482 in
834 2426 926 2482 homi·
982 2433 1105 2489 troducit
1119 2450 1162 2489 nze
1174 2450 1224 2488 rec
1240 2436 1269 2489 in
1299 2435 1456 2490 cubiculum
1478 2451 1559 2490 suunt
1578 2433 1674 2505 (Cant.
1692 2453 1713 2506 ι,
1728 2435 1766 2507 3).
1778 2434 1807 2490 st

102 2543 154 2585 nes
167 2526 315 2584 Christum
326 2539 433 2581 suum:
452 2519 542 2577 utille
556 2521 671 2575 creatus
683 2517 731 2583 sit,
747 2516 795 2572 hic
812 2532 927 2572 annun·
982 2521 1386 2594 quadragesimumquartum
1396 2523 1588 2596 psalmum,in
1600 2523 1803 2596 quoscriptum

99 2615 190 2673 tietur
203 2614 234 2672 iu
245 2612 372 2689 populis.
383 2610 495 2676 Quibus
505 2606 750 2681 respondebimus
761 2606 847 2677 justu
861 2622 926 2661 aen·
982 2614 1044 2666 est:
1062 2612 1156 2666 limais
1170 2612 1260 2681 cloria
1274 2612 1341 2681 filiae
1365 2614 1436 2684 repis
1463 2613 1644 2669 intrinsecus.
1663 2611 1747 2669 Foris
1760 2629 1804 2668 au·

103 2694 928 2774 sumeorum,etVulgatameditionem;0uicreatorest
980 2703 1039 2754 tem
1055 2706 1100 2755 est
1114 2700 1257 2772 quidquid
1286 2701 1315 2755 in
1338 2702 1436 2758 littera
1462 2700 1577 2774 iegitur,
1608 2707 1638 2758 et
1651 2702 1767 2760 videtur
1778 2703 1801 2756 iu

101 2794 247 2862 omnium,
261 2797 291 2848 et
305 2791 404 2847 firmat
427 2787 601 2851 tonitruum,
626 2785 686 2841 siue
702 2783 786 2855 tingit
800 2787 926 2852 montes,
981 2791 1097 2858 cortice,
1114 2795 1143 2845 et
1157 2789 1186 2844 in
1202 2789 1331 2845 medulla
1346 2790 1468 2863 spiritus
1489 2796 1694 2859 contemtor,
1713 2795 1801 2864 ltaque

102 2884 314 2954 cousequenter
341 2877 440 2935 educit
467 2880 568 2932 ventos
582 2875 618 2929 de
647 2872 795 2929 thesauris
810 2871 882 2938 suis,
899 2876 927 2927 et
981 2883 1010 2932 et
1021 2879 1108 2949 iusta
1118 2876 1257 2945 litteram;
1271 2883 1300 2935 et
1310 2880 1395 2950 juxta
1410 2880 1615 2953 tropologiam,
1632 2881 1664 2936 in
1677 2881 1802 2938 omnihus

101 2971 186 3044 qussi
197 2965 398 3026 universitatia
407 2964 549 3031 conditor,
562 2962 668 3019 Filium
680 2978 768 3018 suum
778 2960 925 3017 Christum
980 2967 1189 3039 prophetarum
1203 2966 1287 3023 libris
1302 2969 1429 3042 scriptus
1443 2973 1488 3024 est
1508 2969 1646 3041 planctus
1659 2987 1751 3042 super
1762 2984 1815 3026 eos·

101 3059 274 3117 hominihus
288 3052 473 3129 repromittit.
495 3055 655 3124 Postquam
679 3055 776 3106 autem
793 3049 926 3106 Christus
981 3057 1030 3129 qui
1041 3060 1107 3129 post
1118 3061 1337 3129 peccataaguut
1349 3058 1548 3130 paenitentiam
1565 3075 1572 3112 :
1587 3061 1714 3116 Carmen
1725 3072 1800 3130 super

99 3149 188 3208 fuerit
195 3146 432 3213 nuntiatus,tuuc
440 3140 525 3198 nohis
534 3140 664 3197 veritatis
677 3139 776 3195 lumen
785 3139 924 3211 aperitur,
940 3131 961 3196 C
981 3145 1046 3201 illos
1062 3145 1112 3217 qui
1129 3144 1207 3201 nullu
1224 3151 1409 3217 peccatorum
1425 3147 1509 3203 sorde
1530 3148 1686 3216 maculati,
1700 3147 1799 3205 eunuco

101 3254 159 3297 nou
174 3238 211 3295 ad
227 3235 407 3310 perlectum
424 3231 495 3306 quia
505 3230 583 3286 hunc
598 3246 633 3286 ex
648 3233 729 3301 parto
743 3227 887 3294 videmus,
898 3232 927 3284 et
981 3239 1010 3290 et
1023 3233 1109 3290 laude
1124 3239 1192 3290 suut
1206 3234 1305 3307 digni:
1325 3235 1369 3292 Vae
1400 3252 1488 3308 super
1502 3253 1551 3292 eos
1576 3237 1629 3309 qui
1646 3254 1707 3294 non
1723 3238 1800 3311 agust

101 3345 136 3385 ex
146 3331 227 3403 parte
237 3323 454 3397 cognoscimus,
465 3325 493 3377 et
503 3335 555 3393 per
565 3318 718 3391 speculum
730 3323 758 3372 et
768 3316 925 3390 imaginem
981 3323 1183 3396 poenitentiam
1196 3324 1600 3395 ,sedjuxtaduriuamcordis
1612 3327 1660 3383 sui
1670 3323 1799 3383 thesauri-

100 3416 446 3491 eaquaveuturssuut,
475 3407 709 3480 contemplamur
733 3408 925 3476 (iconum).
980 3412 1209 3468 zantsihiiram
1226 3413 1318 3469 indie
1338 3413 1397 3469 irae.
1428 3413 1456 3469 si
1481 3419 1591 3486 autem,
1619 3422 1655 3471 ut
1670 3416 1794 3482 diximus,

100 3506 182 3564 Unde
192 3495 925 3578 sequitur:tociensmuueetnebulamctuscendene
981 3500 1117 3572 planctus
1131 3506 1176 3556 est
1191 3517 1280 3573 super
1294 3501 1404 3574 eosqui
1431 3507 1522 3575 agunt
1537 3503 1744 3574 poenitentium
1755 3520 1761 3571 ;
1774 3503 1797 3556 et

98 3612 184 3669 super
196 3587 630 3658 eccclsoterrae,hxcelsusenim
643 3586 672 3641 iu
682 3585 803 3642 excelsis
816 3589 924 3642 estho-
980 3589 1181 3662 penitentium
1208 3590 1304 3646 reddit
1318 3589 1446 3647 vulneris
1461 3591 1623 3648 sanitatem
1637 3609 1644 3649 :
1666 3588 1794 3666 quomodo

99 3675 652 3754 miuus,etuouhahitatiuhumilihue,
662 3674 924 3746 quiescelsusest,·
975 3679 1061 3750 juxta
1076 3678 1266 3751 Septuaginta
1281 3679 1397 3735 dicitur.
1413 3680 1513 3736 Doricus
1528 3682 1620 3737 lsrael
1635 3680 1734 3750 mma,
1745 3693 1790 3734 cm

98 3776 149 3834 sed
162 3778 274 3832 creator
284 3771 428 3829 montium
440 3767 572 3825 ascendit
585 3766 614 3820 iu
630 3769 756 3833 montes,
771 3762 801 3819 in
817 3763 863 3819 his
874 3763 923 3835 qui
975 3767 1053 3839 plius
1067 3783 1122 3823 non
1136 3773 1270 3837 resurget.
1288 3771 1374 3840 Virpo
1388 3769 1472 3825 lsrael
1492 3772 1600 3825 errauit
1615 3773 1647 3827 ia
1661 3779 1730 3828 lara
1741 3781 1791 3830 sut.

98 3854 922 3936 municipatumhahentiuooelestihus,etincarneam·
978 3857 1148 3928 nonestqui
1171 3859 1283 3913 suscitet
1311 3861 1395 3913 curn?
1422 3857 1501 3921 Quod
1531 3859 1577 3914 sic
1607 3858 1683 3916 solvi
1697 3858 1794 3932 potest:

97 3952 307 4011 bulautesnou
322 3945 736 4010 uivuutseouudumoarnem,
752 3942 801 3998 sed
819 3957 922 3998 secun·
979 3945 1136 4017 Postquam
1152 3946 1260 4002 domus
1290 3944 1377 4002 Israel
1407 3963 1461 4002 sua
1488 3946 1644 4004 voluntate
1659 3945 1795 4009 conuenit,

98 4043 170 4100 dum
180 4040 329 4117 spiritum.
341 4037 422 4103 Quod
438 4034 463 4093 si
476 4033 561 4106 juxta
571 4031 780 4105 Symmachum
796 4029 922 4102 etAqui·
979 4050 1164 4106 nequaquam
1173 4034 1638 4108 pristinamrecipietdignitatem
1652 4042 1794 4110 postquam

98 4132 158 4190 lam
172 4129 350 4204 legerimus:
367 4127 423 4182 hac
448 4124 553 4196 sociem
581 4122 640 4188 citi,
670 4121 765 4189 lsrael,
778 4123 880 4192 posteo,
897 4123 923 4176 et
977 4123 1057 4196 virgo
1073 4122 1162 4179 lsrael
1177 4122 1315 4179 erraverit
1341 4124 1371 4179 in
1386 4128 1463 4181 terra
1488 4141 1553 4192 sua,
1579 4124 1665 4182 ultra
1680 4124 1796 4182 iuvenire

97 4237 160 4279 cum
174 4221 231 4276 leuc
244 4224 332 4290 lacero
347 4216 399 4272 titt
409 4213 447 4287 (t)
460 4227 591 4284 praeparo
605 4213 631 4266 te
645 4208 787 4266 adversari
800 4209 921 4278 licetne,
977 4228 1033 4268 non
1042 4211 1395 4283 poteritsuscitantem.Et
1405 4212 1559 4269 considera
1568 4214 1731 4271 verborum
1739 4227 1795 4287 pro·

98 4310 141 4367 sic
158 4306 383 4381 intelligendum
397 4307 460 4360 est:
478 4301 542 4358 Feci
558 4305 592 4356 ut
611 4303 640 4355 te
655 4298 840 4370 corrigerem,
857 4314 921 4370 que
977 4302 1126 4372 prietates.
1154 4299 1208 4366 Oui
1225 4300 1422 4359 mdomus
1444 4306 1500 4369 est,
1529 4306 1558 4357 ct
1587 4299 1795 4360 numeratoriu

100 4398 264 4472 preteritas
278 4410 375 4452 sermo
388 4390 589 4464 descripsit,et
599 4388 668 4460 quia
681 4386 802 4444 noluisti
818 4386 921 4443 reverti
976 4392 1073 4460 turha,
1089 4389 1191 4446 cadere
1205 4389 1325 4446 dicitur.
1346 4389 1400 4455 Qui
1415 4393 1512 4445 comm
1528 4389 1566 4444 de
1580 4407 1709 4448 numero
1722 4387 1794 4462 ursi

97 4489 134 4546 ad
150 4504 208 4555 me,
224 4484 329 4543 lacism
345 4480 410 4550 tihi,
427 4495 491 4552 que
516 4493 581 4534 meo
602 4475 789 4533 continentur
803 4491 919 4532 arcano.
936 4501 960 4565 D
976 4497 1057 4548 uum,
1074 4478 1099 4534 si
1115 4479 1306 4546 erraverit,oh
1322 4476 1382 4534 leve
1396 4494 1511 4550 quoque
1526 4480 1796 4553 (aquodqmmee

97 4574 236 4636 Occidisti
250 4586 360 4639 servos,
377 4586 451 4643 quos
461 4568 497 4625 sd
521 4572 549 4624 te
565 4565 721 4622 miseram:
737 4565 854 4621 mittam
869 4581 920 4621 no·
976 4574 1075 4625 catum
1102 4584 1159 4624 non
1184 4567 1291 4640 poterit
1319 4567 1474 4635 suscitari:
1502 4583 1561 4622 non
1590 4583 1652 4639 quo
1668 4584 1726 4625 nou
1739 4581 1795 4623 sus·

95 4663 337 4727 vissimsoilium
349 4675 466 4717 meum:
482 4653 921 4727 tuautemjuxtacousuetudi·
976 4660 1090 4726 citetur,
1107 4658 1158 4714 sed
1188 4673 1374 4729 nequaquam
1404 4655 1563 4712 suscitetur
1591 4655 1677 4730 virgo
1707 4651 1795 4721 lsrael,

98 4761 272 4822 nemiuem,
288 4769 346 4825 qua
361 4761 477 4820 semper
490 4744 633 4802 voluntati
649 4742 764 4800 Domini
778 4739 920 4809 restitisti,
974 4756 1003 4804 et
1018 4763 1203 4820 nequaquam
1230 4750 1364 4817 resurget
1392 4744 1535 4800 Dominus
1563 4743 1670 4802 Israel.
1687 4746 1747 4802 Non
1758 4744 1795 4799 est

98 4863 229 4922 praepsra
241 4847 270 4900 te
285 4847 318 4899 ut
340 4818 524 4898 coutrsdicas
552 4839 580 4891 et
599 4831 761 4890 adverseris
778 4836 834 4888 Deo
849 4835 919 4888 tuo:
974 4837 1052 4894 enim
1068 4836 1170 4892 eadem
1182 4834 1274 4907 gloria
1285 4835 1348 4905 ejus
1360 4833 1409 4906 qui
1426 4848 1542 4906 semper
1554 4837 1680 4891 secutus
1692 4840 1736 4892 est
1748 4833 1794 4888 lio·

94 4939 179 5009 Juxta
192 4934 265 4991 illud
282 4931 359 5005 quod
375 4927 518 4999 scriptum
541 4927 605 4980 ost:
623 4925 687 4978 Ecce
710 4922 754 4977 hic
766 4923 868 4992 positio
882 4922 921 4976 cst
975 4927 1101 4992 minum,
1117 4929 1146 4981 et
1159 4925 1224 4995 ojus
1238 4923 1287 4995 qui
1310 4920 1485 4979 aberraverit
1500 4939 1517 4978 a
1545 4937 1648 4996 grege,
1664 4928 1694 4981 et
1708 4926 1792 4997 postu

87 5028 126 5084 'in
136 5023 327 5089 minamctin
337 5012 921 5080 resomeclioacmmultorum,eliasipnum
975 5016 1041 5071 honi
1055 5012 1181 5087 pastoris
1196 5016 1361 5085 reportatus
1377 5015 1421 5067 ost
1436 5011 1568 5068 humeris
1582 5011 1662 5084 (luc.
1678 5012 1734 5084 xv).
1746 5010 1789 5068 llu-

96 5117 144 5173 cui
157 5112 361 5172 contradicetur
375 5109 450 5180 (luc.
468 5115 500 5172 ιι,
512 5104 567 5176 34).
584 5102 619 5157 Et
631 5102 685 5157 hoc
696 5100 776 5166 dicit,
794 5116 849 5155 uon
862 5116 920 5171 quo
975 5106 1009 5160 de
1024 5109 1052 5160 et
1067 5120 1118 5175 per
1132 5102 1222 5158 elium
1239 5101 1408 5174 prophetam
1426 5102 1567 5156 Dominus
1584 5100 1647 5157 ait:
1663 5102 1731 5158 can
1741 5110 1788 5173 pe·

97 5202 247 5276 precipiat
257 5198 328 5272 quid
340 5197 434 5254 lacere
444 5194 549 5250 debeat
558 5191 619 5263 ,sed
630 5199 696 5246 aute
706 5188 836 5261 praedicit
848 5188 919 5260 quid
973 5195 1121 5249 pitanitium
1130 5191 1290 5261 peccatoris,
1302 5206 1383 5263 quum
1394 5192 1509 5244 mortem
1523 5188 1635 5259 (Euech.
1651 5207 1731 5257 xviii,
1744 5184 1787 5257 3²l·

97 5298 201 5366 sponte
215 5293 345 5346 tacturus
360 5286 409 5351 sit,
426 5283 511 5356 quasi
526 5282 680 5354 increpans
695 5282 724 5334 et
739 5292 876 5351 arguens,
888 5279 920 5332 ut
974 5280 1172 5337 penitentiam
1190 5295 1246 5334 non
1262 5277 1409 5333 sanctitati
1435 5274 1600 5349 purissime
1626 5284 1657 5334 et
1671 5272 1787 5335 decimis

96 5381 200 5440 saltem
216 5381 366 5450 correptus
381 5391 438 5430 uon
455 5373 542 5430 lactat
552 5369 628 5443 quod
640 5366 812 5442 pradictum
828 5368 882 5434 est,
973 5369 1078 5426 christi
1094 5370 1167 5443 (quac
1179 5384 1236 5423 non
1252 5367 1452 5439 hahotrugam
1463 5381 1558 5437 neque
1569 5359 1786 5436 maculamini

22 5548 28 5554 ·
132 5525 171 5601 (o)
186 5527 241 5582 Pro
256 5523 286 5578 tn
301 5519 491 5594 Scptuouiatc,
515 5516 675 5592 praeterunt
696 5531 767 5574 mes.
784 5517 815 5574 in
829 5514 919 5573 tecle·
1008 5513 1047 5602 (b)
1061 5510 1256 5586 cisterciens,
1284 5525 1460 5588 preparare:
1476 5513 1540 5569 tum
1565 5506 1782 5597 Palatiuiaittl·

94 5593 147 5660 nu
973 5592 1115 5647 acatiPro
1130 5583 1282 5647 adversari.
