3818 6104
95 235 182 302 1089
367 251 370 256 ’
501 236 877 330 COMMENTARIORDM
897 235 938 299 tlt
961 235 1067 298 AMOS
1088 231 1162 298 hle.
1186 233 1239 297 111.
1260 232 1346 298 (tte.
1368 235 1422 300 lx.
1725 244 1804 311 {090

96 373 201 443 puerit
215 384 302 443 mure,
317 374 344 428 et
356 369 428 428 iilud
438 371 533 429 uenus
548 388 632 445 risque
639 373 742 444 deferre
753 381 782 427 nt
790 371 924 442 porstrnus
940 373 963 434 Α
980 369 1012 438 (ll
1030 371 1089 423 Cor.
1104 382 1165 432 xor,
1181 372 1209 423 et
1223 369 1259 424 de
1270 368 1432 426 humilibus
1442 374 1544 444 raptus
1558 371 1589 430 in
1599 375 1749 448 sublimia,
1760 357 1801 437 ita

97 462 208 532 audire,
223 468 250 518 et
263 462 355 531 secere
369 459 439 532 quud
450 465 615 534 praeceptum
629 464 684 517 est?
697 461 742 515 sed
751 461 835 531 jactu
849 464 922 515 tccst
981 458 1238 513 utascendorrtin
1256 457 1359 513 rmlum
1389 461 1562 529 tertiumsi
1589 466 1798 538 perspiritum

93 566 187 608 screno
200 549 279 605 uelde
293 552 323 605 tn
338 566 387 607 ore
401 559 456 619 tuo,
468 553 534 608 etin
549 550 684 607 cordetuo
696 559 726 606 ut
740 551 829 621 tucius
843 549 924 605 illum
978 552 1112 602 sanctum
1128 551 1156 601 et
1170 545 1275 602 Filium
1287 548 1448 619 perveniret
1459 550 1495 606 ad
1507 551 1631 623 Patrem,
1644 560 1672 610 et
1682 558 1798 631 audiret

93 638 157 712 [nl.
173 637 253 708 ittae]
269 637 358 710 (Dent.
373 655 439 705 xxx,
456 641 499 708 ll,
517 640 571 708 12).
586 639 706 705 Quando
731 639 809 694 enim
825 638 925 694 anima
976 634 1242 700 verbainellabilin,
1259 637 1388 708 mysterii
1403 639 1455 709 [tt.
1471 643 1618 713 mysteria]
1634 645 1796 718 Trinitatis,

91 726 224 785 vinculis
233 724 498 800 laxataoorpureis,
510 727 626 784 volandi
638 744 696 799 quo
705 726 785 793 velit,
796 727 856 782 sive
867 742 924 798 quo
979 742 1043 797 quae
1051 724 1221 781 hominibus
1232 726 1335 782 audire
1347 744 1404 781 ⁰⁰¹¹
1417 727 1528 784 litlmffi
1539 736 1592 786 θὸῑ·
1601 733 1659 789 tstc
1669 751 1737 808 ‘³¹'80
1748 738 1799 808 qui

93 815 141 872 ire
156 814 351 887 compellitur,
368 820 486 888 propter
499 817 671 872 tenuitatem
687 816 858 871 substantie
872 814 924 869 ha·
979 812 1111 885 quotidie
1126 814 1257 869 ascendit
1272 814 1301 870 in
1317 815 1438 882 sanctis,
1451 817 1623 876 fasciculum
1639 838 1727 879 suum
1739 827 1803 881 tun·

95 904 382 970 bucritlihertatem,
395 906 491 961 autad
503 902 926 975 internaducelurtdequibus
980 902 1061 958 davit
1074 919 1164 974 super
1177 907 1296 973 terram,
1312 904 1390 961 πθ
1416 906 1452 961 dc
1468 923 1525 977 quo
1541 909 1569 962 in
1586 910 1743 983 Evangelio
1758 914 1800 971 lo-

97 994 323 1065 scriptumest:
339 993 539 1050 Convertuntur
550 997 705 1065 peccatores
726 995 759 1048 in
773 994 925 1064 internum,
982 990 1099 1063 quitur:
1115 991 1153 1046 ll'e
1166 993 1273 1058 timeus,
1298 1009 1366 1062 pree
1390 996 1515 1065 parente,
1545 1000 1611 1067 quin
1639 1002 1804 1073 comptumit

97 1093 193 1140 amnes
205 1086 301 1152 pentes
316 1097 379 1154 qnae
393 1082 597 1138 oblibiscuntur
625 1087 713 1138 Deum
740 1083 798 1153 (Pa.
814 1098 852 1145 rx,
870 1081 925 1152 18).
980 1081 1061 1136 Patri
1072 1095 1131 1134 meo
1155 1080 1281 1135 babitare
1295 1082 1325 1135 in
1339 1090 1364 1136 te
1376 1085 1453 1149 (buc.
1470 1101 1521 1151 x11,
1535 1086 1590 1156 32).
1608 1087 1664 1144 Iste
1679 1089 1804 1148 lasciuu-

99 1168 156 1227 nt:
172 1170 204 1227 ln
225 1173 336 1242 interno
362 1172 424 1242 quis
451 1171 624 1241 confitetitur
651 1170 705 1226 titi
720 1170 805 1241 (Paul.
821 1187 862 1241 vn,
876 1167 928 1241 til?
982 1172 1030 1224 lus
1046 1184 1106 1223 una
1119 1168 1233 1223 Domini
1250 1168 1387 1240 religione
1403 1172 1577 1229 constrictus
1599 1182 1652 1232 cst.
1682 1177 1763 1235 Unde
1777 1184 1807 1236 et

100 1260 156 1317 Dt:
172 1258 315 1318 Descendit
327 1261 359 1314 in
374 1260 514 1329 internam
529 1260 618 1329 picria
629 1266 675 1314 tou
686 1258 741 1328 (Pa.
757 1274 854 1328 suurn,
873 1257 927 1329 18).
982 1256 1047 1328 ipsa
1061 1255 1161 1328 religio
1176 1274 1193 1312 a
1207 1256 1366 1330 religando,
1383 1264 1411 1315 et
1427 1260 1456 1314 in
1476 1261 1584 1318 luscem
1614 1267 1728 1323 Domini
1741 1268 1806 1325 vin·-

100 1352 164 1405 Aut
178 1352 255 1404 certe
270 1348 306 1403 ad
323 1346 450 1403 coelestiu
464 1346 675 1412 sublevabitur,
691 1346 742 1402 ubi
757 1349 826 1403 suut
840 1345 930 1418 spiri·
983 1344 1085 1400 ciendo
1101 1360 1207 1401 nomen
1227 1347 1347 1418 accepit.
1379 1347 1468 1404 Porro
1494 1351 1577 1422 juxta
1605 1353 1805 1429 Septuaginta,

98 1437 196 1495 tualia
206 1434 341 1509 nequitie
352 1436 382 1491 in
395 1435 570 1508 celestibus,
582 1440 611 1492 et
625 1436 650 1492 si
659 1435 716 1491 sibi
726 1451 798 1491 veru
808 1437 930 1492 circum·
983 1434 1222 1504 repromissionem
1237 1451 1318 1490 raum
1333 1435 1431 1506 fundet
1444 1437 1499 1509 [Al.
1512 1440 1649 1514 fundarit]
1660 1460 1743 1516 snper
1752 1450 1807 1502 ter·

99 1527 216 1584 chionia
224 1524 378 1581 scientiam
388 1524 678 1595 volueritvindicare,
687 1523 742 1580 hoc
751 1525 830 1580 enim
841 1512 931 1580 inter'·
984 1538 1055 1590 rum,
1067 1525 1208 1578 utomncs
1217 1521 1297 1579 illius
1307 1525 1629 1601 repromissionesquas
1640 1533 1733 1589 sancti
1743 1552 1808 1608 pro-

98 1617 235 1690 matur
250 1614 400 1679 canuntur,
416 1617 445 1669 et
459 1612 626 1668 bumilitate
652 1617 829 1685 contempta,
847 1612 929 1669 habi·
984 1608 1080 1682 phelte
1095 1627 1149 1666 suo
1165 1626 1214 1666 ore
1229 1613 1406 1684 cecinerunt,
1425 1632 1481 1670 non
1497 1616 1613 1674 inanem
1634 1636 1740 1678 sonaim
1755 1623 1808 1681 ha-

97 1707 167 1761 tare
182 1702 214 1758 in
230 1692 392 1770 montibus,
408 1705 437 1757 et
462 1701 503 1755 ibi
528 1705 707 1757 scrutantem
733 1717 855 1756 menum
879 1700 930 1757 Dei
946 1749 971 1814 B
986 1697 1084 1767 beant,
1100 1699 1179 1781 atie)
1195 1715 1279 1754 cassu
1301 1699 1393 1757 solius
1416 1703 1582 1777 tropologia
1602 1710 1740 1779 nomina3
1757 1714 1808 1771 sed

98 1791 225 1851 evadere
240 1808 298 1848 nou
314 1789 431 1847 valebit.
458 1790 539 1856 Quod
569 1790 594 1845 si
620 1791 778 1862 desperans
794 1787 931 1857 salutem,
989 1786 1186 1841 fundenturin
1199 1792 1286 1842 terra.
1302 1788 1337 1844 llt
1351 1805 1418 1845 cum
1434 1791 1563 1850 historie
1578 1795 1734 1855 habuerint
1747 1803 1810 1858 lun-

100 1880 206 1940 ooulos
217 1879 332 1936 Domini
348 1878 439 1936 vitare
455 1878 618 1947 tentaverit,
630 1882 659 1934 et
673 1879 703 1933 in
714 1878 835 1934 ultimos
846 1877 932 1933 falso·
988 1874 1218 1940 dementatum
1230 1875 1392 1946 spiritualis
1403 1879 1600 1954 intelligentie
1610 1887 1725 1944 culmen
1739 1891 1811 1947 accl-

101 1988 174 2029 rum
190 1970 266 2026 840
282 1969 425 2025 lluutuom
450 1968 591 2024 terminos
608 1968 768 2040 pervenire,
793 1967 880 2023 etiam
893 1966 934 2022 ibi
990 1962 1092 2034 piant:
1109 1968 1142 2019 ut
1157 1980 1221 2019 veru
1235 1964 1369 2022 Christus
1383 1967 1419 2022 de
1442 1969 1562 2040 Virgine
1582 1977 1667 2030 natus
1682 1977 1730 2048 sit,
1746 1993 1812 2037 vere

103 2058 261 2117 mandabit
278 2057 417 2114 Dominus
446 2057 572 2129 serpenti
597 2061 729 2112 tortuoso
757 2060 786 2112 et
813 2056 934 2127 antiqno
990 2050 1131 2107 Lazarum
1150 2057 1298 2109 mortuum
1314 2056 1473 2125 suscitarit,
1488 2075 1555 2116 vere
1570 2062 1606 2118 ad
1622 2067 1732 2120 tactum
1747 2067 1812 2138 ejus

104 2148 229 2223 (Ama,
246 2148 305 2219 xx),
321 2146 370 2219 qui
384 2152 428 2201 e„
448 2146 585 2201 inimicus
600 2149 628 2201 ep
642 2145 730 2213 ultor,
748 2149 776 2201 θῑ
791 2144 937 2200 mordebit
990 2138 1160 2214 αἱμυρῥυῦσα
1175 2148 1277 2197 sanata
1288 2143 1337 2213 sit,
1353 2161 1419 2200 vere
1433 2145 1463 2202 iu
1479 2148 1604 2206 adventu
1619 2151 1734 2210 Domini
1745 2157 1813 2213 ceci

107 2254 186 2297 am,
203 2234 511 2309 Captaquoqueviaiis
524 2239 611 2305 atque
631 2233 757 2307 peccatis
771 2232 868 2306 gladio
883 2233 938 2288 Do·
990 2228 1123 2299 viderint,
1140 2230 1237 2285 claudi
1258 2234 1450 2303 cucurrerint,
1476 2242 1629 2295 contracte
1645 2259 1751 2302 manus
1764 2260 1813 2301 ex·

111 2326 187 2384 mini
205 2326 243 2399 (u)
263 2325 411 2398 punietur,
427 2327 455 2379 et
469 2325 557 2394 ponet
572 2322 672 2378 oculos
687 2338 756 2377 suus
771 2336 860 2392 super
872 2336 936 2376 eam
992 2321 1080 2373 tense
1091 2317 1160 2386 sint,
1177 2317 1257 2390 lepra
1273 2323 1415 2378 mundata
1427 2323 1484 2390 sit3
1500 2324 1568 2382 licet
1582 2333 1743 2387 secundum
1755 2337 1813 2390 tro·

111 2416 143 2472 in
159 2414 283 2483 malum,
300 2418 328 2469 et
339 2430 396 2469 non
406 2412 435 2467 in
453 2412 575 2480 bonum,
586 2415 680 2483 utper
694 2410 938 2481 cruciatusatqua
993 2405 1276 2477 pologiamquotidie
1287 2409 1814 2484 deanimavirginalinascatursermo

111 2503 260 2578 supplicia
274 2503 309 2558 ad
325 2501 482 2557 Dominum
506 2504 675 2556 revertatur.
704 2499 836 2570 Cumque
860 2498 938 2555 Deus
993 2494 1118 2562 divinus,
1131 2495 1261 2566 quotidie
1276 2503 1393 2569 peccato
1405 2501 1523 2573 mortui,
1539 2508 1569 2558 et
1583 2506 1720 2564 vitiorum
1736 2510 1813 2566 tuni·

109 2594 302 2666 omnipotens
311 2590 554 2664 tetigeritoemm
566 2605 667 2645 ,orum
683 2592 771 2660 ,tque
786 2603 940 2643 concussa.
993 2582 1048 2638 bus
1057 2581 1177 2656 alligati,
1188 2584 1224 2639 de
1233 2584 1366 2657 sepulcro
1374 2587 1517 2645 scelerum
1526 2608 1647 2649 suorum
1653 2596 1815 2667 jubeantur

108 2684 161 2750 rit,
177 2685 207 2739 ct
220 2681 369 2738 tabescere
378 2679 479 2735 lecerit
490 2682 597 2740 cuncta
606 2683 731 2743 terrena,
743 2675 939 2748 intelligentes
986 2670 1079 2737 ,exire
1092 2671 1221 2742 qu⁰iidl⁹
1233 2674 1386 2746 sanguinis
1399 2682 1813 2755 ⁰Pssl³⁰⁰⁰⁸tsi⁰lt⁸ssiub⁰fflssi

110 2773 224 2829 seelera
239 2786 303 2837 sua,
319 2773 469 2825 vertentur
484 2768 513 2822 in
529 2766 653 2833 luctum,
669 2771 698 2822 ot
719 2767 781 2838 ipse
797 2765 939 2821 Dominus
992 2759 1023 2814 in
1039 2759 1178 2816 fidelitate
1192 2760 1301 2817 Christi
1327 2762 1427 2819 lumen
1448 2767 1601 2839 aspiciant,
1618 2771 1816 2834 claudicantes

108 2858 411 2933 dupliciterasoendet
422 2855 840 2929 atquedescendet.Ascandct
851 2870 940 2926 super
993 2847 1076 2918 plius
1091 2849 1157 2914 fide,
1174 2855 1293 2906 currant
1307 2851 1336 2906 51¹
1352 2852 1399 2908 Via
1414 2855 1539 2925 DOmissb
1555 2863 1584 2914 et
1599 2859 1686 2917 trid&
1709 2879 1814 2922 mamm
1869 2926 1881 2937 ,

109 2943 819 3020 sanctosquasillnviuscousummationisejus,
837 2944 937 3012 idest,
993 2936 1124 3005 avaritia,
1147 2939 1339 2996 extendantur
1367 2943 1404 2998 ad
1428 2940 1654 3020 eleemosynam,
1683 2956 1712 3008 et
1736 2952 1818 3026 lepra

110 3043 199 3094 tm
214 3055 221 3092 :
237 3041 270 3092 ut
284 3051 371 3108 opera
385 3051 487 3090 eorum
503 3038 617 3089 tmen„
633 3036 799 3088 consumat,
816 3033 940 3089 nemen.
994 3026 1102 3094 Marios,
1117 3044 1180 3100 quaa
1193 3029 1373 3085 contaminat
1385 3032 1531 3105 quidquid
1541 3037 1678 3110 attigerit,
1696 3041 1818 3114 recipiat

114 3127 167 3186 det
182 3141 269 3197 super
281 3128 447 3197 peccatores
464 3123 549 3195 quasi
570 3123 678 3177 flumen
707 3121 830 3194 AEgpr,
859 3113 974 3182 utini}
994 3115 1666 3191 pristinampuritatemfflum.xri).lstceutem
1677 3131 1817 3188 Dominus

110 3217 325 3271 tormentorum
342 3210 569 3269 amaritudinem
584 3210 694 3282 impetu
711 3210 825 3266 Domini
840 3209 938 3266 detru—
993 3204 1643 3285 amarissimasquoqucaquasmarisvocat,
1673 3220 1819 3277 ctelludit
1890 3260 1897 3273 =

110 3302 232 3359 dantur·
994 3294 1047 3363 [At.
1064 3294 1170 3364 tundit]
1186 3312 1235 3351 eas
1250 3313 1339 3381 super
1353 3313 1413 3368 eos,
1433 3301 1483 3372 qui
1500 3302 1602 3360 laciem
1618 3323 1703 3363 suam
1729 3315 1820 3367 verte·

147 3391 243 3463 (Vers.
259 3390 298 3463 6.)
314 3391 367 3460 Qui
376 3390 496 3462 edificat
511 3391 541 3444 in
564 3389 630 3445 creto
645 3389 833 3444 ascensionem
848 3405 938 3457 snum,
994 3387 1065 3438 runt
1080 3384 1116 3438 ad
1129 3384 1295 3440 Dominum.
1309 3386 1373 3442 ideo
1384 3393 1481 3444 autem
1493 3397 1575 3447 vocat
1586 3410 1702 3451 amaras
1712 3413 1815 3469 aquas,

109 3489 137 3538 et
149 3480 314 3553 {ardentum
327 3497 408 3535 suum
422 3482 620 3552 superterram
635 3478 781 3549 fundarit:
797 3479 845 3549 qui
863 3480 940 3533 vorat
994 3474 1027 3526 ut
1041 3469 1142 3526 dulces
1159 3471 1254 3539 saciat,
1267 3476 1296 3528 ct
1307 3474 1412 3530 educat
1421 3482 1521 3533 ventos
1534 3480 1570 3534 dc
1580 3480 1726 3538 thesauris
1742 3485 1815 3555 suis,

108 3585 200 3644 ww
214 3571 311 3641 mam,
327 3578 353 3625 εἰ
366 3570 483 3642 emm-t
500 3585 545 3624 ea,
561 3584 643 3639 sup„
656 3569 756 3638 ,mem
775 3576 873 3624 tm:
887 3567 940 3621 po.
994 3563 1130 3631 etgraves
1141 3558 1289 3633 salsugine
1302 3577 1393 3633 aquas
1404 3580 1458 3619 sua
1470 3565 1742 3640 inaltumjnssione
1752 3589 1817 3630 sus·

108 3662 208 3716 minus
219 3674 319 3714 nom
331 3659 399 3729 ejus·
418 3658 506 3713 LXX,
525 3658 576 3724 0„-
590 3656 708 3726 ,edificat
724 3657 754 3710 μη
768 3655 834 3711 ,0310
847 3664 941 3710 menz
994 3647 1113 3719 pendat,
1130 3646 1323 3719 eliquansque
1337 3666 1397 3715 eas,
1413 3657 1442 3707 et
1456 3653 1580 3711 ethereo
1609 3656 1704 3714 calore
1729 3661 1817 3717 deco·

108 3751 219 3806 sionem
228 3763 317 3817 suum,
328 3751 354 3802 et
361 3748 570 3818 promissionem
581 3761 661 3800 suurn
670 3760 752 3816 super
762 3749 864 3799 terrum
874 3746 939 3814 fun.
997 3751 1102 3806 quens,
1114 3736 1304 3807 dispensatio
1316 3737 1440 3809 pluvias,
1452 3745 1480 3796 et
1490 3742 1604 3799 emittat
1612 3761 1702 3817 super
1714 3748 1817 3805 taciem

108 3837 176 3893 dar,-
192 3839 241 3908 qni
254 3839 330 3891 υεευε
356 3852 457 3906 uquam
485 3836 584 3901 muru,
604 3842 629 3889 et
642 3833 759 3905 effundit
785 3848 846 3888 eum
859 3847 942 3903 anper
993 3828 1087 3892 terrae,
1103 3829 1134 3879 ut
1149 3826 1259 3880 arentia
1274 3843 1397 3898 quaeque
1408 3827 1539 3901 rigentur
1552 3831 1708 3903 imbribus,
1724 3843 1753 3893 et
1767 3837 1818 3895 ubi

108 3927 216 3998 faciem
239 3929 342 3982 terre:
358 3925 486 3980 Dominus
503 3925 673 3995 omnipotens
686 3937 785 3977 nonren
800 3922 867 3993 ejas.
887 3922 939 3976 Du·
994 3912 1155 3968 abundavit
1169 3917 1332 3985 peccatum,
1349 3919 1568 3987 superabundet
1582 3922 1687 3993 gratia.

111 4015 218 4073 minus
232 4018 308 4070 Deus
321 4013 517 4085 omnipotens,
534 4012 584 4084 qui
609 4011 736 4083 respicit,
765 4009 825 4066 sivo
848 4009 942 4082 tangit
1030 4001 1123 4073 (Vels-
1139 4001 1166 4067 7,
1183 4001 1223 4070 8.)
1237 4003 1375 4075 Numluli
1397 4022 1452 4061 '¹0²²
1465 4011 1497 4062 αῖ
1515 4009 1570 4079 filii
1587 4012 1747 4085 AEtbiopum
1768 4031 1815 4073 ¹²⁰⁸

108 4106 546 4171 gorram‚0r00mm0vnteam,
576 4100 639 4172 ipse
661 4104 705 4155 est
733 4099 783 4172 qui
812 4097 942 4172 quotidie
994 4092 1153 4163 estiamitn',
1169 4092 1818 4172 ptitnruetuttuorntumrrtamqutunmtr·

110 4190 240 4248 edificat
257 4190 285 4245 in
301 4188 373 4245 coelo
384 4191 437 4261 [nt.
455 4187 572 4258 coelum]
589 4189 790 4244 ascensionem
806 4204 902 4256 suam,
913 4190 942 4243 et
996 4181 1053 4237 rael
1067 4180 1210 4237 attendere
1222 4181 1319 4252 ferite
1333 4188 1409 4240 ‘triti
1423 4187 1546 4258 AEppptt,
1561 4191 1587 4243 ti
1603 4190 1771 4249 Palaeiiitttt
1786 4192 1820 4252 dt

110 4279 188 4337 dicit
202 4278 232 4334 in
244 4278 419 4352 Evangelio:
436 4280 519 4333 Pater
532 4293 607 4333 meur
617 4294 702 4348 nsque
712 4276 790 4334 morto
801 4281 940 4350 operatur,
994 4268 1176 4341 Cappadocia,
1192 4275 1220 4326 et
1233 4270 1317 4343 Speos
1332 4271 1364 4328 de
1379 4274 1504 4345 Cyrene?
1522 4278 1588 4333 Ecce
1610 4281 1686 4336 ocuti
1708 4283 1819 4341 Domine

109 4373 138 4427 c,
153 4383 204 4439 ,9⁰
217 4383 314 4440 opero,
328 4369 416 4436 (joan.
433 4385 461 4434 v,
479 4368 531 4437 μμ)Ι
560 4367 595 4422 Ep
608 4383 666 4421 non
690 4365 786 4422 solum
802 4367 838 4422 (με
861 4369 942 4422 costa
994 4360 1044 4415 Dei
1056 4375 1139 4431 saper
1152 4376 1266 4431 repnum
1280 4377 1403 4434 peccunt,
1418 4372 1445 4419 ct
1466 4369 1605 4422 conteram
1631 4370 1702 4425 titud
1716 4373 1833 4442 usucte'

108 4458 208 4515 Adam
222 4456 252 4512 in
269 4460 371 4530 typum
394 4454 526 4512 Ecclesiae
555 4453 644 4511 semel
673 4454 825 4512 edificavit
851 4455 940 4512 Evam
955 4482 980 4548 D
994 4452 1098 4507 terret-¹
1114 4453 1303 4506 tettmissmm
1324 4457 1465 4507 willemi
1480 4470 1532 4509 '¹0⁷²
1557 4453 1820 4517 ⁶⁰⁷²mssmd⁰m¹im

107 4546 222 4617 (Gener.
238 4546 281 4619 11),
298 4546 348 4603 sed
362 4545 491 4618 quotidie
506 4545 657 4601 credentes
682 4547 712 4599 et
731 4545 863 4600 membra
878 4559 941 4599 cor·
994 4539 1085 4605 tecti.
1099 4539 1171 4594 dicii
1185 4540 1327 4594 Dorm'nur.
1342 4539 1410 4596 LXX
1422 4558 1429 4596 ³
1443 4541 1537 4599 Nonne
1546 4546 1640 4614 tuditi
1653 4547 1819 4620 AEtdt'tlmm

107 4633 194 4708 poris
210 4633 256 4690 aui
267 4634 402 4703 edificat,
412 4638 442 4690 at
456 4634 491 4689 da
502 4632 587 4690 terris
600 4633 636 4688 ad
648 4630 753 4688 coelum
764 4630 849 4703 levat,
862 4636 894 4687 ut
911 4632 940 4688 in
996 4644 1042 4684 vor
1057 4629 1121 4684 estis
1136 4628 1209 4684 8⁶1
1224 4628 1304 4696 mitri,
1320 4629 1377 4699 pttt
1388 4631 1483 4699 laruet,
1499 4631 1567 4688 dicit
1580 4634 1733 4690 Dumium!
1746 4638 1819 4694 Nun-

106 4721 174 4780 inig
188 4723 252 4796 ipse
267 4724 453 4780 conscendat.
469 4721 606 4777 Ascendit
624 4721 764 4776 Dominus
780 4720 809 4777 in
835 4719 941 4777 omium
995 4734 1030 4773 ne
1045 4716 1101 4789 [Al.
1118 4717 1187 4787 Non)
1210 4718 1295 4772 irruet
1319 4717 1403 4774 edunt
1416 4719 1450 4775 tte
1463 4723 1538 4776 terru
1566 4724 1687 4795 AEpppti,
1711 4728 1739 4781 ct
1752 4727 1819 4783 utie-

108 4827 183 4870 num
200 4812 297 4868 Enoch
314 4812 418 4885 (Gener.
441 4812 480 4885 v),
497 4810 629 4866 ascendit
648 4825 715 4865 oum
737 4808 799 4866 Elia
813 4807 863 4879 (lV
878 4811 939 4882 itep.
994 4809 1109 4877 uiperae
1122 4805 1155 4861 de
1169 4804 1349 4877 Cappadocia,
1365 4816 1390 4863 et
1404 4807 1486 4879 Syros
1501 4809 1533 4866 de
1547 4810 1650 4885 suoru?
1663 4815 1730 4871 Ecce
1743 4815 1818 4873 ocuti

109 4903 159 4971 ῃ),
177 4901 309 4957 ascendit
322 4918 389 4957 cum
406 4900 514 4974 Moyse,
526 4900 564 4971 (μ)
580 4899 665 4972 cujus
677 4897 834 4970 sepultum
847 4899 940 4969 loeus,
995 4895 1106 4951 Domini
1115 4897 1164 4950 Dei
1177 4911 1259 4966 super
1272 4911 1390 4969 requam
1403 4905 1587 4969 peruenturum,
1604 4909 1631 4957 et
1645 4906 1769 4976 anserum
1781 4907 1817 4961 it-

110 4987 186 5062 (μὴ
202 4987 232 5044 in
245 4988 350 5046 ,mlum
362 4991 542 5059 ascenderat,
552 4988 583 5044 in
595 4992 672 5045 ter„
682 5004 740 5044 110„
754 4989 848 5060 potuit
863 4989 941 5045 juve.
996 4985 1044 5041 tud
1063 4986 1165 5057 usucie
1178 4992 1270 5042 terne.
1288 4985 1476 5043 Veruntamen·
1486 5005 1543 5045 noir
1558 4992 1588 5045 in
1595 4992 1680 5061 finem
1693 4997 1819 5066 ueterum

109 5075 172 5136 nini
191 5077 279 5151 (Dent.
295 5081 400 5152 xnxrv).
416 5078 557 5137 Ascendit
572 5094 639 5135 cum
655 5076 744 5133 Paulo
759 5077 810 5150 qui
825 5094 877 5134 vas
889 5076 944 5135 eie·
996 5076 1106 5132 domum
1120 5074 1210 5145 tarot,
1225 5073 1292 5130 dicit
1306 5076 1447 5132 Dominus.
1465 5077 1518 5134 Pro
1531 5080 1650 5154 Cyrene,
1672 5082 1776 5154 Aquila
1790 5086 1818 5141 et

109 5166 232 5237 ationis,
247 5166 278 5224 in
294 5168 460 5242 apostolum
488 5170 523 5226 dc
543 5171 727 5243 persecutore
742 5170 873 5223 mutatus
898 5171 943 5225 est
997 5166 1099 5239 quinta
1113 5164 1201 5222 editio
1217 5164 1314 5237 ipsum
1328 5166 1448 5223 verbum
1462 5167 1637 5227 Hebraiuum
1656 5176 1818 5245 posuerunt

127 5346 191 5432 .(“)
206 5345 355 5405 Medicuna
371 5349 491 5433 quidam
504 5349 583 5432 cod,
600 5346 729 5429 victorio
743 5350 828 5415 teste,
840 5363 941 5429 percn—
1032 5344 1248 5427 (melleniaco
1264 5340 1524 5429 Musis-'hottenem
1542 5349 1606 5433 sive·
1618 5347 1763 5426 ἀνάληψιν,
1780 5353 1816 5409 de
1888 5404 1891 5411 .

107 5426 221 5477 tuear:
235 5434 300 5501 qua
314 5419 411 5488 lectio,
428 5423 526 5492 mqmt
539 5419 599 5489 rile,
614 5435 710 5493 magis
726 5423 862 5501 congruit
876 5418 943 5476 Vul·
996 5434 1055 5490 qua
1068 5417 1134 5472 vnde
1148 5417 1210 5474 cod.
1221 5416 1510 5491 Pseudoprgraphum
1521 5425 1625 5480 votens
1635 5424 1816 5485 Testamenti

108 5493 188 5578 gete
203 5488 337 5559 editioni,
352 5508 417 5564 que
432 5490 622 5565 legiturcutet,
638 5494 667 5546 et
680 5489 809 5562 LXXqur
821 5488 940 5562 hahent,
996 5505 1033 5562 pa
1056 5530 1062 5543 .
1077 5488 1141 5544 830.

108 5561 269 5647 metuet.
286 5563 383 5643 Dligat
398 5563 498 5638 lector,
514 5578 604 5642 quam
619 5560 765 5626 maluerit.
1031 5504 1066 5639 ii)
1082 5559 1191 5622 Vitiosa
1204 5559 1391 5624 Martianaus
1405 5577 1507 5629 murae.
