3818 6104
104 308 185 374 loon
268 334 272 349 ¹
512 312 888 381 coadunuaalonun
910 317 950 378 ln
973 316 1081 380 AMOS
1103 319 1179 381 LlB.
1203 319 1227 380 l.
1251 317 1336 381 GAP.
1359 319 1397 380 11.
1726 315 1805 378 l006

105 443 157 515 qni
172 444 290 501 devoret
304 445 390 518 ades,
406 451 435 503 et
449 447 641 505 fundamenta
667 451 850 506 Jerusalem:
872 466 930 507 uon
946 449 970 517 Α
987 450 1074 514 sima,
1091 450 1299 523 calciamentis,
1315 451 1423 523 quibus
1439 447 1588 521 pulverem
1604 446 1717 503 caleant
1731 450 1760 504 et
1771 448 1806 503 ll·

104 529 186 590 illius
201 532 231 588 in
243 550 301 606 qua
316 535 396 607 pacis
408 536 857 606 visiocommoratur,sedearum
867 555 930 610 quae
985 541 1238 611 mum,preti0sam
1255 539 1384 595 animam
1396 537 1806 605 hominisvendideruntdsti,

104 621 162 676 sub
177 622 465 680 nominatarusalem
475 626 504 680 in
521 626 646 682 diversis
662 626 785 684 urbibus
796 644 929 684 surrexe·
981 627 1068 697 juxta
1079 627 1452 701 Septuagintapercutiunt
1466 626 1496 680 in
1511 625 1606 697 capite
1625 621 1804 697 pauperem:
1861 656 1867 666 ·

102 709 333 782 runt.0uidquid
349 712 385 767 de
399 712 476 770 tuda
491 714 630 786 diximus,
647 716 816 771 relerturad
832 716 930 771 llccle·
985 718 1148 770 secuudum
1163 716 1519 780 Hebraicum,conterunt
1547 730 1636 784 super
1658 711 1806 784 pulverem

99 795 190 866 siam,
207 796 308 869 inqua
321 803 367 855 est
380 816 447 855 vera
463 802 660 870 confessioni
680 820 735 875 pax
758 802 884 870 Domini,
900 808 930 859 et
984 805 1067 859 terrie
1083 806 1178 876 capita
1193 820 1367 877 pauperum,
1378 809 1407 859 et
1421 803 1451 857 in
1466 806 1579 858 tautam
1589 801 1739 857 elevantur
1754 817 1804 856 su·

101 882 176 941 visio
189 887 333 946 veritatis.
349 888 381 944 lti
397 888 461 945 ideo
473 890 525 958 [itt.
544 890 573 945 ia
589 890 633 963 eu]
649 891 791 961 arguitur,
799 892 876 963 quod
887 891 928 948 le·
982 891 1125 962 perbiam,
1143 897 1174 946 ut
1191 891 1287 947 nolint
1300 908 1367 947 cum
1395 889 1565 946 hominibus
1589 889 1750 945 ambulare.
1772 889 1806 945 Et

100 988 169 1046 gem
181 974 230 1029 Dei
247 978 466 1049 contempserit,
477 983 506 1034 et
521 979 585 1050 ejus
601 980 740 1035 mandata
755 995 813 1034 non
830 980 930 1036 lecerit
984 994 1020 1034 no
1036 995 1158 1050 parvum
1174 980 1320 1034 videretur
1335 978 1389 1034 hoc
1404 977 1528 1043 facinus,
1539 976 1618 1033 filius
1633 980 1661 1032 et
1675 981 1756 1047 pater
1770 975 1805 1030 ad

100 1065 131 1117 et
144 1064 351 1137 unusquisque
379 1067 504 1122 adorans
529 1067 599 1122 vitia
622 1084 676 1123 sua
698 1071 785 1140 atque
800 1073 927 1140 peccata,
983 1083 1072 1123 unam
1087 1067 1212 1140 ingressi
1228 1072 1298 1123 sunt
1313 1065 1450 1139 puellam,
1467 1071 1500 1120 ut
1515 1081 1620 1120 nomen
1640 1063 1690 1120 Dei
1720 1079 1804 1119 sano·

100 1149 928 1226 Deumcoeperithabereaquovictusest,dicentePctrd
982 1158 1045 1211 tum
1076 1155 1226 1211 violarent.
1257 1155 1402 1226 Quidquid
1418 1169 1486 1226 ergo
1502 1154 1534 1208 sit
1553 1151 1687 1224 turpiter,
1704 1151 1740 1207 ad
1757 1151 1805 1207 Dei

99 1238 253 1311 apostolo:
269 1242 355 1312 Aqua
364 1243 439 1298 enim
453 1245 514 1316 quii
528 1252 684 1316 superatur,
700 1244 783 1317 liujus
796 1250 929 1302 etaemus
983 1244 1108 1299 retertur
1118 1243 1259 1315 injuriam
1273 1244 1324 1315 qui
1340 1242 1428 1298 dicit:
1446 1247 1500 1297 Per
1528 1256 1573 1296 noi
1601 1255 1700 1296 immun
1713 1255 1806 1296 nuum

100 1336 144 1382 eit
159 1327 195 1398 (ll
210 1330 286 1385 Petr.
303 1329 392 1401 ¹12¹9l·
404 1332 514 1386 Avarus
528 1331 773 1404 aurum,gulosus
786 1338 928 1405 ventrem,
982 1330 1188 1403 blasphematur
1202 1335 1232 1387 in
1240 1331 1369 1405 pentibus
1383 1331 1490 1399 (llPet.
1507 1347 1538 1400 11,
1554 1328 1659 1398 2).Hoo
1675 1326 1805 1399 estquod

97 1413 280 1472 libidinosus
295 1432 400 1488 penem
415 1423 442 1472 et
457 1418 636 1492 Beelphegor
648 1419 718 1475 aolit
730 1436 735 1475 :
746 1419 928 1477 lascivamu·
981 1423 1010 1476 et
1024 1420 1180 1491 Apostolus
1195 1420 1296 1476 scribit
1310 1420 1346 1474 ad
1362 1417 1545 1475 Corinthios:
1563 1417 1680 1473 Omnino
1694 1415 1807 1471 audiar

96 1501 164 1569 lier,
180 1519 244 1576 que
259 1520 327 1561 oum
342 1505 381 1561 sit
409 1505 439 1560 in
468 1506 582 1563 deliciis
610 1507 719 1574 vivens,
737 1513 853 1565 mortua
872 1514 927 1580 est,
982 1509 1012 1563 i'n
1027 1510 1102 1564 uobis
1114 1509 1273 1580 fornicatio,
1289 1512 1317 1564 et
1330 1508 1394 1563 tatia
1405 1508 1564 1578 fornicatio,
1579 1505 1670 1578 quatis
1697 1520 1746 1560 nec
1760 1505 1806 1559 in·

95 1591 201 1647 adorat
215 1593 346 1648 venerias
374 1592 549 1665 voluptates.
576 1594 658 1652 Unde
674 1596 769 1652 mittet
779 1597 927 1654 Dominus
983 1602 1128 1669 terpentes
1142 1598 1262 1668 onmem,
1279 1599 1319 1651 i'ta
1333 1601 1364 1651 ut
1386 1612 1501 1652 oaorem
1526 1597 1617 1666 patria
1634 1593 1735 1650 lrabeat
1748 1593 1806 1648 oli-

96 1678 199 1751 ignem
214 1680 244 1736 in
257 1680 274 1737 J
278 1682 346 1751 uda,
362 1686 391 1736 et
404 1681 556 1738 devorabit
570 1684 646 1740 edas
661 1684 846 1756 pessimas,et
860 1687 927 1742 lun·
980 1687 1050 1755 quii.
1067 1687 1099 1741 lit
1113 1702 1158 1741 uos
1173 1687 1265 1756 i'nttuti
1278 1685 1353 1754 estis,
1365 1687 1391 1740 et
1404 1700 1460 1740 nou
1471 1685 1562 1755 potius
1576 1683 1697 1748 tuaiiti‘i,
1711 1686 1744 1737 ut
1758 1681 1809 1737 tot·

95 1767 238 1824 (lamenta
251 1768 366 1838 vitiosa,
383 1786 447 1842 qun
474 1770 638 1828 ierusalem
652 1771 774 1845 gloriam
793 1773 926 1846 perdide·
981 1773 1088 1829 teretur
1101 1773 1134 1829 de
1146 1775 1239 1830 medio
1254 1777 1375 1829 uestrum
1390 1774 1438 1843 qui
1452 1771 1581 1843 becapai
1595 1771 1661 1842 feeit
1674 1770 1710 1841 (ll
1723 1772 1807 1827 Gonv

96 1861 189 1924 runt;
205 1856 354 1930 simulque
367 1858 510 1915 discimus
525 1859 691 1917 Creatorem
707 1862 851 1934 omnium,
867 1879 925 1918 nou
983 1862 1009 1932 l,
1021 1863 1060 1932 2).
1074 1862 1180 1918 Crebro
1193 1860 1298 1930 evenit,
1327 1864 1358 1915 ut
1386 1862 1469 1931 pater
1492 1857 1544 1913 filii
1561 1857 1607 1914 sui
1621 1872 1752 1924 uxorem,
1769 1856 1806 1929 (a)

95 1943 195 2001 tolum
209 1945 293 2002 iude
309 1952 337 2002 et
353 1946 863 2022 lsrael,seduniversarumgeutium
874 1951 926 2008 ha·
981 1967 1064 2007 socer
1077 1949 1189 2022 polluat
1204 1966 1323 2017 nurum,
1339 1949 1416 2020 quod
1432 1948 1462 2003 in
1478 1947 1551 2018 Lege
1565 1951 1724 2016 utrumque
1739 1962 1806 2017 pro·

96 2032 169 2090 here
184 2049 297 2103 euram,
311 2039 340 2090 et
350 2035 435 2105 juata
455 2036 637 2107 Apostolum,
654 2039 768 2110 eosqui
784 2039 848 2095 sine
864 2039 926 2112 lege
981 2037 1117 2094 hibetur:
1149 2038 1354 2111 turpitudinem
1379 2039 1469 2108 patrii
1488 2038 1530 2091 tui
1543 2050 1601 2090 non
1615 2033 1762 2104 revelabis,
1778 2037 1806 2089 et

99 2127 306 2195 peccaverunt,
322 2124 415 2194 perire
430 2124 494 2179 sine
509 2123 583 2197 lege,
599 2130 628 2182 et
654 2127 704 2197 qui
725 2127 755 2182 in
770 2125 832 2200 lege
848 2143 927 2184 com·
944 2172 947 2176 a
981 2128 1185 2200 turpitudinem
1196 2144 1287 2183 naras
1300 2130 1420 2183 tuaenon
1436 2124 1714 2195 discooperieilbeuit
1724 2137 1804 2185 xviii,

94 2208 415 2284 miseredolicta,loge
436 2211 552 2268 Domini
564 2213 693 2284 judicari
709 2217 797 2284 (Rom.
815 2219 857 2284 n).
980 2217 1019 2289 7).
1036 2216 1129 2272 Habet
1142 2216 1242 2288 itaque
1256 2221 1285 2271 et
1299 2214 1396 2270 littera
1425 2211 1583 2269 utilitatem
1606 2210 1766 2267 maximam
1781 2208 1805 2266 si

67 2333 70 2337 Δ
141 2298 260 2371 (iareb
275 2300 509 2372 seqq.)llaeodirit
518 2303 649 2358 Dominus
660 2319 666 2358 :
679 2302 765 2374 Super
774 2304 864 2360 tribas
871 2320 928 2360 ire·
981 2311 1121 2361 servetur.
1139 2305 1171 2359 ln
1185 2305 1255 2376 quia
1266 2319 1352 2360 omne
1364 2301 1521 2374 lliigitium,
1539 2300 1564 2356 si
1579 2299 1738 2355 terminum
1754 2314 1807 2370 pu·

95 2387 425 2460 leributliraetetiaper
434 2398 554 2460 quatuor
564 2396 868 2448 nonconuertameum:
876 2410 927 2465 pro
982 2393 1061 2449 doris
1075 2393 1240 2462 excesserit,
1256 2391 1380 2447 crimina
1392 2393 1481 2462 auget
1493 2387 1678 2459 criminibus,
1690 2391 1719 2442 et
1732 2402 1807 2442 sem·

94 2475 210 2546 eoquod
221 2476 373 2532 vendiderit
384 2486 497 2548 arpenta
508 2478 606 2550 [Vulg.
619 2495 672 2550 pro
684 2481 806 2552 arpenta]
817 2482 927 2552 justum
981 2497 1033 2554 per
1047 2483 1082 2537 ad
1098 2481 1241 2537 deteriora
1257 2478 1397 2552 procedit,
1413 2480 1500 2533 etiarn
1517 2493 1605 2547 super
1623 2474 1805 2530 vestimentis

94 2571 126 2618 et
135 2579 343 2636 pauperenipro
353 2566 603 2637 commendanti
611 2576 753 2624 conterunt
768 2585 850 2640 snper
863 2571 927 2640 put-
982 2570 1142 2643 pigneratis
1154 2571 1207 2641 [it.
1221 2565 1431 2640 oppigneratis]
1443 2566 1520 2622 m
1532 2565 1693 2620 accubuere
1705 2563 1805 2618 decem

94 2654 929 2728 nerenterraecapitapouperumetuiamliumiti'iimlaldecti-
950 2683 953 2688 ·
980 2659 1076 2714 trihus
1087 2658 1172 2730 juxta
1186 2673 1272 2713 omne
1287 2655 1390 2721 altare,
1410 2653 1489 2725 quod
1515 2654 1554 2709 ita
1576 2652 1805 2723 interpretantur

93 2743 209 2806 nont,et
221 2741 295 2811 fitius
306 2745 420 2813 etpater
431 2741 490 2810 ejus
503 2743 671 2798 introierunt
681 2744 927 2818 (Vulgabarini)
982 2747 1111 2803 Hebraei:
1128 2747 1222 2819 Super
1249 2744 1432 2800 vestimentis
1460 2758 1571 2809 eorum,
1603 2741 1653 2811 qui
1675 2740 1712 2796 ad
1726 2738 1805 2795 idola

93 2827 279 2900 adnuntiem,
295 2830 497 2902 atpattuerent
522 2847 622 2886 nomen
643 2840 768 2888 sanctum
785 2850 886 2903 meam,
902 2840 928 2891 et
981 2836 1023 2891 irs
1039 2834 1188 2900 uolebant,-
1203 2838 1231 2890 et
1258 2850 1322 2905 qua
1351 2832 1376 2886 vi
1407 2833 1589 2886 extorserant
1606 2827 1759 2901 epulantes
1773 2827 1803 2882 in

94 2932 183 2989 saper
200 2920 527 2989 vaiimeatnptpnarati'i
542 2920 927 2993 amubnerejuataomneat·
980 2923 1079 2991 idolio,
1095 2922 1267 2979 accubabat.
1297 2921 1464 2976 Secundum
1494 2916 1685 2989 Septuaginta
1703 2920 1803 2971 autem

95 3011 168 3076 tare,
183 3009 211 3061 et
224 3007 320 3061 uinum
346 3005 538 3063 damnatorem
567 3007 694 3064 bibebant
721 3011 752 3065 in
779 3009 859 3068 domo
879 3014 928 3069 Dei
979 3016 1079 3068 tantus
1094 3017 1156 3068 erat
1170 3015 1354 3081 contemptus
1365 3009 1394 3065 in
1408 3009 1511 3077 Deum,
1522 3005 1738 3063 utvestimenta
1748 3021 1803 3061 sua

95 3095 156 3151 iiii.
173 3093 579 3152 animumanimumum:
595 3098 682 3169 Super
693 3101 782 3155 tribua
796 3101 926 3172 impieta·
980 3101 1010 3156 in
1026 3099 1133 3172 quihus
1161 3098 1322 3164 dormiunt,
1349 3097 1393 3152 vel
1421 3097 1449 3151 in
1478 3096 1587 3168 quihus
1609 3093 1801 3162 tornicantur,

97 3182 174 3238 tibus
189 3185 289 3252 lsrael,
306 3188 330 3239 et
345 3200 427 3255 super
441 3188 560 3256 quotuor
573 3202 629 3241 non
642 3188 843 3245 auusaboreos
866 3190 921 3261 (nt.
937 3176 959 3243 C
974 3190 1061 3261 Juxta
1074 3188 1165 3245 altare
1180 3187 1300 3254 funibus
1314 3186 1511 3252 extenderent,
1527 3188 1555 3241 et
1572 3184 1700 3239 lacerent
1714 3200 1801 3256 napa-

97 3272 195 3343 euml:
206 3288 256 3343 pro
270 3274 383 3344 eoquod
397 3273 549 3329 vendiderit
559 3278 671 3342 arpenta
681 3284 800 3347 pastum,
816 3287 842 3335 et
854 3296 926 3350 puu-
979 3277 1145 3350 πετάσματα,
1155 3276 1184 3332 id
1199 3282 1244 3332 est
1258 3277 1466 3346 uetamino,quo
1484 3272 1661 3328 fornicantes
1676 3271 1705 3327 iu
1716 3272 1801 3327 Tem-

97 3376 197 3433 pereni
204 3369 316 3431 propter
329 3361 518 3425 mleiamentm
534 3379 593 3433 aaa
608 3364 713 3420 citrini
735 3376 818 3438 super
834 3369 926 3439 palae·
980 3367 1028 3440 plo
1045 3366 1143 3421 nullos
1155 3366 1284 3437 aspicere
1300 3367 1416 3436 posset:
1447 3367 1477 3417 et
1495 3360 1628 3416 ebrietati
1641 3365 1671 3415 et
1685 3358 1802 3415 libidini

100 3463 163 3504 rem
176 3450 250 3505 m
268 3453 370 3507 terrie:
381 3450 550 3521 et(hlpupno
565 3452 750 3523 permittebant
761 3457 927 3527 capitopau·
981 3455 1140 3510 servientes
1155 3454 1242 3508 etiam
1260 3453 1356 3523 ipsum
1373 3450 1471 3503 vinum
1488 3448 1566 3518 quod
1587 3445 1727 3511 bihelant,
1745 3462 1802 3502 non

97 3538 495 3610 panimetuiamliiimi'tt'um
508 3539 694 3606 declinabant,
710 3548 737 3596 et
752 3541 867 3611 fitiuset
879 3561 928 3616 po·
982 3542 1018 3598 de
1034 3541 1149 3614 proprio
1165 3539 1272 3608 labore,
1290 3538 1341 3594 sed
1357 3535 1513 3593 calumniis
1529 3538 1677 3590 emerent:
1707 3538 1736 3589 et
1750 3533 1805 3589 hoo

100 3627 216 3698 terejiis
231 3626 455 3696 inoredi'ebantur
465 3628 500 3683 od
514 3630 637 3684 eamdem
654 3631 785 3701 puellam,
795 3639 826 3687 ut
839 3641 930 3688 conta·
983 3630 1127 3686 iaciebant
1143 3629 1173 3683 in
1190 3630 1257 3683 lano
1286 3627 1332 3682 dei
1360 3626 1416 3688 sui,
1434 3621 1805 3695 utquosputabantdeos,

98 3715 246 3769 minarent
256 3730 355 3771 nomen
370 3716 421 3771 Dei
433 3717 496 3771 sui:
511 3720 537 3771 et
551 3718 710 3773 uestimenta
720 3734 771 3773 suo
785 3720 930 3791 ottipantei
983 3717 1164 3790 turpitudine
1178 3733 1212 3772 ac
1227 3713 1337 3785 stupris
1352 3712 1523 3785 polluerent.
1539 3716 1604 3765 llaec
1634 3709 1805 3782 loquuntur,

99 3802 230 3873 turribiis,
246 3804 385 3873 faciebant
413 3804 576 3860 umbracula
586 3805 671 3875 juata
684 3806 782 3874 attare,
793 3815 820 3863 et
833 3810 930 3864 uinum
984 3811 1012 3864 ot
1026 3807 1069 3862 sic
1082 3806 1256 3861 edisserunt.
1284 3803 1333 3876 qui
1352 3801 1517 3872 simplicem
1536 3803 1701 3870 sequuntur
1716 3797 1807 3854 histo-

99 3890 298 3947 &mamutii
310 3891 437 3947 bibebant
450 3893 480 3946 i'n
495 3892 572 3948 domo
586 3893 636 3948 Dei
649 3895 703 3950 ini.
720 3894 828 3953 Idcirco
848 3897 932 3969 pouit
984 3896 1069 3952 riam.
1086 3895 1268 3960 Nusautem,
1286 3891 1335 3961 qui
1352 3891 1467 3945 inlisas
1496 3888 1662 3954 docuimus,
1677 3887 1733 3942 sub
1755 3901 1808 3941 uo·

100 3977 301 4036 novissimum
318 3978 418 4042 lsrael,
432 3979 461 4035 id
478 3985 532 4048 est,
549 3981 647 4037 decern
669 3982 772 4054 trihus,
790 3986 929 4055 quoniam
985 3984 1064 4040 mine
1079 3982 1206 4048 lsraelis,
1222 3986 1250 4036 et
1265 3979 1413 4043 Samaria,
1429 3984 1457 4033 et
1472 3976 1620 4049 Ephraim,
1636 3980 1664 4032 et
1679 3973 1807 4031 tiliorum

101 4083 197 4142 prope
210 4069 310 4124 omnia
325 4085 390 4140 quie
405 4071 619 4141 sequuntur‚ad
631 4071 727 4142 ipsum
744 4073 931 4146 scriptapra·
983 4072 1091 4144 Joseph
1108 4069 1319 4142 (dequatrihu
1336 4067 1391 4123 luit
1420 4066 1586 4132 Jeroboam,
1603 4065 1653 4136 qui
1682 4079 1807 4136 sregno

101 4155 245 4226 diximus,
261 4161 294 4213 ut
308 4159 363 4213 sub
378 4174 436 4213 uno
452 4161 531 4212 textu
547 4173 644 4214 sermo
660 4161 850 4233 propheticus
864 4162 931 4218 lihri
985 4161 1074 4218 David
1091 4165 1120 4216 et
1131 4158 1306 4223 Jerusalem,
1322 4155 1470 4228 ettemplc
1485 4154 1535 4211 Dei
1551 4153 1693 4227 populum
1709 4169 1808 4225 segre·

100 4243 856 4319 ordinemcontineret.Primumorgoeorumscelus
876 4257 931 4318 est,
985 4249 1063 4323 gavit
1078 4249 1127 4320 [lll
1148 4251 1210 4318 lieu.
1239 4247 1313 4318 aul),
1342 4244 1493 4301 haereticos
1522 4242 1701 4317 significari:
1719 4241 1809 4296 etiam

100 4331 168 4391 nive
182 4332 329 4405 impietas,
345 4333 374 4388 in
390 4334 487 4389 trihus
500 4335 674 4391 criminibus
689 4345 871 4408 enumerata,
886 4339 931 4395 val
986 4355 1064 4394 nunc
1080 4341 1146 4410 post
1159 4336 1267 4392 iudam
1284 4340 1313 4390 el
1326 4334 1499 4398 ierusalem,
1517 4348 1581 4403 quie
1600 4331 1810 4401 interpretatur

99 4422 449 4495 quatuor,quodpropter
463 4423 616 4494 pecuniam
632 4424 781 4482 hominem
797 4429 932 4484 vendids·
987 4423 1368 4497 Ecclesiaintelligamusad
1382 4421 1532 4477 hereticos
1547 4433 1712 4475 sermonem
1722 4415 1810 4488 dirigi

100 4508 175 4577 rint,
192 4512 221 4564 et
234 4509 384 4567 hominem
408 4512 536 4582 justum,
551 4513 601 4583 qui
632 4513 659 4566 in
677 4529 709 4568 eo
731 4515 969 4599 admirabiliorp
986 4515 1200 4589 propheticum,
1216 4513 1267 4585 qui
1281 4511 1516 4567 venduntvirum
1532 4511 1668 4563 sanctum
1679 4507 1810 4577 justum·

98 4603 161 4667 est,
178 4600 256 4670 quod
270 4615 322 4655 neo
337 4602 508 4672 paupertate
523 4605 680 4671 superatus
695 4606 785 4669 estut
797 4602 931 4675 iniquum
988 4620 1055 4677 que.
1072 4603 1122 4660 sed
1138 4617 1305 4675 pauperem,
1323 4616 1374 4671 pro
1387 4597 1520 4670 pecunia.
1530 4595 1582 4650 Vir
1592 4609 1702 4667 pauper
1714 4593 1812 4664 etjus·

99 4686 221 4761 aliquid
239 4687 362 4745 laceret:
380 4694 408 4743 et
422 4688 448 4744 si
464 4688 582 4759 quidem
598 4705 756 4760 pauperem
767 4690 883 4761 justum
896 4692 935 4747 la·
988 4691 1098 4759 tus,ille
1113 4696 1157 4746 ast
1171 4687 1398 4757 ecclesiasticus,
1416 4685 1465 4758 qui
1483 4702 1541 4740 nou
1556 4683 1646 4739 habat
1660 4681 1811 4739 scientiam

96 4776 164 4835 mis
180 4775 354 4833 necessitate
366 4775 511 4849 compulsi
526 4777 618 4848 pretio
633 4777 841 4846 vendidissent,
857 4785 936 4837 esset
988 4777 1268 4852 scripturarum,sed
1282 4774 1470 4846 simplicitate
1484 4769 1721 4837 contentus,lacit
1732 4785 1813 4825 man·

96 4864 210 4938 aliqua
224 4863 342 4921 sceleris
356 4865 503 4921 excusatio
516 4881 522 4919 :
539 4882 618 4921 nunc
634 4871 731 4921 autem
743 4883 794 4938 pro
809 4884 839 4923 re
854 4868 933 4925 vilis·
989 4870 1069 4935 data,
1082 4884 1147 4939 (μου
1157 4867 1243 4938 jussa
1258 4869 1337 4931 sunt,
1352 4864 1387 4920 de
1402 4879 1458 4934 quo
1474 4861 1617 4934 scriptum
1629 4863 1674 4916 est
1684 4876 1691 4915 ι
1703 4860 1814 4930 Pauper

141 5041 187 5167 (ag
200 5042 282 5107 Quod
296 5042 443 5100 Victor.ad
455 5041 584 5114 vulgatae
596 5043 747 5125 dumtaxat
758 5045 935 5117 exemplum,
1012 5045 1111 5100 uidem
1127 5043 1249 5099 suffecta
1263 5041 1375 5123 vocula,
1391 5057 1496 5096 sensus
1510 5043 1671 5122 utcumque
1687 5038 1811 5117 coastat.

97 5119 139 5174 ut
155 5130 164 5168 ι
191 5119 415 5196 emservaratur
442 5118 569 5186 tempus.
587 5119 756 5198 rescripsit,
770 5115 934 5197 decidium,
990 5063 1097 5198 ierom
1115 5116 1192 5197 quod
1209 5113 1318 5179 subdit,
1336 5116 1537 5194 utrumquem
1555 5111 1628 5181 Lege
1653 5106 1811 5181 prohiberi,

95 5183 364 5267 prodictinabant,
396 5202 473 5267 nunc
498 5202 533 5241 ex
561 5184 794 5267 Hieronymianis
819 5205 936 5262 quaqua
991 5204 1052 5245 sive
1068 5191 1100 5270 ut
1114 5186 1218 5268 iisdem
1230 5190 1274 5240 ast
1288 5200 1359 5265 mss.
1377 5200 1493 5267 qnorum
1524 5199 1554 5236 in
1580 5183 1649 5262 depe
1669 5183 1815 5249 utrumque

94 5272 185 5319 mss.
204 5270 385 5338 asserimus:
416 5274 445 5310 in
476 5273 602 5382 puerum
629 5273 692 5338 ¹uuo
717 5260 834 5325 (lietera,
850 5261 937 5332 paulo
992 5260 1162 5342 prohibetur,
1177 5258 1264 5339 idque
1281 5271 1376 5326 reipsa
1398 5257 1513 5336 pratert
1528 5254 1645 5335 hevitici
1660 5250 1750 5314 locus,
1763 5264 1814 5321 pro

95 5333 190 5408 post.
203 5327 346 5395 motarent,
362 5327 481 5409 cumVu
496 5333 563 5400 gata
579 5327 687 5399 legitur
701 5344 752 5399 pro
766 5329 936 5401 polluerent.
993 5332 1115 5386 diversis
1130 5344 1221 5398 accipi
1237 5323 1626 5406 debers,manilestoliquet,
1637 5338 1705 5405 oum
1715 5325 1814 5402 tamaii
1899 5345 1902 5355 ι

141 5398 185 5473 (b)
202 5396 319 5464 Vocem,
333 5416 434 5471 papiro,
450 5400 569 5485 (natare.
587 5415 643 5454 ms.
668 5404 938 5485 nonagnoscit3in
993 5400 1155 5484 econtrario
1171 5398 1218 5454 hio
1233 5414 1323 5452 unum
1353 5402 1440 5468 atque
1469 5389 1816 5465 rdemsrt,s1paterfilu

93 5474 211 5536 Graeco
226 5473 324 5527 tumea
339 5476 384 5527 est
398 5466 591 5538 ἐκονούλιζονε
609 5470 687 5542 quod
703 5475 757 5536 est,
766 5488 868 5543 popuii
880 5491 938 5532 oer-
994 5490 1040 5528 sui
1054 5487 1185 5536 oaorem,
1198 5475 1227 5525 et
1241 5485 1324 5524 socer
1339 5469 1451 5552 polluat
1479 5483 1598 5523 nurum.
1618 5463 1815 5532 Quamobrem
1878 5528 1882 5535 ,

93 5541 258 5610 herebant.
994 5543 1078 5600 tacite
1090 5541 1234 5599 assentiar
1247 5539 1373 5597 Viatono
1401 5538 1568 5617 corrigenti,
1583 5539 1615 5596 id
1638 5535 1713 5611 fitius
1726 5533 1819 5614 patrii

141 5615 184 5699 (c)
201 5611 395 5690 tntirsiruat,
411 5613 521 5691 quihus
536 5612 659 5693 utimur,
675 5629 760 5693 uiis„
774 5613 804 5678 id
816 5625 869 5692 eit.
884 5633 942 5697 qua
993 5617 1039 5681 tui
1051 5629 1179 5691 motem,
1193 5627 1279 5693 nair,
1293 5618 1349 5680 eto·
