3818 6104
148 304 211 381 119
768 308 800 369 S.
824 302 980 370 uusuutt
1003 300 1257 370 emanatus.
1791 296 1852 368 220

151 448 178 503 et
192 441 237 499 sni
251 447 280 501 et
292 441 404 512 uastat
419 457 510 500 amnes
524 439 596 514 flios
610 441 784 516 tauriacum
793 457 855 497 cum
867 441 917 510 ess,
925 441 975 513 ju·
989 437 1018 508 A
1031 441 1131 513 garita
1155 442 1320 516 dependant
1334 458 1341 498 :
1358 441 1399 500 ita
1421 439 1550 516 dignitas
1563 439 1684 516 reginei
1702 422 1850 512 judicum,

152 549 241 598 uenas,
257 534 365 600 electos,
381 532 470 599 duces,
486 534 512 588 el
533 532 720 604 magistratus,
734 547 826 587 omncs
841 532 974 599 trislatus,
1030 548 1094 604 qua
1109 531 1139 587 in
1154 526 1542 604 oreauribusquesignatur‚
1555 547 1658 587 eorum
1671 529 1853 604 gladioprse·

151 628 177 681 et
192 625 346 678 nominatos
356 624 508 692 equitantes
522 624 553 677 in
563 623 649 693 equis.
666 622 764 678 Cuncti
773 622 882 676 uenient
893 636 976 693 super
1030 621 1151 676 uidetur.
1169 621 1226 694 Ipsi
1244 619 1319 676 filins
1333 624 1400 676 tuos
1414 618 1532 676 attitiae
1547 624 1615 676 luas
1628 618 1852 691 capient'l'ues,

152 716 179 768 te
193 713 226 767 at
241 711 385 782 Aquilone,
394 726 493 766 currus
508 714 533 765 ct
548 720 628 779 rota,
642 710 719 766 m
731 726 792 764 cum
799 708 976 764 multitudine
1030 710 1136 782 inquit.
1152 715 1181 765 et
1195 717 1270 779 tuas,
1283 726 1342 766 non
1358 726 1439 765 meos
1452 713 1482 765 et
1496 725 1586 776 meas,
1601 706 1721 781 quiade
1735 706 1854 763 adulte·

150 800 323 875 populorum,
334 800 425 873 clypei
437 804 462 854 et
475 801 569 871 pelta,
580 807 606 854 et
619 801 727 854 mittent
736 798 886 853 custodiam
895 813 976 869 super
1031 800 1074 854 rie
1088 800 1218 871 generati
1242 803 1318 865 sunt,
1334 802 1363 853 et
1377 801 1481 853 catera
1503 797 1682 853 vorabuntur
1705 795 1853 852 incendio.

150 899 177 947 te
191 892 221 946 in
241 891 369 944 circuitu.
388 894 419 945 et
442 888 510 944 dabo
525 897 589 944 aute
603 888 705 960 faciem
725 903 818 942 corum
827 886 974 959 judicium,
1031 892 1066 944 ut
1080 887 1281 954 denudabunt,
1298 886 1404 958 inquit,
1421 891 1449 942 te
1464 885 1645 942 vestimentis
1659 884 1729 952 tuis,
1743 884 1854 956 quibus

150 987 176 1036 et
186 979 350 1051 judicabunt
367 982 392 1033 te
403 978 519 1050 fudiciis
534 979 603 1041 suis,
619 981 644 1032 et
659 977 727 1033 dolo
737 977 827 1031 actum
840 991 931 1031 mcum
945 977 976 1030 in
1029 981 1059 1032 te
1075 992 1258 1041 ornaveram,
1274 981 1302 1031 et
1316 975 1394 1031 vasis
1408 974 1507 1048 gloria
1521 979 1588 1042 tue,
1600 991 1664 1047 que
1680 973 1736 1030 tibi
1751 974 1788 1029 ad
1805 990 1854 1030 ce·

151 1073 187 1139 te,
203 1072 229 1124 et
242 1068 348 1140 facient
357 1069 443 1122 tetum
459 1069 489 1121 in
504 1068 549 1121 ira
558 1068 673 1137 furoris.
691 1067 793 1120 Nasum
804 1068 976 1119 tuametau-
1032 1064 1179 1122 remonias
1192 1063 1294 1137 templi
1311 1080 1400 1119 aurea
1425 1067 1619 1135 argenteaque
1638 1078 1852 1130 concesseram,

149 1173 191 1213 res
213 1165 274 1212 tuas
300 1154 439 1228 auferent,
457 1159 483 1209 et
508 1157 627 1225 reliquos
641 1165 702 1210 tuos
723 1154 815 1226 plodio
836 1153 974 1225 dejicient.
1031 1155 1190 1226 dequibus
1207 1155 1433 1224 scriptumest:
1451 1151 1754 1221 decantationem
1767 1156 1795 1207 et
1808 1168 1852 1207 ar·

150 1247 204 1318 lpsi
217 1244 294 1315 filios
316 1247 376 1300 tuos
391 1248 416 1298 et
441 1245 515 1313 fitius
529 1247 591 1299 tuas
607 1244 715 1312 tollent,
731 1247 757 1298 et
781 1243 903 1298 residuos
918 1251 976 1297 tuos
1029 1245 1189 1316 pontumal
1205 1243 1258 1315 ipsi
1271 1245 1396 1314 feceruut
1406 1258 1439 1297 aa
1454 1243 1521 1297 Boot
1536 1241 1609 1312 (Osee
1625 1258 1657 1306 11,
1670 1241 1709 1312 8).
1721 1240 1788 1295 Hac
1802 1257 1851 1296 au·

150 1332 289 1389 decorabit
320 1334 403 1401 inuis,
419 1340 444 1388 et
470 1332 647 1388 denudabunt
661 1337 687 1387 te
710 1333 865 1387 uestimento
879 1333 936 1400 tuo,
952 1339 977 1386 et
1030 1338 1090 1388 tam
1103 1330 1368 1395 omnialaeiam,ut
1381 1328 1719 1402 perditapulchritndine
1734 1327 1852 1385 elsultu

150 1429 288 1478 assument
301 1437 366 1476 uasa
378 1421 553 1490 gloriationis
568 1426 633 1490 tusc,
649 1426 675 1477 et
685 1424 807 1476 avertent
822 1421 976 1492 impietates
1030 1422 1157 1478 venefico
1172 1421 1226 1492 [tt.
1243 1419 1393 1490 veneficio]
1404 1418 1567 1491 deturpato,
1579 1417 1711 1490 quiescat
1722 1416 1853 1490 aliquan·

150 1517 211 1566 tuas
225 1527 242 1565 a
255 1513 289 1577 te,
303 1517 328 1565 et
353 1509 565 1580 fornicationem
586 1514 664 1565 tuam
677 1508 710 1564 de
725 1517 799 1565 terra
814 1510 936 1580 AEqqpti,
952 1509 977 1563 et
1031 1510 1067 1566 dn
1083 1509 1179 1566 scelus
1195 1512 1327 1579 tuum,et
1341 1506 1590 1578 fornicatioquam
1601 1505 1729 1563 didicisti
1738 1510 1767 1563 et
1776 1522 1854 1563 exer·

147 1613 204 1653 uon
215 1597 331 1654 curabis
354 1598 444 1653 oculos
465 1606 524 1673 tuos
539 1598 574 1653 ad
585 1613 642 1664 eos,
658 1606 684 1653 et
698 1600 798 1669 AEqyti
816 1613 873 1653 nou
886 1613 977 1652 recor·
1031 1600 1117 1656 cuisti
1130 1599 1288 1672 inAEgyptn
1301 1616 1307 1653 :
1318 1600 1513 1669 ulpostquam
1523 1611 1629 1652 nasum
1639 1612 1784 1668 auresque
1793 1612 1854 1668 per

147 1685 254 1742 tatere
280 1686 410 1758 amplius.
428 1685 500 1751 Ouia
513 1685 713 1759 AEgyptiarum
729 1685 862 1741 carnium
879 1700 974 1739 recor-
1030 1688 1152 1758 dideris,
1167 1703 1355 1759 nequaquam
1376 1686 1485 1741 audeas
1499 1685 1601 1741 oculos
1624 1689 1692 1741 tuos
1707 1683 1803 1741 levare
1818 1684 1851 1741 ad

148 1774 218 1830 data
232 1790 274 1841 es,
290 1778 319 1829 et
333 1773 448 1830 imitata
463 1774 678 1847 turpitudinem
694 1774 790 1847 gentis
804 1772 975 1839 immundae,
991 1810 1016 1876 B
1031 1776 1190 1844 Chaldaea,
1208 1780 1237 1831 et
1258 1775 1439 1831 amatoribus
1454 1773 1586 1846 pristinis
1601 1774 1757 1829 ostendere
1771 1772 1853 1829 tsedi-

149 1879 213 1936 qua
228 1863 362 1919 omnium
378 1862 539 1919 bestiarum
555 1861 714 1919 simulacra
724 1866 878 1919 veneratur
892 1879 898 1917 :
912 1878 976 1935 pro·
1032 1870 1122 1923 tatem
1137 1871 1219 1921 tuam
1236 1884 1242 1921 :
1259 1881 1312 1921 nec
1334 1862 1495 1920 recorderis
1510 1861 1638 1934 amplius
1653 1861 1854 1935 AEgyptiorum

148 1957 246 2026 pterea
256 1951 400 2006 adducam
409 1955 511 2007 contra
520 1956 548 2008 te
556 1956 704 2008 amatores
713 1957 920 2024 tuos,quorum
933 1967 977 2007 sa·
1033 1954 1175 2022 libidinis,
1191 1971 1317 2026 quorum
1328 1952 1528 2025 magnitudine
1543 1949 1676 2008 carnium
1691 1950 1854 2007 delectaba-

149 2041 221 2097 tiata
246 2039 410 2113 complexu,
427 2040 572 2097 recessisti
600 2041 636 2096 ab
660 2056 761 2096 eorum
790 2040 920 2096 laedere:
942 2043 974 2095 ul
1032 2044 1083 2100 ris.
1099 2044 1165 2108 Qun
1182 2043 1318 2099 universa
1332 2042 1471 2098 dicuntur
1485 2041 1540 2096 sub
1561 2039 1755 2096 translatione
1769 2039 1856 2096 adul·

149 2134 278 2203 quantus
289 2129 370 2202 prius
381 2146 463 2186 amor
477 2131 580 2198 lucrat,
593 2130 622 2184 in
636 2134 718 2185 tanta
728 2129 795 2185 odia
807 2129 974 2185 vertereris.
1032 2137 1110 2200 tere,
1125 2136 1153 2188 et
1168 2137 1286 2205 propter
1298 2130 1476 2187 adulterium
1499 2130 1660 2202 deturpata
1676 2145 1683 2183 ε
1697 2134 1732 2185 ut
1747 2145 1855 2202 nequa-

149 2218 248 2287 Filies,
274 2219 405 2290 inquam,
431 2218 600 2290 Babylonis,
626 2235 787 2291 omnesque
815 2217 976 2284 Chaldaea,
1034 2238 1124 2295 quam
1140 2220 1217 2277 ultra
1231 2221 1373 2294 glorietur
1385 2219 1416 2274 in
1428 2220 1530 2275 decore
1545 2234 1619 2285 suo;
1636 2219 1688 2274 sed
1702 2219 1857 2275 erubescet

150 2306 273 2377 nobiles,
289 2311 429 2380 tyrannos
444 2312 472 2363 et
495 2307 641 2381 principes
655 2326 662 2375 ;
677 2325 728 2379 prn
744 2307 852 2379 quibus
877 2307 906 2362 in
922 2311 974 2362 He·
1033 2311 1062 2367 in
1079 2309 1217 2376 toeditate,
1229 2326 1318 2381 quam
1334 2307 1536 2381 magnitudine
1546 2304 1854 2379 meruituoluptatum.

150 2394 637 2484 braiaohabetur,rmcne(mpe)0a
647 2400 785 2468 sustula)
796 2400 825 2453 et
837 2395 991 2481 οῑπείῖψ),μ
1034 2398 1180 2471 Quidquid
1197 2399 1233 2454 de
1246 2397 1406 2455 Jerusalem
1420 2399 1560 2470 τροπικῶς
1575 2395 1694 2464 dicitur,
1706 2399 1737 2451 et
1750 2395 1787 2451 ad
1799 2395 1855 2451 ani·

150 2485 980 2559 quasmultigentesOrieutalesintelligunt,cumhujusce·
1034 2505 1113 2544 mam
1122 2488 1221 2544 reterri
1237 2490 1413 2560 potestque
1424 2484 1593 2551 virtutibus,
1604 2484 1652 2541 Dei
1665 2484 1772 2555 juncta
1781 2501 1856 2541 com·

152 2574 232 2631 modi
242 2574 373 2642 nomina,
382 2591 434 2630 nec
444 2575 473 2631 in
486 2575 820 2648 Regumvolumine‚nec
829 2576 858 2630 in
872 2573 977 2629 Parali·
1034 2578 1142 2652 plexui,
1153 2581 1255 2649 pastea
1269 2575 1444 2632 adulteravit
1452 2574 1482 2630 iu
1495 2573 1575 2641 vitia,
1588 2577 1617 2629 et
1629 2573 1754 2650 recessit
1765 2573 1802 2630 ab
1815 2590 1856 2645 ec,

150 2679 307 2738 pemenon,
320 2679 414 2734 neque
423 2663 452 2717 in
472 2664 738 2735 ieremiaquidem,
750 2662 800 2735 qui
809 2663 979 2719 describunt
1033 2671 1063 2722 et
1075 2666 1226 2738 patefactis
1239 2663 1384 2721 universis
1396 2662 1556 2720 sceleribus
1566 2663 1640 2734 ejus,
1657 2662 1860 2720 denudataest

151 2751 349 2824 captivitatem
360 2750 592 2819 ‚ierusalemaut
603 2752 633 2807 in
644 2753 742 2824 aliquo
753 2751 978 2823 locoScriptura
1034 2758 1121 2826 atque
1135 2759 1253 2826 turpata
1266 2757 1296 2809 et
1310 2756 1428 2809 ostensa
1442 2751 1591 2818 omnibus,
1607 2754 1640 2806 ut
1654 2751 1793 2808 ascalera
1807 2768 1858 2808 suc

152 2847 258 2895 sancta
269 2839 465 2894 inveniamus.
476 2838 532 2894 Nec
545 2839 663 2905 mirum,
676 2841 700 2895 si
711 2840 903 2912 Septuaginta
914 2839 979 2911 ipsa
1034 2840 1183 2913 aliquanto
1198 2841 1322 2898 desistat
1336 2857 1342 2896 :
1360 2856 1413 2896 nec
1425 2838 1565 2911 glorietur
1575 2838 1604 2894 in
1619 2839 1751 2895 nominis
1763 2839 1859 2911 digni·

151 2927 294 2984 Hebraica
310 2931 474 2998 posuerunt
484 2927 612 2996 nomina,
624 2944 692 2983 cum
706 2928 902 3001 Symmachus
910 2944 980 2999 quo·
1033 2932 1101 2999 tate,
1119 2931 1170 2986 sed
1181 2947 1233 3003 pro
1249 2929 1319 2986 mali
1332 2928 1509 2986 couscientia
1520 2932 1549 2984 et
1563 2927 1766 2985 recordatione
1776 2929 1859 3001 AEgy·

152 3013 977 3089 quset'l'haodctioineademverbaconsentiant.0mnes,
1033 3018 1087 3089 pti,
1099 3017 1198 3075 oculos
1213 3019 1290 3074 ultra
1305 3019 1340 3074 ad
1352 3017 1458 3074 coelum
1473 3033 1530 3073 nen
1539 3017 1646 3073 audeat
1657 3015 1770 3074 tollere.
1779 3017 1859 3073 Unde

153 3103 414 3178 inquit‚Assyrios,
425 3105 549 3177 equites,
560 3108 589 3161 et
600 3105 837 3175 juvenes,l0rma
850 3107 976 3178 egregia,
1033 3110 1062 3162 et
1076 3125 1166 3164 nasus
1181 3108 1207 3163 ei
1222 3106 1401 3180 preciditur,
1417 3111 1447 3162 et
1462 3122 1548 3162 aures
1573 3109 1776 3177 amputantur,
1791 3104 1859 3178 quia

152 3192 549 3266 ducesetmagistratus,sive
559 3196 770 3266 tristatas,quns
780 3196 977 3267 nosprincipes
993 3172 1014 3240 C
1033 3196 1152 3252 odorem
1169 3196 1246 3253 208
1262 3196 1344 3252 bonae
1360 3194 1526 3268 fragrantia
1537 3197 1666 3250 verterat
1679 3194 1710 3250 in
1725 3195 1858 3263 fetorem,

152 3284 311 3355 principum
319 3281 499 3354 interpretati
509 3282 671 3339 sumus.De
682 3282 790 3354 quibus
801 3288 829 3338 et
839 3284 868 3338 in
881 3285 977 3341 Exodo
1032 3289 1060 3339 et
1077 3285 1364 3355 audieratJudicium
1378 3282 1541 3356 sanguinis,
1553 3284 1631 3355 quod
1647 3281 1812 3339 neusciam
1823 3283 1860 3339 de

153 3371 279 3446 legimus
303 3371 402 3445 illaad.
429 3390 475 3439 xv,
491 3374 528 3442 l).
554 3373 656 3428 Eiectos
678 3388 833 3429 ascensores
857 3374 977 3428 tristatas
1034 3374 1123 3429 odore
1137 3379 1166 3430 et
1190 3374 1306 3442 auditu,
1324 3374 1373 3429 sed
1397 3374 1431 3429 de
1445 3372 1509 3428 visu
1524 3387 1641 3444 qunque
1655 3368 1858 3444 intelligimus,

153 3460 327 3536 (τριστάτας),
344 3477 395 3533 pre
421 3461 527 3533 quibus
552 3461 655 3517 Latina
678 3460 863 3532 simplicitas,
888 3466 977 3518 ternos
1033 3478 1102 3534 quo,
1118 3463 1187 3536 quia
1202 3463 1281 3519 male
1305 3463 1420 3519 fuerant
1434 3461 1528 3532 abusi,
1546 3461 1669 3518 Samson
1684 3464 1713 3517 et
1726 3459 1860 3517 sedecias

153 3550 976 3624 (a)statorestraastulit.Tristataeautemnnmenestapud
1032 3551 1194 3623 privantur.
1208 3549 1859 3623 Surdumquoqueiteusetmutumfecitllluod.

154 3639 279 3708 Grecos,
294 3639 416 3698 Secundi
439 3640 548 3713 gradus
563 3642 630 3712 post
655 3638 765 3710 regiam
792 3637 975 3711 dignitatem.
1031 3663 1070 3714 rv,
1088 3643 1132 3715 ll)
1149 3659 1156 3698 ι
1174 3658 1210 3697 ne
1227 3642 1439 3713 linguaecrum
1454 3640 1734 3711 pertranseatusque
1748 3637 1786 3692 ad
1800 3642 1859 3693 tar·

155 3727 195 3786 De
211 3728 319 3802 quibus
330 3728 471 3802 scripturn
483 3734 548 3785 est:
567 3729 756 3784 Verumtamen
764 3728 800 3783 ad
810 3736 863 3784 trcs
873 3732 977 3798 pru'mos
1031 3750 1106 3802 ram,
1115 3736 1143 3787 et
1157 3735 1255 3788 tactus
1271 3728 1368 3785 omnis
1387 3728 1536 3784 auferetur
1549 3726 1580 3782 in
1589 3725 1634 3782 his
1646 3723 1696 3797 qui
1711 3722 1802 3780 vitam
1814 3741 1865 3797 pe·

153 3836 210 3876 nors
220 3821 356 3891 peruenit,
367 3821 416 3892 aui
428 3820 567 3892 pumices
578 3819 701 3890 equitum
715 3817 890 3890 peditumque
900 3826 978 3874 munt
1031 3823 1112 3880 nitus
1125 3819 1322 3892 perdiderunt.
1336 3819 1369 3874 ut
1384 3818 1443 3874 hac
1459 3817 1540 3885 fient,
1550 3820 1583 3872 ut
1596 3814 1656 3890 igni
1665 3816 1773 3870 cuncta
1783 3831 1856 3887 pur-

155 3916 181 3964 et
204 3908 370 3964 tributorum
385 3907 439 3979 [Al.
464 3907 647 3978 tribunorum]
671 3906 694 3977 (1
707 3907 773 3962 Par.
798 3924 848 3976 arr,
866 3908 890 3962 ll
914 3909 975 3979 ileu.
1031 3915 1146 3987 gantur,
1164 3913 1192 3966 et
1214 3906 1435 3982 pereatAEggpti
1450 3904 1602 3964 fornicatio
1618 3921 1626 3960 :
1642 3903 1862 3961 necultraocu·

155 3995 256 4066 xxxiii)
271 4012 278 4050 :
295 4011 438 4066 quassos
451 3996 640 4068 magistratus
651 3995 805 4066 utriusque
821 3995 978 4065 militiae,et
1031 4000 1075 4057 los
1090 4015 1160 4056 suos
1178 3998 1214 4053 ad
1231 3996 1309 4052 mala
1325 3996 1418 4069 possit
1433 3994 1576 4052 attollere.

156 4083 305 4154 prateolus
321 4084 472 4140 annonarii
489 4081 568 4139 tituli
584 4084 781 4140 nominamus.
798 4085 916 4152 Omnes,
932 4087 977 4142 in·
1067 4090 1161 4160 (vers.
1185 4087 1220 4141 28
1245 4087 1340 4157 seqq.)
1368 4086 1422 4154 Qui
1444 4085 1501 4140 lieo
1525 4083 1591 4139 dicit
1610 4082 1742 4138 Dominus
1766 4081 1859 4136 Deru:

156 4169 229 4242 quit,
247 4169 278 4225 in
291 4171 425 4227 curribus
437 4176 465 4227 et
479 4171 509 4227 in
524 4171 617 4244 equis,
629 4171 719 4227 lorica
733 4174 849 4243 armati,
858 4173 940 4246 galea
950 4181 978 4232 et
1031 4180 1096 4234 Ecce
1110 4193 1158 4247 eqo
1175 4175 1282 4231 tradam
1298 4183 1324 4230 te
1339 4175 1369 4229 in
1383 4190 1481 4229 manus
1507 4188 1611 4238 camum,
1627 4185 1693 4244 quos
1707 4168 1792 4225 adult
1805 4188 1816 4225 :
1829 4170 1860 4225 ia

156 4257 266 4332 clypeo,
284 4259 461 4317 obsederunt
486 4264 514 4316 te
530 4276 583 4335 per
606 4259 772 4326 circuitum,
787 4266 816 4317 et
841 4263 916 4321 dabo
935 4264 978 4322 eis
1031 4264 1444 4335 manusdcquiiussatiataest
1458 4259 1668 4318 auimatua.lit
1680 4260 1764 4330 aqeut
1774 4265 1861 4314 tecum

157 4348 230 4406 net
245 4348 404 4421 judicium,
420 4354 452 4405 ut
463 4366 536 4422 quos
551 4348 721 4422 reliqueras,
733 4353 761 4405 et
771 4366 897 4422 quorum
912 4353 977 4409 irri-
1032 4357 1063 4412 in
1078 4356 1150 4422 odio,
1170 4362 1195 4409 ct
1210 4353 1305 4408 tollent
1324 4367 1416 4408 omues
1431 4350 1536 4407 labores
1552 4357 1620 4415 nias,
1635 4356 1662 4403 et
1685 4345 1824 4403 dimittent
1837 4349 1863 4402 lc

155 4439 218 4495 tum
234 4438 343 4495 ieceras
355 4443 484 4513 pactum,
496 4440 532 4495 ab
544 4437 736 4511 hisjudiceris
746 4458 755 4493 :
766 4445 794 4495 et
801 4441 978 4511 judicabunt
1031 4443 1144 4511 nudum,
1159 4450 1184 4498 et
1198 4441 1353 4513 miraminia
1365 4442 1485 4512 pieriam,
1501 4440 1538 4512 li)
1552 4441 1580 4494 et
1593 4433 1759 4493 revelabitur
1775 4436 1853 4506 iquo-

155 4531 185 4584 te
195 4527 318 4600 judiciis
333 4528 396 4585 suis
414 4529 502 4600 «quasi
517 4528 691 4584 adulteram.
703 4531 736 4584 ut
749 4544 860 4599 ponam,
874 4530 979 4604 iuquit,
996 4542 1019 4607 [f
1033 4533 1123 4588 mirsia
1137 4531 1352 4603 fornicationum
1365 4533 1486 4586 tuarum.
1498 4527 1591 4583 Scelus
1605 4533 1693 4592 tuum,
1704 4527 1732 4579 et
1742 4524 1864 4593 fornica·

155 4618 248 4674 uelum
262 4632 353 4674 meum
378 4618 409 4674 lu
424 4627 459 4687 te,
476 4633 554 4690 quem
577 4625 703 4673 enerceut
723 4625 810 4673 tecum
824 4621 854 4674 in
876 4621 983 4695 furore.
1038 4623 1126 4679 tiones
1140 4629 1193 4676 tua
1217 4621 1340 4690 fecerunt
1365 4618 1422 4674 lianc
1434 4619 1486 4673 titi
1499 4635 1508 4671 :
1523 4617 1589 4690 quia
1602 4615 1738 4687 fomicata
1761 4628 1791 4668 es
1804 4619 1865 4685 past

163 4705 249 4763 zelus
264 4704 342 4763 enim
359 4722 443 4763 meus
465 4710 510 4762 est
524 4704 723 4771 intermistae,
740 4704 806 4761 fidei
821 4707 909 4764 etiam
925 4728 984 4769 non
1039 4719 1139 4780 penus,
1153 4711 1227 4765 inter
1249 4724 1316 4780 quas
1333 4708 1440 4780 polluta
1460 4721 1488 4763 es
1502 4707 1532 4761 in
1548 4704 1630 4762 idolis
1651 4699 1806 4758 commta
1819 4701 1865 4757 uia

159 4799 289 4852 servatae.
306 4796 429 4862 Nasum,
443 4794 548 4867 inquit,
562 4799 647 4850 tuum
662 4796 691 4849 et
705 4809 791 4850 aures
806 4797 872 4853 tuas
887 4800 985 4869 praci—
1038 4801 1140 4856 sororis
1156 4801 1209 4853 tuae
1224 4798 1373 4853 ambulasti
1387 4814 1397 4852 :
1410 4800 1436 4852 et
1449 4795 1516 4851 dabo
1530 4795 1645 4851 calicem
1659 4792 1718 4865 ejus
1735 4792 1764 4846 in
1778 4805 1865 4845 manu

160 4883 241 4949 dent,
259 4886 343 4957 qnasi
359 4884 498 4942 adultera
519 4888 547 4940 et
560 4882 748 4956 deprehensa
763 4882 793 4938 in
809 4887 910 4958 stupra
928 4906 934 4944 :
952 4892 984 4944 ut
1038 4896 1096 4944 tua.
1112 4891 1180 4944 llaec
1194 4885 1262 4942 dicit
1285 4887 1418 4942 Dominus
1438 4885 1509 4941 ueus
1523 4901 1534 4939 :
1550 4881 1666 4938 Calicem
1688 4879 1792 4935 sororis
1808 4887 1862 4934 tue

165 4970 326 5029 delarmata
341 4975 455 5047 placere
467 4972 603 5029 desistas.
614 4971 764 5039 Quomodo
777 4973 856 5031 enim
870 4976 900 5031 in
912 4977 984 5034 lania
1039 4976 1112 5033 tiles
1117 4974 1291 5049 profundum
1298 4982 1325 5031 et
1337 4973 1435 5030 latum.
1444 4973 1506 5028 Eris
1517 4974 1547 5028 iu
1554 4969 1743 5027 derisumetiu
1750 4965 1867 5024 subsan-

160 5059 257 5114 omnis
271 5061 456 5131 pulchritudo
471 5062 530 5120 oris
544 5062 576 5119 in
587 5060 703 5118 narium
718 5062 821 5119 dacore
836 5065 981 5135 consistit,
1038 5068 1181 5122 nationem
1195 5081 1255 5137 qua
1269 5072 1309 5120 est
1321 5063 1503 5136 mpucissimo
1518 5080 1527 5118 :
1541 5061 1671 5118 ebrietate
1681 5063 1708 5115 et
1719 5055 1813 5113 dolare
1826 5071 1868 5112 re·

157 5149 186 5204 et
200 5144 230 5202 in
245 5148 376 5220 auribus,
393 5151 571 5225 equibusin
587 5149 704 5207 leminis
721 5150 843 5209 uniones
856 5156 884 5208 et
899 5170 980 5210 mar·
1036 5155 1167 5228 preterii,
1182 5159 1207 5211 et
1232 5154 1316 5210 calice
1338 5153 1499 5209 mmrorisct
1520 5150 1648 5217 tristitia,
1664 5146 1750 5203 calice
1762 5146 1868 5204 maru

176 5413 181 5423 υ
198 5339 470 5425 (anendoseatium
480 5347 664 5418 pnstVictorii
674 5348 907 5407 emendationem
914 5353 985 5408 Mar·
1076 5351 1113 5423 (i)
1129 5350 1210 5406 Hanc
1221 5348 1341 5405 alteram
1356 5331 1588 5420 hujusuemiculi
1601 5337 1872 5417 partem,etreuela·

160 5416 580 5544 ῑιαηωυεάιζθῐιᾳιιὲὶῑθἕναιοὲειξ,
597 5421 681 5545 qugd¹
692 5436 749 5545 upa
762 5423 890 5548 'secgndi
915 5428 986 5550 pferd
1041 5425 1114 5549 dilige
1134 5422 1289 5505 ignominia
1303 5421 1518 5548 [ονηῖοιῆὶὶἷηαηι
1531 5422 1745 5544 Wrffisquusss
1755 5408 1868 5537 rigat,

163 5498 985 5630 {timetaaattentatatitulant}
1039 5507 1437 5638 &statuitur-tat
1450 5497 1872 5627 attentantem

164 5637 232 5681 vero
249 5628 340 5684 nostri
356 5644 472 5703 quoque
486 5631 646 5704 praeterunt
659 5648 730 5690 mss.
1040 5638 1134 5706 sione,
1149 5641 1179 5696 et
1191 5636 1300 5695 Gracc.
