3818 6104
100 310 162 380 str
737 314 769 376 a.
792 309 949 376 sussen
970 310 1190 379 einnonem
1743 297 1806 375 ate

101 446 173 527 gom
182 435 297 517 luciam,
308 444 338 506 et
345 463 466 506 sensum
476 444 593 505 lectoris
601 444 760 504 obscurum
770 472 777 516 ;
787 444 925 504 dumom·
939 445 967 514 Α
1017 447 1111 520 (Vera,
1127 449 1154 518 t,
1168 448 1209 522 5.)
1225 451 1352 508 Finitimi
1366 448 1462 525 taiqar‘
1475 457 1500 508 te
1513 446 1734 523 aedificaverant,
1750 447 1805 503 tm·

102 536 255 597 nissimul
272 554 327 592 non
345 540 440 610 potest
455 540 552 593 mente
567 537 702 605 retinere,
728 535 872 609 praecipue
895 535 926 590 in
977 538 1355 610 pteuerurrtdecoremtrmm.
1378 541 1517 596 „ltietitor
1545 540 1579 594 de
1603 537 1687 594 Sorrir
1710 539 1807 593 retru-

102 626 212 702 quibus
227 628 263 683 ab
278 626 418 683 Hebraico
429 627 458 681 in
474 625 606 682 hocloco
622 624 688 683 Lxx
704 625 792 682 editio
817 626 925 682 discre·
979 632 1081 684 ceram
1097 632 1121 684 te
1135 645 1196 684 cam
1208 630 1333 686 omnibus
1344 629 1473 685 tabulatis
1482 628 1579 683 macris.
1590 625 1806 682 Cedrumdctr‘-

102 720 164 790 pat,
180 715 234 772 boc
248 719 302 782 est,
320 731 383 788 quc
399 715 575 787 addiderint,
591 731 690 787 quave
718 716 925 771 subtraxerint.
982 715 1052 773 hamo
1067 715 1203 788 tulerant,
1220 721 1249 773 at
1258 718 1446 790 [acerenttibi
1455 716 1612 788 melamtb)
1623 715 1743 788 Proque
1755 705 1830 771 ne·⁸

103 798 209 877 ltaque
224 808 326 860 nostra
339 804 450 862 snmus
466 805 704 878 interpretatione
732 802 869 872 contenti,
898 807 927 859 et
981 801 1041 859 scio
1057 803 1279 876 quidvolentes,
1296 804 1337 860 ita
1353 805 1422 860 Lxx
1440 803 1671 860 transtulerunt:
1701 802 1806 858 Bretim

103 892 198 952 sicubi
212 893 377 961 dissonant,
395 909 428 948 ex
438 892 526 949 latere
537 892 752 966 copulabimus,
769 893 927 966 perfectam
981 882 1036 964 filit
1050 894 1092 947 toi
1104 893 1346 950 circumdederant
1360 894 1413 950 titi
1427 894 1567 949 decorem:
1584 891 1681 948 cedrea
1707 892 1740 946 de
1756 890 1807 948 Sa—

103 980 237 1040 omnium
255 983 311 1037 Deo
324 981 362 1054 (a)
371 982 523 1038 scientiam
531 980 729 1053 reliquentes:
745 981 853 1051 etquid
873 997 927 1036 no·
981 982 1028 1037 mir
1046 980 1182 1038 :edificata
1197 987 1236 1039 eat
1251 983 1302 1039 titi
1311 1001 1320 1038 .·
1330 985 1425 1039 tenues
1441 982 1552 1039 tobeias
1572 980 1746 1055 cypressinas
1775 978 1809 1038 de

101 1053 150 1130 bis
157 1070 330 1128 videaturiu
339 1067 475 1144 singulis,
485 1071 610 1127 breviter
619 1070 853 1126 admonebimus.
874 1069 929 1133 Qui
982 1069 1086 1127 Libano
1099 1073 1231 1140 tuterunt,
1247 1075 1413 1142 adsererent
1428 1068 1727 1140 tibimntosatiepmor.
1744 1069 1809 1126 Ser-

104 1158 264 1234 plaugitur,
282 1159 379 1216 adbuc
395 1175 470 1216 curae
486 1160 593 1215 estcia
608 1175 666 1232 quo
677 1158 835 1232 plangitur.
847 1159 929 1215 Unde
981 1175 1030 1214 mo
1045 1159 1124 1215 enim
1139 1150 1254 1228 ieelim,
1269 1161 1300 1217 in
1315 1160 1370 1216 hoo
1381 1161 1527 1234 locoapud
1540 1159 1675 1215 Hebraeos
1687 1158 1808 1232 penitus

106 1252 137 1306 et
150 1248 268 1306 Samuel
283 1248 371 1305 flebat
396 1252 484 1321 atque
498 1248 655 1322 plangebat
680 1265 768 1321 super
796 1248 864 1305 Saul
893 1249 928 1321 (II
983 1263 1041 1304 non
1056 1248 1190 1316 habetur,
1206 1249 1257 1305 scd
1272 1267 1323 1322 pro
1338 1251 1443 1306 Baetim
1458 1249 1601 1321 scriptum
1613 1251 1808 1304 esteasumuc

106 1341 173 1408 sec.
190 1346 247 1408 xv).
264 1341 297 1392 ut
313 1336 463 1409 apostolus
478 1337 587 1394 Paulus
602 1337 780 1394 lamentatur
796 1341 825 1394 et
849 1337 930 1410 luget
983 1321 1112 1424 (pltat),
1128 1338 1205 1409 quod
1221 1337 1507 1410 siguificattermtnor
1519 1344 1588 1394 taor.
1601 1337 1632 1392 lu
1644 1352 1678 1392 eo
1690 1350 1809 1408 quoque

106 1420 196 1500 taper
210 1426 257 1483 his
273 1426 322 1499 qui
338 1426 471 1483 fornicati
487 1431 599 1483 suntet
614 1443 670 1483 non
691 1432 814 1501 egerunt
837 1428 928 1501 praui·
983 1426 1061 1499 quod
1077 1427 1222 1491 diluerunt,
1239 1427 1295 1496 filit
1308 1429 1360 1495 toi,
1375 1426 1454 1483 verbi
1476 1425 1667 1499 ambiguitate
1695 1422 1808 1497 decepti

27 1564 32 1573 ,
105 1513 227 1571 tentiam
242 1516 278 1588 (ll
290 1515 351 1572 Cor.
362 1516 424 1588 nn).
435 1517 470 1573 Et
479 1517 620 1572 ieremias
632 1517 867 1572 Lamentationes
883 1534 930 1573 su·
983 1519 1064 1580 suut,
1080 1515 1267 1588 etsoripturae
1279 1515 1557 1584 similitudine,dum
1569 1512 1809 1587 pronuntiatione

104 1598 484 1678 pereversio'neterusalem
497 1610 623 1677 quatuor
633 1605 734 1661 scribit
752 1604 928 1678 alphabetis.
983 1603 1097 1660 diversa
1111 1606 1219 1661 eaedem
1235 1604 1347 1671 litters,
1369 1608 1618 1671 comentariorum,
1645 1604 1680 1677 (c)
1695 1613 1720 1660 et
1735 1603 1809 1675 fitio-

106 1695 225 1756 liabitat
235 1711 315 1769 ergo,
323 1694 555 1767 juxtalitterum,
571 1695 673 1768 Tyrus,
681 1695 741 1751 sive
756 1695 819 1762 Sor,
835 1695 865 1752 in
887 1695 929 1750 iu·
983 1695 1580 1782 ramuouarcnetnruarcnflmzlleguntur.
1593 1694 1615 1750 0
1626 1692 1808 1768 igiturTyre,

105 1783 196 1842 troitu
211 1785 320 1842 maris:
337 1783 381 1838 vel
394 1783 472 1855 quod
485 1777 566 1856 prius
581 1783 679 1839 insula
691 1783 755 1856 tuit,
780 1786 824 1840 rel
851 1784 928 1857 quod
945 1817 969 1883 B
985 1799 1048 1855 quae
1068 1782 1166 1839 dixisti
1196 1801 1247 1856 per
1262 1785 1444 1856 superbiam,
1463 1784 1585 1840 Perfecti
1616 1781 1728 1840 decoris
1754 1798 1809 1855 ego

108 1879 196 1951 portu
211 1873 360 1929 tutissimo
375 1872 411 1927 de
426 1871 483 1928 alto
499 1872 648 1929 venientes
665 1873 767 1946 recipit
782 1890 880 1942 naves,
904 1877 932 1929 et
986 1887 1064 1943 sum,
1076 1871 1135 1927 sive
1143 1887 1195 1945 ego
1205 1872 1339 1928 decorem
1364 1871 1437 1928 mihi
1461 1872 1651 1940 circumdedi,
1677 1889 1745 1928 cnm
1766 1870 1810 1928 sis

108 1966 153 2020 est
167 1962 324 2036 negotiatio
337 1960 511 2034 populorum
522 1962 559 2017 ad
569 1961 811 2030 insulasmuttas,
823 1963 883 2019 eive
896 1963 933 2017 dc
987 1959 1043 2016 sita
1058 1959 1088 2015 in
1104 1961 1200 2016 medio
1216 1961 1300 2028 mari,
1313 1963 1381 2017 audi
1396 1967 1506 2035 quanta
1521 1961 1573 2018 tibi
1598 1961 1648 2018 Dei
1673 1960 1811 2036 largitate

107 2050 214 2108 insulis
222 2049 420 2116 multisouod
432 2050 548 2122 quidem
560 2050 747 2123 usquehodie
756 2055 931 2124 perseverat,
987 2047 1093 2106 collata
1108 2049 1176 2106 sint.
1187 2049 1317 2106 Finitimi
1328 2055 1357 2106 et
1367 2050 1542 2107 contermini
1554 2050 1609 2118 tui,
1622 2049 1672 2122 qui
1699 2067 1757 2106 uon
1773 2048 1812 2129 d'e

109 2143 142 2197 ut
155 2140 289 2196 omnium
303 2139 515 2213 propemodum
527 2140 659 2213 gentium
673 2139 703 2197 iu
718 2139 768 2196 illa
779 2157 931 2197 exercean-
987 2138 1168 2212 longinquis,
1186 2140 1236 2196 sed
1251 2141 1287 2195 de
1297 2139 1400 2196 vicinis
1415 2144 1485 2196 sunt
1494 2139 1673 2213 regionibus,
1684 2137 1742 2212 ipsi
1752 2130 1812 2194 iiii-

110 2223 487 2301 turcommercia.Coeptam
499 2231 595 2284 autem
607 2227 875 2302 interpretationem
887 2247 931 2286 se·
987 2227 1140 2301 piaverunt
1154 2229 1287 2285 decorem
1302 2232 1398 2296 tuum,
1414 2234 1441 2285 et
1462 2234 1494 2284 tu
1524 2232 1611 2301 putes
1632 2231 1718 2284 tuum
1743 2244 1812 2285 esse

109 2321 241 2389 quantes,
259 2317 403 2390 quidquid
419 2317 454 2373 de
469 2319 543 2391 Tyro
558 2317 675 2386 dicitur,
704 2319 866 2375 reseramus
896 2321 932 2376 ad
988 2317 1065 2389 quod
1084 2316 1213 2373 alienum
1236 2317 1304 2373 est?
1324 2320 1358 2373 ut
1376 2317 1506 2391 loquitur
1534 2317 1618 2390 quasi
1642 2317 1680 2373 od
1705 2333 1811 2374 navem

109 2407 241 2482 συνοχῆν,
252 2406 282 2463 id
297 2409 350 2465 est,
365 2409 512 2477 caperetur
528 2407 615 2464 istius
630 2408 837 2480 mundi,quiin
849 2408 932 2464 mali·
986 2408 1135 2482 τροπικῶς,
1153 2405 1234 2462 urbis
1250 2406 1419 2479 significans
1430 2404 1689 2478 pulchritudinem,
1706 2410 1736 2462 et
1763 2422 1813 2462 re·

108 2510 166 2573 gno
190 2497 305 2570 positus
323 2500 377 2563 est,
393 2501 422 2552 ct
449 2495 537 2552 variis
560 2497 829 2570 perturbationibus
851 2499 933 2569 quasi
988 2494 1193 2551 rumomnium
1207 2496 1630 2569 abundantiam,utpostquam
1644 2493 1813 2552 universam

110 2584 249 2642 ductibus
259 2590 424 2642 coarctatur
438 2590 527 2657 atquc
542 2587 714 2658 percutitur.
733 2586 773 2643 Dc
796 2585 933 2658 hujusce·
987 2582 1067 2640 illius
1090 2583 1320 2657 suppellectilem
1348 2584 1545 2657 descripserit,
1576 2583 1698 2653 malum,
1729 2588 1815 2642 ante·

110 2674 192 2732 modi
206 2674 437 2748 negotiatoribus
452 2679 479 2730 et
492 2674 521 2729 in
536 2673 650 2746 psalmo
662 2675 785 2748 mystico
800 2692 935 2733 sermone
989 2689 1084 2742 mnas,
1102 2672 1177 2731 ³05
1195 2691 1301 2746 remos,
1317 2673 1390 2742 vela,
1406 2691 1535 2746 prorem,
1546 2673 1688 2746 carinam,
1716 2672 1814 2744 tunes,

110 2767 248 2821 narratur
264 2781 270 2818 :
287 2750 340 2832 Qut
353 2762 517 2818 descendant
530 2779 607 2817 mme
621 2766 651 2818 in
667 2764 792 2832 acuitas,
803 2767 934 2835 foetentes
988 2763 1144 2835 opertoria,
1161 2760 1261 2835 pelles,
1277 2768 1305 2818 et
1317 2768 1421 2819 cetera
1435 2763 1544 2836 quibus
1559 2760 1677 2819 navium
1701 2762 1816 2838 optime

110 2853 281 2925 operationes
298 2855 328 2906 in
342 2851 537 2923 caesenatia,
551 2853 606 2922 ipsi
622 2850 751 2907 viderant
777 2868 859 2924 opera
881 2856 934 2910 Do·
989 2851 1202 2907 instructorum
1217 2868 1290 2908 usus
1305 2851 1433 2924 indiget:
1449 2855 1519 2908 tunc
1533 2855 1741 2924 tempestatem
1758 2842 1816 2921 illi,

111 2940 630 3012 mimi,etmiroiiltoejorimprofuado
645 2942 701 3009 (Pr.
719 2957 775 3008 cvr,
801 2941 845 3010 23,
875 2944 932 3016 24).
988 2944 1017 2995 et
1030 2945 1152 2996 ventum
1169 2934 1312 3012 austrum,
1325 2957 1382 3013 quo
1398 2940 1506 2997 lluctus
1516 2939 1635 2997 maximi
1648 2930 1816 2997 commove·

146 3029 241 3101 (Vers.
258 3029 297 3101 3.)
314 3029 333 3087 0
350 3029 429 3102 tyre,
445 3027 552 3099 dixisti,
571 3032 690 3102 Perfecit
703 3030 863 3100 decomeco
873 3048 935 3087 ram
989 3029 1109 3097 buntur,
1126 3030 1225 3086 venire
1239 3030 1401 3102 denuntiet,
1413 3036 1442 3086 et
1455 3047 1519 3086 eam
1531 3029 1683 3102 subjacere
1694 3031 1814 3087 neutra·

112 3119 183 3188 (sive
198 3116 495 3184 dixisti,dircumdedi
517 3119 590 3173 mitt
615 3134 662 3189 epo
692 3117 824 3192 decorem)
850 3124 875 3175 et
903 3121 933 3175 ire
989 3119 1047 3191 gio.
1063 3118 1117 3174 Per
1133 3136 1196 3191 quae
1213 3117 1358 3192 significat
1373 3119 1455 3175 urbia
1477 3119 1566 3193 Tyriae
1591 3118 1772 3176 eversionem
1797 3137 1816 3175 a

111 3207 191 3266 corde
205 3208 293 3262 moris
308 3208 373 3261 sito.
389 3205 519 3261 Primum
536 3207 646 3262 crimen
662 3210 706 3263 est
720 3208 797 3281 Tyri,
822 3209 932 3282 siquid
948 3185 969 3251 0
990 3222 1058 3279 rege
1068 3207 1346 3274 Nabuchodonosor,
1368 3207 1438 3275 sive,
1464 3211 1496 3264 ut
1524 3206 1609 3263 multi
1633 3210 1752 3281 putant,
1777 3207 1818 3264 ab

109 3295 225 3353 videtur
240 3295 346 3351 habere
361 3294 441 3365 boni,
457 3311 514 3350 non
529 3294 579 3350 Dei
594 3302 707 3367 putare,
724 3298 773 3353 sed
790 3315 889 3369 suum,
905 3303 934 3354 et
987 3294 1150 3352 Alexandro
1180 3312 1246 3369 rege
1273 3295 1475 3363 Macedonum,
1504 3296 1555 3368 qui
1582 3313 1633 3353 sex
1658 3292 1813 3354 mensibus

110 3374 189 3444 CM
203 3400 321 3440 omnem
337 3383 599 3457 pulchritudinem,
616 3402 679 3457 quae
696 3385 787 3442 illido
811 3386 933 3443 diversis
987 3383 1083 3457 ipsam
1100 3384 1205 3439 urbem
1215 3384 1375 3450 obsedisse,
1391 3388 1420 3440 et
1432 3384 1544 3457 cepisse
1559 3388 1705 3459 narratur,
1729 3390 1812 3460 post·

108 3476 189 3533 venit
202 3472 370 3548 regionibus
383 3472 506 3545 proprie
521 3472 665 3530 aetimare
680 3473 934 3548 diligentieeatque
989 3490 1055 3545 qam
1078 3473 1197 3529 Durium
1214 3471 1282 3528 vicit
1304 3473 1334 3528 in
1351 3473 1443 3546 Lycia.
1467 3473 1557 3530 Juxta
1582 3475 1720 3547 mysticos
1742 3468 1812 3532 vero

110 3560 238 3621 uirtutis.
257 3561 443 3618 Dixitenim:
459 3562 579 3635 Perfecit
592 3562 758 3633 decorirepo
785 3581 848 3620 sam
874 3565 934 3621 sire
987 3560 1165 3629 intellectus,
1185 3560 1330 3618 abietibus
1345 3562 1405 3618 sire
1420 3562 1515 3619 cedris
1544 3563 1580 3619 dc
1598 3563 1693 3631 Sauir,
1725 3563 1812 3622 navis

109 3667 157 3727 epo
171 3653 244 3709 miti
256 3651 425 3708 circumdedi
450 3652 583 3723 decorem,
614 3668 680 3708 cum
710 3651 749 3709 sit
776 3652 806 3709 in
836 3655 932 3724 corde,
987 3651 1079 3727 Tyriae
1103 3649 1236 3707 tabulata
1253 3651 1415 3722 caeduntur,
1446 3651 1555 3723 quibus
1582 3652 1688 3708 texitur
1718 3654 1812 3726 atque

109 3738 166 3801 hoc
177 3746 232 3809 est,
248 3741 382 3797 inmodio
397 3740 488 3796 maris
504 3739 570 3812 situ,
586 3744 615 3796 et
639 3742 722 3813 quasi
749 3742 846 3798 insula
875 3761 934 3799 mo-
987 3739 1196 3813 compingitur,
1209 3743 1237 3795 et
1252 3740 1337 3795 cedro
1349 3739 1408 3795 sive
1421 3740 1570 3814 cyparisso
1581 3739 1727 3798 deLibano
1741 3757 1809 3796 ma·

108 3817 220 3900 icatur,
230 3834 260 3886 et
273 3829 404 3896 fluctuet,
416 3833 446 3885 et
461 3829 608 3885 undarum
618 3829 795 3887 illisionibus
806 3832 932 3889 confrin·
986 3829 1034 3886 lus
1049 3830 1113 3901 ejus
1127 3829 1180 3901 :(d)
1196 3828 1341 3884 abietibus
1354 3829 1632 3901 propterlrevitstem
1644 3828 1695 3902 [rt.
1705 3827 1811 3886 levita-

112 3922 209 3995 gatur.
226 3917 308 3984 Quod
323 3919 421 3972 autem
434 3932 483 3971 cor
498 3917 599 3984 maris,
616 3919 746 3974 medium
776 3920 931 3994 significet,
986 3920 1282 3991 tem]juncturasque
1295 3916 1463 3973 tabularum
1483 3917 1601 3975 mollius
1631 3917 1758 3975 invicem
1780 3935 1814 3976 sc

112 4002 933 4078 etillepropheticussermodemonstrat:Proptereanon
986 4007 1151 4063 tenentium
1168 4011 1254 4079 atque
1275 4005 1488 4063 mordentium:
1519 4007 1580 4063 sive
1602 4008 1708 4075 cedris,
1728 4007 1811 4082 quod

109 4093 271 4151 timebimus
285 4092 520 4148 cumcomtortata
536 4094 720 4163 faeritterro,
748 4102 774 4151 et
800 4095 934 4152 translati
986 4094 1100 4169 lignum
1118 4093 1300 4167 imputribile
1315 4098 1372 4151 est.
1392 4099 1432 4151 De
1450 4094 1535 4152 Scmtr
1562 4100 1660 4152 autem
1689 4095 1811 4167 dicitur,

108 4184 212 4240 meere
226 4182 257 4237 im
271 4195 317 4237 eor
330 4181 426 4236 moris.
441 4180 597 4236 sonuerant
611 4183 637 4235 et
650 4182 838 4240 tartcmrant
852 4200 933 4256 epam
987 4185 1062 4258 quod
1080 4183 1290 4256 interpretatur
1304 4186 1350 4240 vio
1367 4182 1506 4255 tuomum
1522 4189 1573 4242 aut
1589 4190 1621 4241 ut
1644 4202 1697 4242 nos
1710 4185 1811 4243 verius

109 4287 206 4330 eorum
220 4271 276 4344 (Pr.
292 4286 356 4339 aar,
372 4271 399 4338 2,
418 4267 457 4340 3).
474 4269 531 4324 Sed
554 4275 583 4324 et
612 4270 751 4326 Dominus
773 4277 873 4329 noster
901 4273 930 4329 in
986 4271 1175 4342 arbitramur,
1191 4271 1257 4327 deas
1271 4273 1443 4344 cipiticmrm,
1461 4274 1583 4344 eoquod
1599 4274 1697 4331 omnis
1726 4274 1813 4333 naris
1862 4288 1865 4294 '

109 4362 197 4418 corde
211 4365 305 4428 terrm,
321 4358 376 4415 hoc
391 4361 444 4427 est,
457 4357 487 4412 in
502 4358 608 4429 medio,
625 4359 661 4414 ad
677 4359 731 4430 [At.
748 4365 776 4415 et
791 4361 839 4433 ad]
863 4361 931 4419 inte·
985 4360 1175 4436 prosperitas,
1191 4365 1220 4416 et
1232 4359 1388 4417 illustratio
1402 4360 1513 4419 venerit
1528 4378 1563 4417 ex
1588 4378 1656 4420 vero
1683 4362 1810 4420 lumine.

107 4456 157 4507 roe
171 4450 279 4506 dicitur
293 4446 490 4505 descendisse.
521 4446 596 4503 Vera
622 4452 721 4503 autem
750 4451 779 4504 et
805 4449 932 4521 perlecta
984 4451 1184 4507 Sauirautem
1199 4449 1813 4525 monsjuxtalitteramipseestquiatHer·

108 4537 298 4614 pulchritudo
312 4537 342 4593 in
358 4534 439 4592 nullo
454 4535 618 4609 homiuum,
634 4535 691 4592 uisi
707 4536 737 4593 in
753 4537 928 4594 Christicor·
943 4554 966 4620 Ι)
982 4556 1062 4610 mon,
1078 4554 1167 4612 quem
1182 4536 1232 4593 alii
1242 4543 1346 4594 vocant
1361 4537 1477 4595 Senior.
1495 4538 1569 4614 Lege
1584 4539 1746 4597 historiam.
1762 4541 1812 4597 Li-

78 4630 187 4703 ,pore
206 4627 284 4701 quod
308 4627 515 4698 interpretatur
544 4624 681 4695 Ecclesia,
709 4630 738 4682 et
765 4626 927 4684 multorum
985 4630 1071 4686 tremus
1087 4628 1295 4700 interpretatur
1319 4626 1431 4695 candor,
1462 4627 1521 4685 sive
1545 4627 1699 4687 dealbatio:
1727 4628 1811 4703 quod

106 4714 445 4774 sanctorumvirtutibus
469 4717 673 4787 congregatur.
700 4714 782 4771 Unde
811 4720 839 4770 et
867 4716 930 4790 ipse
983 4723 1013 4776 et
1026 4718 1125 4791 ipsum
1138 4717 1173 4772 ad
1189 4715 1313 4788 gratiam
1329 4716 1456 4789 pertinet
1485 4717 1603 4774 aliunde
1629 4716 1811 4776 venientem.

106 4802 242 4878 loquitur
255 4803 292 4860 ad
307 4802 927 4876 sponsam:Totopatctroeaproeimomeo,
1019 4806 1111 4877 (Vere.
1127 4807 1166 4874 6.)
1182 4806 1302 4874 (luerem
1325 4805 1358 4862 de
1381 4805 1472 4862 Rosam
1486 4805 1647 4864 detererem
1661 4808 1691 4863 in
1714 4800 1812 4865 remica

107 4898 136 4948 rt
150 4894 263 4950 macuta
276 4909 332 4949 coe
346 4899 386 4950 ert
400 4892 430 4948 im
444 4898 469 4948 te
478 4889 569 4962 (Cart.
583 4908 620 4960 1v,
636 4892 675 4962 7).
983 4903 1059 4952 taor:
1076 4899 1198 4950 transtro
1213 4898 1264 4950 tao
1276 4894 1401 4965 feceram
1416 4895 1468 4952 titi
1478 4912 1513 4951 err
1541 4896 1620 4952 ebore
1647 4894 1749 4966 indico,
1782 4898 1812 4953 et

111 5125 116 5133 ,
178 5068 217 5141 (a)
231 5069 277 5126 Sic
288 5059 397 5127 babent
405 5074 478 5196 post
491 5070 599 5127 Victor.
612 5084 813 5142 mssquoque
824 5073 925 5129 nostri.
981 5072 1079 5130 nonle
1123 5075 1155 5126 nt
1168 5071 1293 5144 primam
1310 5071 1434 5145 bonaich,
1452 5091 1515 5146 que
1528 5061 1731 5142 crememcrior,
1742 5070 1812 5145 sire

105 5136 295 5199 liertianaeus
343 5146 389 5197 ost

138 5211 179 5286 (d)
194 5210 248 5280 Qui
263 5184 316 5292 su⁷o
323 5157 395 5268 1ioco
403 5214 594 5286 subsequitur
607 5228 641 5268 ex
658 5211 729 5268 LXX
752 5213 926 5283 interpreta—
981 5232 1028 5273 ces
1043 5214 1169 5271 retinent
1180 5231 1264 5272 voces
1280 5233 1298 5272 a
1313 5215 1397 5271 nobis
1412 5216 1526 5287 editas;
1559 5218 1636 5274 unde
1651 5215 1814 5284 facilisest

100 5282 183 5353 tione
198 5280 424 5364 versiculushic
434 5300 552 5365 quoque
568 5287 687 5354 trustra,
712 5287 799 5356 atquo
814 5284 925 5342 incom-
980 5289 1159 5359 conjectura,
1176 5284 1258 5343 nulla
1273 5288 1475 5360 manuscripta
1496 5288 1674 5372 exemplaria
1701 5291 1810 5347 coutu-

102 5354 190 5411 modo
204 5355 240 5411 ad
252 5369 357 5410 serrem
369 5357 507 5410 orationis
516 5359 649 5428 respectu
661 5356 925 5428 ponebatur,quem
979 5357 1051 5415 lisse
1066 5375 1133 5413 mox
1147 5357 1251 5414 citatos
1266 5362 1398 5413 auctores
1414 5359 1450 5414 ad
1461 5358 1810 5419 restitutionemflebrtti·

101 5438 156 5482 nos
171 5425 207 5480 ad
223 5442 295 5481 mss.
313 5423 401 5479 iidem
416 5427 621 5500 expungimus,
638 5431 666 5482 et
685 5443 738 5481 suo
759 5427 848 5482 semel
863 5427 925 5484 loco
981 5446 1082 5486 corum
1093 5430 1260 5485 verborum.
1277 5429 1369 5486 Maur.

102 5511 300 5553 recensemus.
1015 5500 1054 5571 (d)
1070 5499 1191 5574 Supplet
1202 5501 1308 5569 Victor,
1326 5503 1522 5572 quorumdam
1536 5519 1671 5577 operosa.
1682 5503 1810 5562 verbum

139 5566 175 5638 (c)
189 5571 299 5638 tegunt
314 5565 403 5622 iidem
419 5565 544 5651 editores
559 5569 671 5651 Erasm.
689 5567 868 5654 ettMariau„
882 5586 925 5627 se·
981 5575 1111 5643 eripitur.

102 5636 232 5698 cundem
242 5653 340 5696 vocem
349 5636 473 5709 remae,
484 5655 547 5712 que
554 5636 696 5711 {iteratum
706 5639 862 5712 significat,
873 5641 923 5699 sed

427 5159 569 5208 rasmum‚
586 5142 760 5197 scatentium·
980 5143 1067 5215 edific
1097 5159 1156 5199 orer
1172 5147 1231 5199 tuos
1243 5148 1337 5201 sonat.
1349 5144 1491 5201 Distiucte
1506 5149 1604 5203 tamen
1623 5161 1695 5203 mss.
1724 5138 1810 5202 aodi-
