3818 6104
107 331 158 404 tu
358 336 730 410 COMMENTARIDRUM
748 342 788 408 ΙΝ
811 338 1059 409 denuntianti
1081 342 1155 410 un.
1178 341 1230 411 xt.
1247 343 1330 413 GAP.
1353 345 1490 415 xxxvl.
1607 279 1610 282 Ι
1744 341 1803 410 bii

105 478 131 532 ui
144 475 221 535 m
239 491 293 547 eat,
310 487 337 535 et
351 480 467 552 inpressi
479 487 544 535 sunt
557 479 592 535 ati
606 480 747 552 centenari
762 483 923 551 artasintro·
941 487 967 550 Α
982 480 1138 553 Perspicua
1151 488 1218 537 sunt
1230 499 1293 554 quoe
1303 483 1481 551 dicuntur,nt
1495 483 1590 540 omnis
1603 498 1708 540 seusus
1719 499 1802 539 mnn-

105 569 204 633 amm,
235 576 264 623 et
282 569 445 640 polluerunt
467 585 564 625 nomen
580 576 704 624 sonetum
735 585 836 635 meum,
867 585 928 624 cunt
981 569 1056 624 tium
1073 570 1170 637 Israel,
1187 573 1237 643 qui
1253 572 1335 644 prius
1350 574 1456 631 deserti
1472 574 1630 632 incrustat
1644 577 1745 645 postea
1757 589 1801 629 re·

104 653 286 709 licereturdc
312 656 352 710 eis
378 657 498 727 Populus
521 656 631 711 Domini
656 658 706 711 isle
729 660 779 725 est,
795 657 829 712 do
853 661 927 712 terra
982 658 1169 727 stituti‚nunc
1184 661 1370 718 manifestius
1386 662 1676 734 ponitur.Redditque
1698 679 1803 719 causas

102 741 157 813 ejus
171 745 359 812 earessisunl.
375 744 647 815 sepaparationem
666 760 724 799 meo
748 748 841 800 sancto
856 745 928 817 (sive
982 746 1060 802 Deus
1076 736 1165 819 quare
1180 749 1320 822 populum
1336 751 1424 807 Israel
1439 752 1597 824 captivitati
1607 752 1802 819 tradiderit,et

102 833 210 903 peperci
223 833 264 887 eis
278 836 389 903 propter
402 849 503 888 nonnae
518 849 608 889 raeum
622 834 758 905 sanctum)
775 834 846 905 quod
867 834 927 904 pol·
982 840 1100 907 propter
1116 853 1199 892 sunm
1213 837 1397 895 clementiam
1409 839 1562 912 pollicetur
1572 840 1803 897 reducturumse

103 921 212 978 luerent
231 920 327 976 donnus
342 922 425 976 lsrael
440 924 470 977 in
495 923 631 992 uentibus,
660 922 695 976 ool
718 939 785 993 quos
811 924 929 993 inpressi
982 939 1032 979 ens
1046 923 1075 979 in
1091 930 1199 980 terram
1215 926 1231 981 J
1236 929 1359 998 udaeam,
1376 933 1405 983 ct
1419 927 1662 1001 muitoamplinra
1675 929 1801 985 tributu·

100 1009 600 1081 runt.idcircoalieesdomailsruel,
625 1010 683 1065 baec
706 1010 771 1066 dicit
799 1012 929 1067 Dominus
982 1028 1164 1084 numquam
1183 1014 1352 1071 abstulerat.
1376 1017 1456 1080 Quod
1485 1017 1605 1088 quidam
1633 1017 1801 1073 ludaeorum

100 1099 173 1154 Deua
188 1116 195 1154 :
211 1100 270 1154 sion
284 1102 448 1169 propteroos
462 1101 636 1169 uaesaniam,
652 1099 747 1155 domas
766 1101 851 1155 lsrael
865 1100 929 1155 :sed
982 1101 1112 1158 reierunt
1124 1104 1159 1158 ud
1176 1103 1332 1160 zorobabel
1348 1109 1490 1178 tempora,
1508 1105 1715 1178 quando,Cyro
1734 1122 1802 1180 rege

96 1196 329 1259 propternomeu
357 1204 448 1243 ninum
472 1192 608 1253 sanetum,
638 1189 708 1258 quoii
731 1189 870 1258 polluistis
897 1191 926 1242 in
981 1189 1135 1246 Persarum
1152 1190 1265 1247 laxante
1290 1193 1489 1266 captivitatem
1517 1211 1629 1262 eorum,
1659 1195 1694 1249 dc
1722 1195 1802 1249 tribu

96 1276 278 1347 pentibusad
305 1293 374 1347 quas
401 1279 535 1331 aritrastis.
566 1279 597 1330 Et
625 1275 800 1347 sanctificabo
828 1292 928 1332 nornen
980 1277 1098 1345 ludant
1113 1280 1265 1351 BenJamin
1282 1280 1401 1352 plurimi
1413 1283 1525 1338 redacti
1541 1287 1611 1338 sunt
1626 1283 1655 1338 iu
1669 1283 1803 1339 Judaeam

95 1382 192 1441 meum
208 1381 342 1436 manum
353 1365 423 1435 quod
435 1365 573 1436 pollulum
587 1370 625 1421 est
645 1368 717 1420 inter
740 1368 840 1434 pontes,
857 1366 927 1437 quod
979 1367 1036 1422 Alii
1051 1369 1161 1424 verond
1171 1369 1533 1443 milleannnrumregnum
1544 1354 1803 1442 referuntquand'o

94 1455 240 1526 polluistis
256 1456 286 1507 in
297 1454 386 1509 medio
401 1469 507 1520 earum,
536 1463 566 1509 ut
589 1455 677 1509 sciant
706 1454 803 1525 (Vulg.
834 1453 924 1508 addit.
980 1456 1276 1529 subChristc,qucm
1292 1460 1803 1531 putantesseventurum,utcivitaa

94 1545 215 1614 pentes),
234 1544 590 1614 quineposumDominu-s,
606 1543 673 1597 dicit
701 1543 927 1598 Dominusener-
980 1549 1147 1601 exstruatur
1162 1546 1336 1613 Jerusalem,
1352 1552 1381 1603 et
1392 1549 1552 1605 aedificatur
1580 1549 1735 1621 templum,
1766 1550 1802 1605 da

94 1635 213 1700 dauni,
231 1648 294 1687 cum
304 1633 487 1702 sanctificatas
499 1636 579 1704 suero
598 1634 628 1686 iu
654 1632 727 1686 nobis
753 1648 846 1687 coram
873 1633 923 1687 eis.
1000 1651 1037 1690 uo
1049 1634 1077 1689 in
1089 1634 1192 1691 ultima
1204 1639 1284 1707 parte
1298 1636 1388 1707 hujus
1404 1637 1562 1710 prophetie
1577 1638 1683 1694 dicturi
1698 1653 1803 1695 sumus

95 1722 206 1778 Talium
223 1723 326 1793 quippe
338 1737 384 1776 uos
398 1721 430 1777 de
445 1722 582 1791 pentibus,
598 1728 623 1777 ot
637 1721 804 1791 oonpreoabo
824 1720 923 1792 (Vulg.
980 1721 1204 1789 attulerimus
1230 1724 1369 1780 iudaicus
1398 1725 1511 1781 fabulas
1534 1725 1747 1798 relinquamus,
1776 1729 1805 1782 et

95 1812 178 1868 addit
193 1812 255 1881 aas)
271 1811 305 1867 ale
320 1812 459 1866 uniuersis
472 1814 554 1866 tamis
568 1815 594 1866 et
608 1810 744 1865 oalduoam
766 1825 811 1865 uos
826 1812 856 1864 in
871 1817 925 1864 ter·
980 1810 1213 1867 interminabiles
1228 1811 1423 1886 genealogias,
1447 1815 1532 1885 juxta
1560 1815 1802 1871 consuetudinem

96 1919 155 1958 ram
172 1905 311 1957 uestrum.
328 1891 360 1954 Et
374 1899 513 1971 effundam
528 1899 600 1971 (sive
615 1899 769 1971 osperpnm)
784 1916 867 1970 super
881 1915 926 1953 uos
941 1856 965 1921 B
982 1903 1125 1968 nostram,
1139 1901 1264 1957 breviter
1277 1903 1428 1977 περικοπὴν
1445 1903 1536 1974 hujus
1566 1903 1687 1976 capituli
1703 1919 1805 1976 percu·

98 2007 200 2064 aquam
215 1989 391 2058 mundanaet
404 1988 609 2043 mundabimini
622 1989 656 2043 ab
664 1987 789 2043 munibus
800 1990 928 2059 inquina-
982 2005 1093 2058 ramus,
1109 1994 1137 2046 ct
1150 1990 1220 2061 quid
1237 1990 1322 2046 nobis
1333 1991 1559 2062 rideatur,juxta
1577 1991 1802 2048 ecclesiasticam

100 2081 200 2136 meritis
216 2080 328 2147 uestris,
344 2079 373 2132 ei
382 2082 416 2131 nb
430 2078 568 2132 uniuersis
582 2076 662 2131 idolis
678 2078 773 2131 uestris
790 2077 927 2132 mundabo
981 2077 1205 2150 intelligentiam
1216 2078 1408 2134 disseramus.
1426 2085 1535 2137 Domus
1552 2078 1649 2148 israel,
1675 2081 1729 2136 hoc
1748 2083 1803 2148 est,

101 2185 143 2225 aas
156 2173 184 2224 et
204 2167 277 2223 dabo
295 2167 368 2222 uobis
382 2180 430 2222 cor
446 2182 556 2227 nouum.
572 2169 596 2220 et
610 2167 740 2236 spiritum
753 2181 854 2221 nouum
878 2181 927 2236 po·
982 2166 1109 2237 populus
1119 2166 1135 2221 J
1140 2167 1290 2222 udaeorum
1301 2167 1444 2224 habitavit
1454 2169 1603 2240 quondam
1618 2169 1648 2225 in
1660 2174 1738 2225 terra
1750 2185 1805 2225 sua

101 2275 167 2313 anm
180 2259 213 2312 in
229 2255 320 2312 medio
335 2258 421 2310 nestri
436 2255 509 2324 (sive
525 2254 592 2310 dabo
603 2254 687 2325 nobis)
703 2263 728 2310 et
742 2255 868 2325 aularum
882 2269 928 2309 cor
980 2253 1461 2328 hoaest‚interraludaee,quando
1472 2257 1804 2330 eductacstdeAEgypto

107 2346 242 2418 lapideam
255 2344 288 2400 de
299 2361 385 2399 carne
397 2345 493 2411 vestra,
510 2347 536 2398 et
551 2344 620 2398 dubo
635 2344 710 2398 uobis
723 2359 771 2399 eor
785 2359 925 2398 carneum.
981 2342 1031 2398 aed
1041 2341 1803 2414 polluerunteaminviisetinstudiis,siveidaliasuis

109 2436 284 2506 Etspiritum
296 2448 503 2504 aecumponam
522 2432 654 2487 iamedio
676 2434 759 2487 uestri
774 2431 927 2502 (sivedabo
981 2430 1169 2487 etintantum
1187 2432 1321 2487 exstitere
1338 2431 1440 2503 polluti
1456 2440 1488 2487 ut
1516 2433 1712 2489 immunditia
1738 2451 1805 2489 mu·

105 2523 188 2590 robis)
201 2524 345 2594 etfaciam
360 2523 582 2593 utiupraceptis
595 2522 663 2577 meis
693 2521 766 2591 (sive
789 2520 926 2591 justifica·
981 2518 1060 2575 lieris
1072 2525 1258 2575 menstruatae
1269 2522 1428 2592 comparati
1438 2520 1715 2594 sint.Prcpterquod
1727 2522 1805 2577 Deus

105 2614 224 2668 tionibus
242 2611 321 2682 meis)
336 2611 493 2676 cumuletis,
508 2619 536 2665 et
550 2611 655 2678 iudicio
669 2626 730 2665 mea
757 2609 927 2681 ousmdialis,
981 2608 1084 2664 ctiudit
1097 2608 1328 2680 indignationem
1337 2625 1422 2664 suam
1431 2625 1520 2681 super
1534 2625 1649 2681 ens,pro
1661 2608 1804 2682 sanguine

106 2709 128 2757 et
139 2701 295 2773 operemini
308 2699 380 2771 (sive
394 2699 516 2770 sociatis)
531 2715 564 2754 eo
583 2698 681 2770 (Vulg.
711 2697 862 2768 tacetea).
891 2700 928 2752 Dt
982 2696 1805 2769 prophetarumatquejustorum‚quemfuderantsuper

106 2790 261 2845 habitabitis
277 2790 307 2843 in
322 2792 397 2843 terra
411 2804 493 2859 quom
508 2787 574 2842 aeoli
582 2788 706 2858 putribus
716 2788 836 2851 vestrim
850 2788 928 2841 eritis
980 2789 1100 2850 terram,
1116 2784 1230 2841 dicente
1253 2786 1282 2840 in
1298 2785 1454 2858 Evangelio
1466 2785 1627 2842 salvatore:
1639 2785 1804 2842 Jerusalem

107 2879 172 2935 mibi
182 2881 214 2934 in
228 2877 375 2950 populum,
391 2883 416 2931 et
426 2891 473 2947 epo
487 2891 532 2930 ero
547 2875 622 2931 vobis
636 2878 667 2930 in
682 2880 779 2930 Deam.
792 2878 827 2930 Et
841 2876 928 2930 saluos
980 2873 1220 2946 ierusalemquae
1233 2874 1341 2930 occidis
1355 2873 1677 2947 prophetas,etlnpidas
1692 2874 1805 2947 eosqui

105 2967 325 3039 maialsolauba
336 2966 391 3037 atos)
406 2967 508 3036 lucium
518 2980 551 3019 ea
563 2967 700 3020 uniuersis
711 2965 928 3037 inquinamentis
982 2963 1018 3018 ad
1035 2967 1063 3018 te
1078 2963 1162 3019 missi
1179 2968 1248 3018 sunt
1264 2963 1369 3032 (ilattb.
1384 2980 1467 3030 xxm,
1482 2949 1576 3035 37).Et
1590 2962 1697 3019 iterum
1718 2963 1804 3035 (Vens.

107 3057 171 3127 (sive
186 3055 374 3125 immunditia)
394 3055 490 3109 vestris
517 3057 543 3107 et
567 3053 664 3108 ooeobo
692 3056 872 3124 framentum,
902 3056 929 3106 et
981 3052 1039 3122 35):
1055 3054 1156 3113 Amen.
1174 3068 1259 3107 amen
1289 3052 1353 3107 dice
1369 3052 1451 3107 vobis
1468 3069 1475 3119 ;
1492 3051 1657 3124 requiretur
1684 3051 1806 3124 sanguis

108 3145 293 3218 multiplicabo
308 3144 347 3213 (a)
363 3142 444 3208 illud,
470 3149 496 3197 et
515 3158 570 3197 non
585 3143 726 3213 imponam
750 3141 821 3212 (sive
847 3141 927 3212 dabo)
982 3138 1033 3209 qui
1048 3139 1122 3194 Μ
1138 3139 1249 3193 effusus
1266 3143 1311 3193 cst
1330 3139 1545 3210 ngeneratinne
1561 3137 1616 3194 bac
1631 3155 1648 3193 a
1662 3139 1806 3212 sanguine

108 3236 173 3290 robis
186 3236 341 3304 samemet
354 3231 544 3302 multiplicabo
558 3230 681 3302 fructum
710 3229 789 3300 lr'pai,
805 3234 830 3284 et
848 3230 924 3300 peni-
941 3221 962 3287 C
981 3225 1051 3282 Abel
1063 3225 1148 3297 justi,
1166 3242 1259 3297 usque
1275 3227 1311 3281 ad
1326 3225 1497 3298 sanguinem
1513 3225 1657 3282 Zacharia
1673 3224 1725 3281 lilii
1745 3227 1803 3282 Ba·

108 3326 176 3378 nina
190 3323 260 3392 ouri
271 3328 303 3377 ut
314 3336 371 3375 non
383 3322 503 3391 portetis
519 3319 592 3374 ultro
606 3319 782 3389 opprobriam
796 3319 880 3389 samis
895 3319 926 3372 in
980 3314 1095 3385 rachiae,
1112 3330 1198 3386 quern
1215 3314 1381 3370 effuderunt
1394 3315 1469 3370 iuter
1484 3314 1575 3371 altare
1589 3319 1618 3370 et
1645 3314 1801 3388 templum.

109 3413 228 3480 nautibus
243 3413 276 3466 Et
291 3409 507 3464 recordabimini
520 3409 631 3462 viarum
659 3415 809 3463 uestrarum
837 3407 926 3477 pessi·
980 3398 1043 3459 Nou
1060 3404 1155 3458 scium
1172 3409 1270 3459 autem
1286 3403 1451 3459 effuderunt
1478 3403 1662 3476 sanguinem,
1693 3404 1743 3459 aed
1774 3406 1803 3459 et

107 3517 221 3567 aarum,
238 3499 444 3569 studiorumque
456 3513 511 3552 non
527 3497 668 3563 bonorum,
693 3504 719 3551 et
746 3495 927 3567 displicebant
981 3491 1149 3565 polluerunt
1178 3497 1285 3549 terram
1302 3492 1462 3548 sceleribus
1478 3493 1541 3547 suis
1556 3492 1592 3563 (11
1607 3492 1701 3547 Parni.
1712 3492 1801 3564 xxiv).

106 3593 173 3647 maa
190 3590 354 3661 iniquitates
370 3592 477 3656 vestra,
491 3588 517 3641 et
531 3586 635 3641 seelera
645 3584 801 3640 restraliou
815 3588 928 3656 propter
981 3582 1176 3647 Quamobrem
1190 3580 1328 3653 dispersit
1343 3598 1403 3648 ens,
1418 3579 1463 3635 vni
1479 3580 1533 3635 sub
1543 3578 1701 3649 Babylonia
1715 3578 1806 3652 capti·

104 3679 273 3750 monetam,
291 3679 330 3734 uit
346 3678 475 3731 Dominus
490 3675 569 3743 Deus,
585 3683 681 3729 notum
695 3675 732 3728 sil
746 3674 829 3729 nobis.
859 3675 929 3729 Cou-
980 3670 1078 3733 vitate,
1094 3669 1139 3725 vel
1154 3669 1209 3724 sub
1226 3671 1381 3725 Romana:
1399 3669 1516 3741 quando
1545 3683 1611 3723 vere
1639 3668 1805 3724 eliuderunt

97 3769 256 3836 [uidimiui
269 3771 296 3823 et
319 3766 453 3822 erubescit
462 3780 545 3835 super
554 3765 605 3818 uiis
618 3765 723 3830 uestris,
736 3762 830 3818 domus
844 3761 929 3816 lsrael
982 3759 1156 3832 sanguinem
1172 3757 1291 3822 Christi,
1304 3762 1333 3812 et
1344 3757 1474 3813 ventilati
1491 3760 1561 3812 sunt
1575 3755 1605 3810 in
1624 3760 1803 3827 terrasque·

103 3857 248 3913 Baecdicit
261 3857 394 3911 Dominus
409 3855 548 3909 Deuade
562 3853 607 3908 dio
622 3869 676 3922 oua
703 3850 928 3906 mandauerooos
982 3845 1172 3917 medopalen
1201 3844 1388 3911 ventilantur,
1414 3848 1443 3900 et
1465 3845 1551 3916 juxta
1578 3844 1640 3900 vias
1666 3861 1746 3912 suas,
1777 3846 1806 3901 et

107 3943 495 4014 eemunibusiaiquitatibus
516 3951 613 3998 uestras
639 3949 665 3996 et
691 3940 813 3995 babituri
840 3941 928 4011 fecero
981 3935 1163 3991 inventiones
1177 3934 1471 4007 pessimaandicati,
1487 3934 1527 3989 ita
1548 3937 1581 3989 ut
1607 3934 1637 3988 in
1665 3932 1805 4006 gentibus

108 4032 567 4099 urbeselimtauroueroruinosn,
584 4034 610 4085 et
625 4028 819 4085 terrodeserln
842 4027 929 4100 suerit
983 4041 1097 4097 qnoque
1112 4024 1147 4080 ad
1164 4040 1238 4095 quas
1252 4023 1357 4095 captivi
1373 4022 1453 4079 ducti
1482 4023 1607 4089 inerant,
1639 4021 1818 4095 polluerent*

101 4121 226 4191 exculta,
242 4137 300 4192 puae
314 4121 456 4192 quondam
470 4128 529 4175 erat
543 4119 666 4174 desolato
689 4119 720 4173 in
734 4117 819 4173 oculis
840 4117 928 4170 omnis
983 4130 1090 4171 nomen
1101 4119 1235 4170 sanctum
1246 4111 1662 4184 Deizeaqnndperirrisionem
1673 4110 1805 4167 dicerent

97 4212 228 4282 mauris,
243 4211 333 4266 dicent
348 4227 354 4265 :
375 4213 460 4264 Terra
470 4208 524 4264 illa
536 4208 641 4264 inculto
652 4206 724 4278 (sive
735 4206 930 4277 insertabam
982 4204 1124 4259 universa
1140 4202 1272 4259 nationes
1286 4217 1292 4256 :
1305 4202 1377 4257 Ecce
1392 4200 1518 4274 populus
1533 4200 1584 4256 Dei
1610 4200 1664 4256 iste
1679 4203 1733 4268 est,
1754 4199 1805 4272 qui

95 4286 880 4370 estulbertusuoluptatis,etcinitateslesertae,⁴2tt
903 4295 930 4347 et
983 4308 1015 4352 aa
1025 4292 1157 4364 jactabat
1173 4291 1289 4364 proprie
1305 4307 1391 4346 nosse
1405 4289 1518 4346 cultum
1535 4289 1597 4345 Dei.
1627 4287 1708 4351 Quod
1738 4304 1807 4344 cum

94 4389 241 4448 desttlulae
253 4392 337 4459 atque
353 4385 449 4459 (Vulg.
466 4385 651 4458 qaaecumque)
671 4384 795 4454 suffossae
812 4383 929 4437 munitae
983 4380 1136 4445 vidissem,
1152 4378 1201 4448 uit,
1219 4395 1277 4434 nnn
1293 4383 1411 4450 propter
1425 4393 1485 4444 ens,
1502 4377 1552 4433 sed
1568 4379 1807 4448 propternnmen

96 4478 243 4535 meraca.
258 4478 566 4547 Etscientoenlasouar
593 4473 732 4529 derelicta
757 4473 871 4543 suerunt
899 4472 928 4525 in
984 4486 1084 4526 mcum
1109 4473 1244 4524 sanctum
1261 4466 1389 4535 (Creator
1403 4466 1481 4521 enim
1503 4463 1635 4520 omnium
1651 4462 1729 4536 sum)
1758 4479 1807 4535 pe·

103 4568 221 4623 circuitu
234 4570 334 4632 uestro,
351 4567 416 4638 quia
430 4580 478 4635 opo
490 4564 621 4618 Dominus
634 4561 772 4630 aedificavi
786 4559 928 4632 dissipata,
945 4583 968 4648 D
984 4558 1128 4632 pernicis,
1144 4562 1173 4613 et
1188 4554 1366 4612 sanctificavi
1385 4553 1459 4619 illos,
1490 4555 1518 4608 et
1546 4550 1645 4623 glorie
1672 4551 1803 4624 pristinae

105 4657 131 4711 et
143 4656 270 4728 plantabi
285 4656 394 4710 incultu
410 4671 417 4709 ε
434 4669 483 4722 cao
497 4654 628 4708 Dominus
639 4653 743 4706 locutus
757 4651 820 4715 sim,
836 4656 863 4703 at
875 4649 931 4719 leae
985 4645 1111 4714 restitui,
1128 4645 1169 4700 ita
1186 4650 1219 4700 ut
1234 4660 1324 4715 super
1339 4642 1499 4707 credentes,
1520 4645 1548 4695 et
1576 4641 1612 4695 ab
1628 4634 1809 4695 errore'ccn·

112 4745 172 4800 rim.
189 4749 259 4802 Hier
273 4743 341 4799 elicit
355 4744 486 4798 Dominus
501 4742 583 4797 Deus:
600 4739 694 4795 Adime
706 4741 736 4794 iu
749 4740 798 4794 lina
812 4739 931 4793 inueniet
985 4735 1277 4803 versos,ed'underem
1291 4748 1399 4804 aquam
1416 4730 1556 4785 mundam
1574 4726 1716 4800 Baptiami
1731 4725 1809 4783 salu·

115 4849 153 4889 axe
166 4833 262 4891 domm
276 4832 362 4888 lsrael
377 4831 448 4903 (siae
461 4845 572 4901 quaerar
582 4827 782 4897 domuilsrael)
793 4829 932 4898 alsaciam
985 4825 1069 4894 turis,
1086 4828 1114 4877 et
1129 4823 1301 4877 mundarem
1317 4838 1367 4876 ecs
1383 4820 1419 4875 ab
1435 4816 1706 4874 abominationibus
1734 4816 1809 4884 suis,

115 4923 149 4977 eis
162 4923 259 4995 [Vulg.
276 4925 308 4977 ia
322 4919 573 4991 eis}.llultiplieaba
587 4934 630 4973 eos
644 4919 714 4971 sieut
727 4916 932 4987 prepembomi·
986 4916 1015 4970 et
1025 4914 1061 4968 ab
1078 4912 1223 4967 universis
1238 4911 1396 4980 erroribus,
1413 4908 1520 4981 quibus
1536 4908 1651 4962 luerunt
1677 4906 1811 4979 occupati

116 5013 256 5083 camisiae
273 5015 303 5067 ut
314 5027 377 5066 oues
396 5008 683 5079 bominesiutprepem
698 5008 823 5060 sarnetum
834 4994 934 5059 siveul
987 5010 1016 5058 et
1030 5002 1130 5057 darem
1145 5001 1187 5056 eis
1202 5017 1251 5055 cor
1271 5016 1388 5065 novum,
1410 5003 1443 5053 ut
1471 4997 1622 5053 crederent
1649 4995 1680 5052 in
1704 4995 1811 5053 Filium

117 5115 170 5157 mes
182 5104 302 5172 maetas)
318 5104 462 5170 utprepem
472 5098 542 5169 (sive
552 5095 622 5166 oues)
634 5095 789 5151 ierusalem
800 5096 829 5149 in
839 5094 934 5149 solem·
990 5091 1048 5159 Dei,
1063 5096 1091 5146 et
1106 5089 1242 5162 spiritum
1259 5088 1416 5155 norum,de
1432 5085 1541 5158 quibus
1556 5085 1648 5147 David
1665 5086 1811 5158 loquitur:

115 5191 242 5246 natalibus
255 5193 369 5262 ejussu
382 5190 463 5243 eruat
476 5187 598 5241 civitates
612 5184 834 5256 daserloeplonoe
844 5180 934 5252 propi·
989 5180 1043 5235 Cor
1056 5180 1200 5235 mundum
1217 5194 1283 5233 crea
1297 5176 1327 5232 in
1344 5176 1490 5243 me,Deus,
1503 5180 1531 5230 et
1546 5174 1684 5248 spiritum
1699 5179 1813 5231 reatum

115 5277 158 5336 las
172 5281 245 5349 (siva
255 5279 363 5350 ovibus)
373 5279 554 5348 bominum‚et
562 5277 648 5332 scient
657 5276 723 5345 quio
733 5289 784 5343 epo
793 5273 933 5328 Dominus.
989 5269 1095 5325 innova
1108 5269 1138 5323 in
1155 5266 1317 5322 visceribus
1334 5264 1408 5322 meis
1421 5265 1507 5334 (Psoi.
1526 5281 1551 5332 n,
1561 5265 1617 5337 21).
1634 5264 1669 5320 ut
1682 5262 1815 5319 conside·

144 5458 184 5541 (a)
199 5455 402 5530 seposuimus
416 5457 587 5526 frumentum
601 5467 638 5535 ne
654 5451 726 5506 dum
753 5469 770 5506 a
797 5449 935 5520 Victoria,
991 5446 1130 5527 posituim
1148 5442 1392 5527 liraltiplibabitur,
1407 5441 1513 5514 inquit.
1530 5443 1569 5496 eis
1581 5437 1815 5523 [rnamentumae

109 5544 158 5613 qui
174 5528 302 5602 Vulgata
319 5529 496 5598 liebraeoque
510 5530 589 5580 textu
606 5523 753 5578 nitebatur
777 5522 827 5576 scd
852 5520 935 5576 nVa-
992 5535 1042 5591 quo
1057 5518 1176 5588 estiatur
1190 5516 1303 5570 catastis
1315 5530 1408 5642 panes,
1425 5518 1449 5569 et
1465 5529 1519 5568 non
1533 5516 1676 5584 patrentur
1689 5511 1763 5566 ultro
1772 5512 1815 5583 se·

109 5606 157 5657 tac.
174 5617 295 5684 quoquc
311 5615 368 5656 ms.
385 5604 414 5654 et
428 5598 546 5653 Rabaac
563 5594 787 5650 admonitiiirat
798 5597 937 5664 praterea
992 5606 1062 5646 mem
1070 5588 1204 5644 sermonis
1215 5585 1311 5643 Doib'i
1335 5586 1471 5643 ilosecius
1482 5583 1815 5642 Murtiancumiirasmn

110 5674 307 5733 masticatum
322 5669 403 5728 ch.
418 5667 514 5725 Patria
533 5665 713 5740 expositione
742 5663 815 5721 iilud
846 5664 881 5721 ab
904 5679 937 5720 eo
993 5660 1256 5733 retinuitlruetum.
