3840 6098
56 357 116 426 ua
384 360 758 430 coausaraaroaoa
778 361 818 426 ra
840 359 1088 427 neronianae
1110 358 1185 426 ua
1208 364 1246 439 v,
1270 360 1356 428 aar.
1378 357 1459 430 xu.
1703 342 1771 426 rao*

55 495 289 555 existimabitur.
305 498 452 572 Quidquid
467 498 503 555 de
516 498 826 566 Jerusalemdiximus,
839 515 885 567 re·
898 499 927 565 A
941 504 1026 553 tuam.
1042 498 1075 552 st
1088 498 1207 553 ulciscar
1219 507 1244 555 le
1256 499 1359 556 ultione
1369 498 1558 556 odulmrarum
1571 507 1597 556 et
1619 495 1763 572 effundam·

56 584 205 642 ferturad
219 586 380 644 Ecclesiam
395 587 568 660 animasque
592 588 789 656 credentium,
820 603 884 659 que
938 587 1192 658 tiummnpuiuem,
1209 596 1237 644 et
1249 605 1350 661 ponam
1364 590 1432 644 lein
1447 590 1581 661 sanquine
1607 589 1713 660 suroris
1735 588 1764 644 et

57 691 184 731 munera
200 677 356 745 maritalia,
372 692 478 732 aurum
488 676 622 732 videlicet
631 677 662 731 in
677 692 777 744 sensu,
792 680 821 731 et
836 692 885 730 ar·
938 676 1002 745 reli,
1019 677 1160 732 eltrudem
1174 683 1200 733 te
1214 680 1245 733 m
1258 693 1481 736 mauuseorum:
1497 677 1678 751 elsuffodieut
1688 677 1765 750 lupa·

55 769 177 838 gentum
192 766 224 820 in
239 764 366 837 cloquio,
383 770 411 821 et
425 765 610 833 vestimenta,
633 766 742 838 quibus
769 765 885 820 sorditas
938 780 992 819 aar
1010 772 1097 836 tuum,
1113 766 1288 823 etdeatruent
1303 767 1395 824 basim
1409 771 1495 836 tuum,
1511 771 1537 824 et
1564 766 1711 822 nudabunt
1738 757 1777 822 ω’

54 859 157 911 nostra
171 870 208 910 ac
222 854 376 926 turpitudo
391 853 513 922 velatur,
530 856 601 910 dant
615 854 797 910 amatoribus
806 853 883 921 suis3
938 854 1106 910 vestimentis
1117 857 1182 922 tuis,
1194 860 1219 911 et
1231 855 1328 912 tollent
1340 873 1406 912 vasa
1415 856 1589 926 ploriutioaie
1599 864 1667 927 ture,
1682 862 1709 913 ct
1719 854 1765 911 de·

53 942 96 998 rel
113 942 520 1014 contrariisiortitudinibus,
537 942 581 999 vel
599 943 749 1015 magistris
765 943 884 1015 dogma·
937 942 1094 1013 relinquent
1102 952 1130 999 le
1137 944 1274 1001 redamet
1284 945 1398 1017 plenam
1405 947 1578 1016 ipraomiuioe,
1590 953 1616 1001 et
1626 944 1764 1001 adducent

51 1036 118 1088 tam
135 1047 355 1105 perversorum,
372 1032 490 1103 quando
514 1038 651 1088 asserunt
679 1031 752 1088 nibil
783 1047 885 1087 nocere
938 1033 1320 1102 supertemutriludirrem,et
1336 1034 1538 1105 lapidabuutte
1562 1033 1708 1104 lapidibus,
1738 1034 1765 1088 et

51 1119 214 1189 luxuriam,
227 1125 257 1176 et
272 1121 422 1192 passivam
435 1120 598 1187 libidinem,
606 1121 829 1192 juxtacorporis
840 1136 885 1191 ge
941 1120 1107 1176 truncabunt
1121 1127 1147 1178 te
1160 1122 1262 1191 pladite
1276 1125 1344 1179 suis.
1361 1125 1393 1179 lit
1411 1122 1572 1179 succenderat
1585 1122 1676 1178 domos
1702 1129 1765 1177 tuus

51 1209 164 1277 uitalia,
182 1210 296 1265 coitum
308 1209 437 1266 naturali
450 1208 512 1282 iege
523 1210 680 1282 deposcere
692 1226 698 1264 :
712 1209 885 1266 cibisomni-
940 1210 1009 1279 rani,
1025 1216 1051 1264 et
1067 1210 1170 1280 socient
1180 1213 1211 1266 iu
1224 1221 1251 1268 te
1263 1213 1380 1268 ultiones
1394 1228 1486 1268 coram
1496 1212 1660 1268 mulieribus
1672 1210 1765 1284 pluri-

50 1299 106 1355 bus
121 1297 330 1354 indifferenter
345 1299 499 1364 utendum,
516 1299 566 1370 qui
578 1300 613 1355 ad
625 1297 680 1354 boc
692 1299 759 1354 facti
770 1301 886 1366 sunt,ut
939 1298 1054 1352 mis:et
1068 1302 1466 1372 overtamteasomicotione‚
1482 1309 1508 1356 et
1522 1300 1659 1358 mercedes
1688 1300 1773 1356 ultra·

52 1391 226 1443 sumantur.
242 1386 436 1443 prudentiam
451 1387 480 1442 in
496 1393 657 1443 colentum
677 1387 884 1457 necessariam,
939 1386 1101 1442 mandabis:
1116 1390 1304 1444 etimmittom
1318 1392 1441 1460 furorem
1459 1405 1647 1462 meumauper
1674 1398 1709 1461 te,
1738 1396 1766 1445 et

51 1481 86 1531 ut
99 1476 157 1530 sibi
172 1475 289 1548 prosit3
304 1491 357 1531 nec
368 1475 518 1547 justitiam
533 1476 640 1533 babere
655 1476 762 1544 locum,
780 1493 843 1547 quea
859 1475 884 1531 si
939 1475 1083 1545 auferetur
1096 1476 1258 1532 metusmetus
1273 1495 1290 1533 a
1303 1482 1340 1548 te,
1356 1481 1381 1534 et
1395 1481 1574 1551 requiescam,
1589 1486 1616 1535 et
1635 1493 1691 1533 roe
1717 1491 1765 1534 ero

51 1564 884 1635 valeat,mendioandumait,etcaterabujuscemodi.0uae
940 1562 1015 1618 ultra
1026 1564 1336 1638 sollicitaeqatanones
1350 1567 1774 1640 recordaladieiiusautiaetuoe,

52 1654 205 1726 accipiens
221 1652 331 1708 misera
344 1653 516 1720 Jerusalem,
534 1655 563 1709 in
580 1653 721 1726 quavisio
731 1653 811 1726 pacis
820 1668 885 1709 esse
939 1654 1238 1710 eteontristabosmem
1253 1656 1296 1711 hie
1310 1657 1484 1714 omnibusbl
1499 1672 1557 1713 ecce
1569 1672 1617 1725 epo
1629 1657 1688 1712 uias
1699 1663 1763 1711 tuas

52 1743 183 1809 deberet,
200 1758 328 1798 acumen
340 1742 450 1815 ingenii
465 1746 494 1799 et
509 1742 616 1815 eloquii
627 1747 811 1800 venustatem
821 1759 879 1798 ver·
939 1741 968 1795 in
984 1745 1067 1812 caput
1080 1744 1159 1798 tuum
1169 1744 1238 1800 dabo
1248 1744 1427 1801 dreitAdouai
1436 1746 1567 1801 Dominus
1580 1744 1767 1816 3etsicseaieti

52 1833 86 1886 lit
99 1833 129 1886 in
146 1830 380 1902 turpitudinem.
396 1835 430 1886 at
445 1847 497 1903 pro
511 1831 693 1888 amatoribus
707 1832 770 1888 suis
786 1833 885 1888 adver·
902 1867 924 1932 B
939 1830 1118 1901 iniquitatem
1127 1848 1209 1903 cuper
1222 1835 1327 1889 cunetis
1342 1833 1537 1908 iniquitatibus
1551 1835 1617 1890 tuis.
1633 1832 1768 1890 Primum

52 1937 115 1976 aum
130 1919 282 1976 maritum
299 1924 403 1975 ornata
414 1920 557 1992 processit
577 1920 623 1976 bis
645 1920 837 1993 ornamentis,
854 1922 884 1976 in
943 1917 1647 1992 historiafundamentajacimusiluiabaecatille
1662 1921 1768 1990 iecisti,

54 2010 165 2080 quibus
180 2008 214 2063 in
242 2007 314 2064 boni
339 2008 544 2064 abusionema
570 2010 633 2065 viro
660 2009 754 2066 iuerat
774 2015 889 2066 ornata.
945 2018 1768 2093 queliusuperiorsermocomprehendibidcirooaudi,

51 2097 193 2169 Quodque
210 2097 367 2168 sequitur:
383 2098 416 2152 Et
429 2097 552 2153 donabas
566 2101 607 2154 eis
629 2107 659 2154 ut
689 2100 827 2154 intrarent
855 2099 890 2154 ud
944 2104 1091 2171 meretrix,
1107 2122 1171 2177 qua
1186 2107 1299 2176 leceris,
1316 2113 1344 2165 et
1357 2126 1420 2181 qua
1437 2105 1771 2182 passurasis.li1iudisti

53 2195 77 2243 ¹⁶
90 2187 219 2257 “Mitte
233 2185 476 2256 &dimicandum
489 2195 586 2254 lecum,
600 2201 686 2242 ⁰111ssss
697 2203 790 2260 genus
801 2187 890 2259 sigui·
945 2209 983 2247 aee
998 2196 1170 2266 tuumquod
1186 2213 1203 2251 a
1218 2213 1265 2252 me
1277 2203 1473 2270 acceperas,et
1488 2198 1595 2255 dedisti
1606 2199 1770 2254 mercedem

56 2276 446 2347 fifflilttfflwfflmfflissffl
459 2274 890 2342 ⁰⁰08st⁰0¹1i811i8deliviOdssd
945 2282 1126 2339 amatoribus
1143 2284 1212 2353 tuis,
1230 2302 1293 2357 que
1311 2286 1779 2359 acciperedebueras,etinterra-¹

56 2363 197 2436 meandi
209 2361 361 2417 sustineat
371 2361 521 2428 tamem,et
531 2366 631 2418 contra
637 2363 822 2434 juranatura
831 2380 891 2419 om·
945 2369 1011 2424 cisti
1026 2370 1103 2427 filios
1119 2376 1195 2439 tuos,
1209 2374 1280 2429 dum
1296 2389 1347 2431 eos
1362 2375 1480 2431 offerres
1493 2374 1599 2431 idolis:
1612 2379 1770 2432 utnonso·

62 2452 148 2508 nibus
156 2450 429 2524 turpatamembris
440 2452 573 2523 usquead
582 2451 720 2507 verticem
732 2450 890 2523 polluatur.
945 2457 1007 2513 lum
1023 2459 1164 2528 adultera,
1180 2461 1230 2517 sed
1246 2467 1275 2518 et
1299 2462 1445 2534 parricida
1473 2463 1630 2520 exstiteris.
1659 2462 1770 2519 idcirco

92 2567 192 2638 (Vm-
208 2566 245 2621 35
260 2569 357 2638 Seii)
375 2570 530 2637 Propterea,
546 2568 689 2633 meretrix,
705 2566 892 2623 audiverppm
946 2548 1129 2619 congregabo
1144 2554 1275 2621 superte
1300 2567 1403 2607 omnes
1431 2555 1577 2607 amatores
1600 2554 1678 2620 tuos,
1702 2566 1769 2609 cum

60 2657 181 2712 pom-„1-
197 2656 267 2712 ΠΜ
277 2654 347 2710 Μ
360 2656 492 2711 pompm,
507 2657 593 2712 peu„
619 2656 689 2724 Quia
713 2657 830 2728 effusum
852 2659 892 2712 esp
946 2634 1055 2706 quibus
1070 2636 1212 2694 fornicata
1225 2656 1266 2707 es,
1283 2644 1343 2694 tam
1359 2655 1408 2695 eos
1424 2655 1498 2712 quos
1514 2639 1653 2707 dilexisti,
1680 2653 1770 2711 quam

59 2762 93 2800 ω
108 2750 204 2810 mm,
220 2752 246 2799 ,p
261 2744 383 2799 melam
397 2748 439 2799 „p
453 2745 701 2815 mmmmm„
711 2746 893 2816 pompeam„
945 2720 1014 2778 illos
1030 2741 1104 2797 quos
1119 2726 1233 2796 oderas,
1250 2733 1279 2783 et
1293 2727 1493 2785 adulterarum
1508 2732 1536 2784 te
1550 2728 1613 2801 lege
1641 2729 1771 2795 nudabo,

61 2843 106 2888 Μ
120 2832 225 2905 (ΜΒ,
236 2833 469 2903 somrcaponipu,
480 2834 545 2903 pm)
554 2849 637 2905 ,uper
646 2838 783 2889 amatore,
793 2838 892 2904 ,met
946 2815 978 2865 ut
993 2828 1095 2868 omnes
1104 2814 1221 2871 videant
1236 2816 1449 2888 turpitudinem
1465 2821 1558 2885 tuam,
1574 2821 1603 2872 et
1629 2814 1770 2890 genitalia

59 2939 142 2995 „W
154 2921 659 2978 ,pompompmpmummmmm
673 2925 809 2994 30,pr
823 2923 892 2993 filio,
945 2905 1143 2975 propterque
1159 2904 1772 2976 priusamorisamentiaierebantur.tlaeu
1864 2940 1874 2949 ·

58 3016 259 3078 mmmm,
277 3026 343 3082 Μ
357 3011 457 3066 ,mgr
483 3013 532 3066 ei,
554 3013 622 3067 ΕΜ
650 3029 702 3086 ,390
724 3011 891 3084 conqreqapo
945 2993 1043 3046 eutem
1063 2992 1163 3047 omnia
1179 3010 1230 3065 per
1244 2993 1771 3066 metaphorammulierisadulteraet

57 3116 155 3156 me,
171 3105 311 3155 mom
326 3107 396 3167 pm,
410 3100 508 3171 quipp,
522 3103 672 3156 ,ommim
686 3117 713 3156 εὖ
752 3109 777 3158 ,p
798 3117 891 3157 omn„
944 3078 1107 3149 homicidae,
1124 3098 1253 3153 quaenon
1262 3083 1358 3139 solum
1367 3083 1570 3139 contravirum
1579 3100 1666 3141 suum
1679 3081 1768 3139 iorni-

58 3206 124 3262 Μ,
139 3188 270 3244 dmm,
284 3189 490 3244 munim,
503 3204 568 3260 quo,
582 3189 689 3256 odem,
706 3145 781 3248 ἐπ
793 3198 818 3246 ,p
828 3205 889 3244 cm„
946 3172 1011 3223 cete
1025 3167 1074 3235 sit,
1086 3171 1136 3225 sed
1152 3175 1180 3226 et
1195 3171 1272 3228 filios
1285 3171 1472 3236 interfecerit.
1502 3172 1641 3228 dicuntur
1659 3173 1695 3228 ad
1719 3172 1769 3228 le-

59 3280 175 3350 mago
189 3293 237 3333 ως
255 3293 339 3348 ,uper
352 3285 378 3332 pe
390 3277 521 3348 ,mg-que,
537 3282 563 3333 ep
577 3279 685 3334 nudabo
706 3280 889 3350 ignominiam
904 3233 926 3301 (Ῑ
943 3256 1081 3345 rusalem,
1098 3262 1126 3313 et
1140 3260 1437 3334 quodcongregande
1448 3261 1505 3318 sint
1515 3261 1657 3318 universe
1665 3263 1766 3335 gentes

59 3371 132 3422 rm
145 3367 293 3421 mmm
302 3369 328 3420 et
342 3364 469 3421 piraeeum
479 3381 586 3422 omnem
593 3367 791 3438 turpitudinem
801 3372 887 3422 epam,
943 3354 1098 3411 adversum
1114 3373 1189 3425 eam,
1206 3375 1330 3430 quarurn
1346 3358 1508 3415 adoraverit
1521 3357 1609 3426 idola,
1625 3362 1655 3415 et
1668 3357 1768 3414 omnia

60 3454 614 3526 nmooejmiciiemurrmmm,
646 3459 671 3511 ee
690 3456 889 3528 effundentium
944 3442 995 3498 Dei
1011 3460 1134 3500 munera
1147 3445 1177 3500 in
1198 3445 1311 3502 cultum
1327 3464 1428 3503 eorum
1443 3448 1628 3515 converterit,
1661 3450 1690 3503 et
1715 3446 1766 3502 de·

61 3547 238 3615 mamere,
253 3547 282 3599 et
295 3543 398 3598 debete
412 3545 443 3598 iu
456 3546 592 3613 sanquine
604 3544 699 3617 (vulg,
716 3545 889 3616 sappupwm)
945 3536 1079 3589 struatur
1091 3534 1234 3606 templum
1246 3534 1357 3602 basiet
1367 3553 1423 3592 ara
1434 3535 1768 3593 omniseivitatisineen-

63 3636 196 3703 {met
209 3632 278 3698 uti,
294 3631 397 3687 errabo
411 3638 439 3688 te
452 3633 482 3687 in
493 3648 704 3701 memorum,
719 3634 892 3690 praesument
946 3621 993 3678 dio
1009 3622 1226 3691 subvertantur,
1242 3624 1374 3697 nihilque
1389 3625 1418 3680 in
1431 3642 1466 3681 ea
1478 3630 1637 3681 remaneat.
1647 3625 1683 3680 ut
1693 3624 1771 3680 sicut

66 3721 182 3792 tapam
198 3719 531 3782 connumeruntur
549 3721 735 3793 prostibulum
763 3730 893 3788 reaper
947 3709 1332 3779 solentcontraadulterarn
1349 3729 1451 3768 omnes
1467 3712 1579 3784 lapides
1603 3714 1712 3784 jacere,
1741 3715 1771 3768 et

65 3809 275 3867 &aarum
283 3804 523 3876 resume-nemeis,
533 3813 559 3865 ee
572 3812 700 3882 auserem
709 3828 774 3867 vasa
789 3811 893 3867 decom
947 3798 1094 3855 trucidare
1106 3799 1335 3867 meretricem‚ut
1346 3799 1530 3872 singulorum
1541 3799 1714 3857 vulneribus
1723 3816 1771 3856 aa·

68 3902 110 3954 bi.
125 3907 150 3955 et
164 3898 365 3970 derelinqueret
379 3905 404 3952 te
421 3897 535 3966 riudam,
550 3899 715 3971 pleramque
729 3902 892 3972 ipnominia,
949 3888 1081 3943 cidatur:
1099 3887 1140 3943 ita
1154 3892 1186 3943 ut
1200 3904 1303 3944 omnes
1315 3888 1453 3946 mulieres
1468 3889 1773 3962 poenamvideantlor-

68 3988 94 4042 Β
105 3987 248 4043 adduoeut
262 4000 347 4056 saper
359 3988 385 4040 te
394 3986 611 4056 urutdtudinem,
627 3996 655 4043 et
679 3988 841 4059 lapidabunt
868 3992 895 4044 re
949 3976 1082 4032 nicariae:
1097 3976 1139 4032 sio
1152 3976 1181 4031 in
1195 3982 1351 4049 conspectu
1368 3976 1492 4034 aliarum
1508 3977 1538 4034 in
1554 3977 1678 4035 circuitu
1702 3976 1772 4033 civi-

70 4078 216 4148 apmtm
231 4079 259 4132 er
271 4075 449 4131 emeruerunt
462 4074 516 4146 (ΑΙ,
538 4076 716 4148 truncabunt)
745 4086 770 4133 re
792 4078 895 4150 pradis,
950 4065 1229 4133 tatum,etomnium
1237 4067 1388 4122 nationum
1396 4067 1586 4123 deserendam
1597 4065 1772 4124 Jerusalem.

69 4169 130 4222 mir.
145 4164 457 4222 Etcomburenldomos
481 4168 543 4221 tuos
556 4166 627 4235 ipnr',
649 4170 675 4220 et
697 4168 801 4237 sacient
814 4169 845 4221 iu
871 4175 896 4223 te
950 4168 984 4219 st
998 4163 1052 4218 boc
1066 4163 1139 4231 fieri,
1157 4168 1189 4219 ut
1203 4163 1318 4220 desinat
1332 4154 1479 4234 fornicari,
1496 4169 1524 4221 et
1539 4182 1596 4222 non
1621 4165 1670 4222 det
1698 4165 1776 4221 ultra

65 4254 165 4324 iabeio
177 4256 213 4310 im
222 4254 312 4309 ceretu
322 4254 676 4325 mulierumpiurimarum,
687 4260 714 4309 et
727 4254 833 4310 desines
842 4256 897 4325 sor·
951 4253 1101 4308 mercedes
1117 4251 1298 4309 amatoribus
1311 4254 1383 4322 suis,
1400 4257 1429 4310 et
1439 4253 1602 4326 requiescat
1612 4251 1775 4326 indignatio

67 4345 157 4398 aieari
169 4351 200 4399 et
215 4340 354 4397 mercedes
370 4342 445 4398 ultro
458 4357 513 4398 uon
523 4342 611 4398 dabie.
619 4345 651 4399 b't
662 4346 813 4414 requiescet
820 4345 896 4400 indi-
952 4341 1013 4406 uei,
1029 4357 1082 4395 nec
1098 4341 1242 4397 irascatur
1256 4341 1281 4396 ei
1293 4358 1381 4413 quam
1393 4358 1492 4398 amare
1506 4341 1634 4399 desierit.
1651 4341 1693 4397 lla
1716 4356 1775 4413 quo

67 4434 156 4502 pretio
170 4446 237 4486 mea
247 4433 279 4484 in
295 4435 332 4495 te,
347 4435 372 4486 et
382 4430 528 4504 auferetur
535 4432 611 4487 uetur
624 4448 701 4488 meuc
711 4449 728 4487 a
739 4441 774 4500 le,
786 4436 811 4489 et
821 4434 896 4504 quie·
952 4429 1148 4502 perspicimus
1158 4429 1298 4501 grandem
1310 4430 1777 4503 oiiensamessa,nequaquamcu·

67 4538 147 4591 amm,
162 4535 219 4576 uec
233 4521 342 4575 irascar
355 4520 490 4591 amplius:
506 4536 536 4576 eo
548 4520 620 4592 quod
637 4537 694 4576 nou
706 4522 798 4591 [ueris
808 4537 897 4577 recor·
954 4536 991 4574 re
1006 4517 1107 4574 haberi
1121 4518 1216 4586 aDeo,
1233 4519 1284 4573 sed
1300 4518 1428 4590 permitti
1444 4518 1595 4575 bominem
1618 4518 1777 4575 sceleribus

67 4609 128 4665 dara
143 4611 262 4665 dictem
277 4607 467 4666 adobumtiae
482 4617 546 4676 tue,
572 4613 597 4665 et
621 4613 778 4680 provocasti
796 4627 841 4666 me
870 4612 901 4666 iu
915 4597 938 4664 D
953 4607 1016 4664 suis
1027 4610 1114 4679 atque
1129 4606 1266 4679 peccatis.
1282 4607 1441 4677 Auferetur,
1457 4607 1564 4680 inquit,
1580 4608 1654 4663 relus
1668 4621 1777 4662 meuse

67 4699 199 4754 omnibus
212 4699 263 4753 tie.
278 4699 481 4769 Quapropteret
495 4714 543 4769 epo
558 4698 617 4753 uias
633 4707 694 4753 tuos
708 4700 737 4752 iu
752 4701 839 4770 rapite
857 4706 901 4755 tuo
956 4701 991 4765 te,
1008 4705 1033 4752 el
1048 4697 1225 4768 requiescam,
1240 4711 1290 4751 uec
1304 4697 1410 4752 irascor
1424 4697 1555 4767 emplius,
1567 4696 1652 4767 quasi
1663 4692 1776 4765 aliena,
1823 4763 1829 4775 Ι

67 4787 143 4852 bai,
162 4786 206 4840 ait
219 4786 348 4842 vomerem
363 4788 444 4855 Deus,
460 4795 486 4843 et
501 4803 557 4843 rrae
570 4787 627 4861 seri
644 4788 841 4858 juataacelera
856 4796 902 4844 tuo
956 4789 984 4840 et
999 4801 1062 4855 quae
1077 4800 1149 4840 ame
1164 4784 1324 4855 recesserit,
1337 4788 1366 4840 et
1376 4801 1464 4856 quam
1478 4787 1592 4840 aterna
1605 4780 1777 4839 tradiderim

69 4878 97 4930 in
110 4874 244 4931 omnibus
258 4876 513 4932 abominationibus
529 4878 594 4931 tuis.
621 4875 707 4931 LXX:
738 4879 899 4948 Propterea,
957 4872 1092 4928 nuditati.
1109 4873 1139 4928 Si
1156 4877 1254 4929 autem
1269 4873 1323 4929 hoo
1337 4890 1425 4947 passa
1434 4876 1480 4929 est
1507 4872 1682 4938 Jerusalem,
1710 4870 1782 4944 quia

70 4966 214 5028 merem,
228 4962 298 5020 cadi
310 4963 424 5020 uerbum
433 4965 545 5021 Domrni
554 4984 563 5020 :
575 4968 644 5022 Hoee
658 4965 724 5020 dicit
735 4965 841 5021 Adonai
850 4967 902 5022 Do·
957 4978 1024 5019 cnm
1039 4961 1125 5017 idolis
1141 4961 1283 5018 fornicata
1298 4967 1352 5034 est,
1368 4962 1438 5035 quid
1454 4977 1517 5017 eam
1533 4977 1689 5034 passuram
1699 4964 1782 5034 puta·

72 5057 184 5109 maus:
216 5052 288 5121 Quia
315 5052 438 5124 effudisti
464 5071 501 5109 aes
529 5057 618 5120 tuum,
633 5053 803 5109 revelabitur
825 5056 904 5125 ipro·
959 5068 1036 5118 mus,
1053 5050 1170 5123 quando
1186 5049 1235 5106 Dei
1251 5050 1356 5106 Filium
1373 5049 1549 5107 trucidarit?
1569 5051 1605 5107 lit
1628 5050 1700 5120 hac,
1729 5050 1781 5120 ait,

72 5145 159 5199 nmio
174 5149 226 5197 aaa
239 5143 273 5196 in
286 5143 472 5213 fornicatione
486 5145 534 5199 tua
545 5143 580 5198 ad
594 5149 729 5198 amatores
743 5146 855 5210 maaet
874 5145 906 5198 iu
959 5140 1095 5196 universa
1111 5139 1214 5207 iecisti,
1231 5139 1322 5196 oblita
1343 5139 1550 5196 beneficiorum
1578 5138 1783 5212 pristinorum.

72 5231 359 5303 maraqitatranes
368 5232 548 5302 iniquitatum
555 5234 676 5297 tuarum,
693 5238 718 5286 et
729 5232 905 5303 iasaupuiue
959 5233 988 5285 et
1001 5246 1048 5285 me
1063 5230 1099 5285 ad
1112 5228 1295 5284 iracundiam
1311 5229 1486 5300 provocasti,
1515 5228 1576 5287 sive
1602 5225 1784 5286 contristasti

73 5321 197 5388 illoram
212 5328 336 5376 tuorum.
352 5335 419 5391 quoe
432 5319 532 5376 dedisti
545 5322 594 5376 eie.
611 5320 674 5375 ideo
685 5335 745 5374 ecce
759 5337 808 5391 epo
823 5336 907 5392 super
959 5334 1016 5389 me,
1034 5334 1121 5390 quem
1138 5315 1223 5373 bonis
1238 5316 1377 5388 operibus
1392 5317 1535 5374 debueras
1551 5318 1587 5376 ed
1598 5317 1706 5391 gaudia
1717 5332 1783 5390 pro·

73 5408 282 5482 eeoaprepabo
296 5424 389 5464 omnes
405 5413 544 5466 ornatores
557 5413 628 5476 tuor,
641 5409 740 5480 quibas
756 5411 906 5465 commixta
959 5424 1070 5464 vocare.
1088 5410 1255 5478 Propterea.
1273 5409 1301 5460 et
1324 5420 1376 5477 ego
1402 5405 1515 5462 reddidi
1543 5407 1596 5463 tibi
1619 5422 1708 5479 opera
1733 5407 1787 5463 tua

73 5513 106 5565 u,
121 5503 150 5554 et
165 5512 343 5569 omnesquae
357 5497 481 5554 dilexisti
495 5514 556 5554 cum
569 5499 708 5552 uniuersis
722 5497 906 5568 qrcosoderas,
961 5497 990 5553 in
1006 5500 1093 5567 caput
1106 5500 1202 5550 tuum.
1228 5494 1263 5549 Et
1287 5510 1353 5549 cnm
1380 5497 1409 5550 te
1437 5495 1618 5566 subvertero,
1642 5511 1658 5550 o
1673 5491 1787 5551 adulte·

75 5585 290 5660 aeonpreqube
303 5600 346 5643 eor
360 5602 443 5659 super
457 5591 482 5644 te
494 5603 545 5660 per
558 5587 717 5654 circuitum,
734 5593 759 5641 et
783 5586 906 5643 revelabo
962 5604 1004 5651 ro,
1021 5590 1119 5641 tamen
1135 5582 1234 5638 minus
1248 5582 1278 5637 in
1302 5589 1329 5640 te
1358 5583 1407 5639 ira
1425 5601 1496 5641 mee
1520 5585 1669 5655 exercebo,
1696 5598 1785 5655 quam

74 5679 200 5735 ulmae
209 5679 276 5732 tuas
288 5674 329 5732 ad
339 5690 396 5748 eoa,
409 5675 576 5735 duidebuut
585 5680 711 5734 muctam
725 5677 908 5755 ipuomiuiam
962 5674 1094 5733 meruisti
1106 5691 1114 5731 ε
1128 5689 1187 5746 quo
1202 5670 1269 5729 etin
1284 5671 1340 5730 boe
1354 5672 1454 5731 divina
1468 5670 1624 5731 clementia
1651 5672 1790 5730 demons-
