3818 6104
98 360 177 432 isai
452 360 1450 443 conuerriaroeouiusomiuisunauecir.u.
1724 352 1802 444 iia

99 502 419 579 symmachusquoquo
430 501 504 567 itio<
521 503 814 581 tabescentesque
823 506 922 563 omnio
937 510 964 575 Α
978 511 1071 580 μεενευ
1085 510 1145 566 iiico
1157 526 1216 579 eqo,
1228 511 1296 567 dtcit
1305 511 1434 568 Dominus
1444 511 1515 568 Deus
1525 507 1621 585 [vulg.
1635 510 1712 567 tacet
1721 510 1801 581 Deest

99 610 166 650 cum
177 594 419 668 interpretatione
427 601 527 654 nostra
535 597 861 664 iaciunt.ttursum,ubi
871 613 924 653 uos
977 597 1157 665 exercituum,
1173 600 1243 656 Deus
1257 601 1344 658 lsrael
1358 619 1367 655 .·
1390 604 1455 673 qaia
1470 601 1549 659 Moab
1563 608 1594 658 ut
1608 599 1724 658 Sodoma
1739 600 1804 670 erit,

97 683 236 750 diximus,
254 685 287 739 dt
300 686 601 756 erittiuniculosmaris
611 689 721 760 requies
729 689 924 759 pastorum,at
977 689 1002 743 et
1017 688 1074 758 Atii·
1087 693 1203 744 Ammon
1217 692 1297 760 quasi
1313 690 1487 746 Gomorrha:
1502 692 1613 747 siccitas
1623 691 1768 763 spinarum
1778 695 1805 746 et
1828 718 1832 723 ·

96 788 199 830 omncs
228 773 400 846 interpretes
423 774 492 831 huic
513 775 698 832 translationi
714 778 922 848 congruerunt,
977 777 1071 832 acerui
1084 779 1161 842 satis,
1179 782 1205 834 et
1217 778 1352 834 desertam
1369 781 1496 854 usquein
1511 788 1659 846 eternum,
1675 778 1804 852 reliquia

94 861 234 918 scribitur
262 861 293 917 in
323 862 394 918 LXX
410 881 417 918 ε
441 866 475 919 st
497 866 550 919 erit
565 865 646 921 Creta
667 881 770 936 pascua
784 864 881 936 propia,
897 866 924 919 et
976 867 1074 938 papali
1088 869 1145 922 mei
1158 866 1293 939 diripient
1305 883 1368 923 eos:
1384 869 1490 924 residui
1502 869 1592 937 qentis
1602 884 1668 924 mea
1679 867 1804 941 posside·

95 951 168 1007 acite
174 966 311 1022 pecorum.
321 951 412 1023 Igitur
421 952 625 1024 spiritualibus
634 953 798 1025 spiritualia
807 970 923 1025 compa·
978 956 1045 1009 hunt
1059 956 1130 1010 ilios.
1149 958 1201 1011 Hoc
1216 958 1256 1012 cis
1270 959 1372 1013 orieniei
1379 973 1428 1029 pro
1438 959 1566 1030 superbia
1577 974 1637 1025 sua,
1650 959 1715 1029 quia
1726 955 1803 1013 litas·

95 1043 207 1108 rantes,
219 1045 248 1096 et
260 1039 390 1113 Vulgata
403 1041 539 1097 editionis
550 1046 675 1115 emptum
689 1041 777 1098 semel
789 1046 922 1097 tenentes
974 1043 1183 1115 phemaocrunt,
1203 1053 1229 1100 et
1243 1047 1416 1117 rnaqniticati
1429 1055 1494 1102 surii
1507 1063 1590 1118 ευμεν
1602 1047 1734 1119 populum
1749 1047 1803 1101 lto-

95 1128 412 1200 semitam,quaerimus
421 1148 458 1187 an
467 1130 537 1187 alibi
547 1132 576 1186 in
585 1131 744 1203 Scripturis
755 1130 864 1187 sanctis
874 1147 923 1186 no·
976 1135 1049 1188 niini
1058 1135 1238 1189 exercituum.
1251 1136 1399 1191 llorri'biti's
1413 1137 1549 1191 Domiiatus
1559 1152 1642 1208 super
1654 1150 1698 1191 eos
1707 1151 1717 1190 .·
1727 1142 1753 1191 et
1762 1138 1805 1191 at·

96 1232 164 1274 men
175 1217 265 1273 Creta
278 1218 446 1291 legerimus.
459 1220 503 1286 Et,
517 1220 545 1274 nl
558 1219 651 1289 tollor,
662 1220 732 1275 illud
745 1221 922 1293 inpromptu
975 1223 1099 1279 tenuabit
1113 1240 1205 1279 omnes
1215 1227 1279 1280 deor
1294 1229 1382 1293 terrra,
1396 1229 1421 1280 et
1432 1226 1592 1281 adnabunt
1606 1241 1669 1281 eum
1681 1225 1737 1281 oiri
1746 1222 1802 1297 [Al.

95 1312 161 1364 est:
183 1307 324 1363 Cretenses
337 1325 443 1380 semper
455 1309 598 1366 memores
615 1327 622 1364 :
639 1311 724 1367 iiiam
738 1311 840 1378 bestias,
857 1327 921 1366 oen·
976 1312 1031 1381 air]
1046 1312 1079 1366 de
1096 1313 1151 1369 ioco
1166 1329 1225 1380 suo,
1238 1330 1333 1369 orniucs
1345 1316 1446 1372 iasulae
1456 1316 1589 1384 penitam.
1601 1314 1687 1371 LXX:
1703 1314 1805 1370 Audiui

95 1402 152 1452 tres
163 1397 262 1468 piqri:
278 1398 465 1452 testimoniam
480 1396 528 1454 hoa
543 1415 637 1454 oerum
650 1407 690 1455 est
704 1399 765 1471 (tii.
778 1416 796 1471 i,
810 1400 852 1465 12,
866 1400 919 1468 13).
976 1403 1152 1472 opprobrium
1166 1402 1253 1471 Moab,
1266 1411 1291 1458 ct
1301 1405 1479 1459 contumeliae
1492 1405 1614 1474 fitiorum
1624 1406 1757 1460 Ammon:
1773 1403 1803 1459 in

94 1484 151 1551 eui
164 1484 309 1540 fluctuant
323 1490 351 1541 et
366 1486 615 1543 circumferuntur
629 1488 709 1544 omui
721 1491 807 1544 vento
817 1487 921 1544 doctri·
975 1490 1074 1561 quibas
1086 1492 1320 1563 exprobraverunt
1329 1494 1433 1565 populo
1442 1509 1513 1560 meo,
1523 1501 1549 1549 et
1560 1494 1803 1565 moqni'ficatisunt

94 1590 139 1629 nia
149 1574 179 1629 in
191 1574 362 1647 deceptione
373 1574 539 1647 hominum,
550 1577 581 1632 iu
592 1578 855 1634 versutiaerroris:
872 1576 920 1632 isti
974 1594 1040 1651 supe
1055 1582 1184 1636 terminos
1201 1597 1281 1637 meos.
1301 1585 1447 1654 Propterea
1465 1584 1526 1638 civo
1542 1599 1603 1653 eqo,
1619 1582 1692 1639 dicit
1706 1582 1801 1638 Domi·

94 1678 164 1718 cuin
179 1662 374 1718 debuerintiu
386 1672 462 1721 terra
474 1666 678 1738 confessionis,
690 1667 745 1722 hoc
755 1670 809 1732 est,
824 1665 852 1721 in
862 1670 918 1721 ter·
974 1684 1026 1723 nias
1042 1667 1097 1741 [Al.
1115 1670 1246 1725 Dominus
1261 1671 1352 1742 Deest,
1367 1672 1514 1737 virtutum,
1532 1672 1603 1727 uem
1617 1671 1720 1727 lsrael:
1736 1671 1803 1742 quia

94 1767 128 1807 ra
151 1751 282 1807 hahitare
301 1753 416 1819 tudae,
445 1753 600 1810 voluerunt
615 1756 710 1828 magis
726 1756 840 1811 advenae
856 1771 923 1811 esse
976 1759 1056 1813 Moab
1070 1760 1140 1813 sicat
1155 1758 1270 1814 Sodoma
1284 1761 1347 1825 erit,
1362 1764 1388 1815 et
1399 1759 1454 1830 Atii
1463 1760 1577 1814 Arainon
1594 1760 1673 1830 quasi
1687 1757 1800 1814 Gomor-

93 1841 279 1897 Creteuslum
302 1842 351 1914 qui
372 1842 495 1899 diversis
510 1843 600 1915 maris
615 1844 754 1900 Auctibus
769 1843 837 1900 hinc
852 1844 919 1900 inde
975 1847 1040 1917 rto,
1054 1850 1079 1901 ct
1095 1847 1243 1902 Damascus
1257 1846 1388 1903 derelicta
1398 1849 1479 1921 quasi
1489 1863 1602 1903 acaronis
1615 1854 1730 1917 areae,et
1741 1847 1798 1902 dis·

93 1930 318 2002 tunduntur,(a)
328 1935 357 1987 et
368 1931 762 2006 souautarcCorybantio,et
772 1933 922 2004 sunt‚jux-
974 1935 1065 2006 ripato
1078 1951 1162 2008 usque
1176 1937 1206 1990 in
1222 1938 1428 2008 sempiternum,
1441 1943 1467 1991 et
1482 1937 1530 2007 qui
1544 1936 1648 2007 reliqui
1656 1920 1824 2006 {umirctde'

94 2022 127 2075 ta
137 2018 408 2092 Apostolum,quasi
416 2021 574 2093 cymbatum
583 2024 707 2079 tinniens
716 2023 738 2094 (l
745 2023 874 2093 Corum,
883 2023 919 2093 l).
974 2025 1073 2096 populo
1087 2040 1145 2080 area
1160 2023 1292 2096 diripient
1306 2036 1359 2091 eos,
1375 2028 1402 2081 et
1416 2022 1520 2080 residui
1533 2025 1621 2095 qentis
1635 2037 1705 2081 mese
1717 2022 1805 2096 possi·

94 2107 132 2164 Et
147 2106 217 2179 quia
231 2108 347 2164 advenis
363 2112 432 2165 suut
446 2109 637 2177 Cretensium,
663 2111 728 2167 ideo
749 2128 844 2167 sermo
861 2111 920 2183 bei,
975 2114 1081 2169 debunt
1094 2128 1155 2169 eos:
1171 2114 1221 2168 Aac
1236 2114 1290 2168 erit
1305 2116 1345 2169 eis
1358 2128 1408 2185 pro
1421 2112 1588 2169 contumelia
1603 2128 1664 2184 suo,
1677 2113 1744 2184 qaia
1757 2127 1804 2167 ea·-

95 2195 152 2253 hoo
167 2200 222 2261 est,
239 2196 428 2253 comminatio
444 2196 476 2252 lit
491 2199 527 2254 ad
544 2197 611 2254 illos
627 2217 633 2255 :
650 2208 678 2255 et
692 2200 830 2255 dicuutur
844 2204 922 2256 terra
973 2202 1173 2273 protruserunt
1182 2210 1209 2256 et
1217 2203 1388 2273 inaquificati
1402 2209 1466 2256 suat
1479 2217 1563 2272 ευμεν
1577 2201 1725 2257 Dominum
1739 2216 1802 2256 om·

95 2284 235 2341 chanaan
247 2300 363 2357 semper
373 2286 402 2341 iu
415 2287 517 2354 ssuctu,
530 2288 685 2361 semperiu
698 2295 788 2351 motu,
801 2293 921 2344 alteria
967 2293 1143 2367 ‚ntpoaniem
1160 2307 1165 2346 :
1191 2292 1359 2360 manifestas
1381 2292 1434 2345 erit
1458 2290 1587 2345 Dominus
1611 2305 1693 2360 ευμεν
1706 2302 1762 2354 εοε,
1777 2295 1803 2343 et

92 2371 315 2446 Allophylorum
329 2391 336 2429 :
350 2373 436 2430 alieni
451 2376 528 2431 enim
540 2394 557 2432 a
568 2381 634 2441 Deo,
648 2378 677 2432 in
690 2377 820 2433 funiculo
832 2377 921 2434 maris
975 2378 1109 2450 disperdet
1122 2394 1214 2434 omnes
1229 2376 1293 2434 deos
1302 2379 1427 2447 qenttam
1438 2385 1529 2447 terra,
1540 2381 1567 2433 et
1577 2377 1730 2433 adorabunt
1739 2391 1802 2433 eum

93 2461 163 2520 ctio
177 2464 268 2520 Creta
279 2464 397 2537 regione
406 2469 570 2522 versantur.
585 2466 630 2522 Fit
643 2456 741 2538 itaque
751 2467 787 2522 od
799 2484 847 2523 eos
859 2483 921 2522 ser·
975 2468 1081 2539 sinquti
1096 2467 1132 2523 de
1147 2468 1204 2523 loca
1218 2483 1277 2534 suo,
1289 2483 1381 2523 omnes
1396 2467 1498 2524 insuto
1511 2468 1646 2538 qentium.
1659 2465 1740 2533 Quod
1753 2476 1802 2522 ex·

92 2567 142 2608 rna
163 2552 222 2620 Dei,
247 2551 290 2609 rel
316 2553 344 2608 in
361 2555 616 2610 consummatione
631 2560 659 2611 et
674 2556 732 2611 sirie
747 2555 860 2625 mundi,
877 2555 920 2611 vel
976 2561 1059 2628 c'epto
1076 2555 1191 2611 Daniele
1207 2555 1358 2628 propheta,
1372 2554 1422 2628 qui
1439 2559 1567 2626 quatuor
1579 2569 1737 2628 regnorum
1748 2568 1803 2610 sa·

93 2640 226 2712 quotidie
237 2652 288 2713 per
297 2641 512 2698 ecclesiasticos
523 2643 648 2708 viros,et
658 2645 707 2715 qui
720 2649 844 2716 possunt
855 2660 921 2699 cum
977 2645 1043 2717 pius
1052 2644 1150 2700 >cernit
1164 2643 1302 2712 visiones,
1318 2648 1347 2699 et
1362 2659 1464 2698 eorum
1475 2641 1655 2699 differentias
1667 2642 1722 2698 sub
1733 2640 1801 2697 alils

94 2729 229 2802 apostolo
243 2731 358 2787 dicere:
376 2730 417 2786 An
431 2734 650 2804 experimentum
666 2736 791 2803 queritis
803 2734 861 2804 ejus
875 2733 925 2806 qui
977 2738 1064 2806 atqua
1080 2733 1144 2789 aliis
1160 2732 1340 2805 imaginihus
1357 2733 1475 2806 exponit
1499 2733 1580 2804 (han.
1603 2731 1678 2802 vui),
1700 2730 1802 2807 isaias,

95 2820 130 2874 in
140 2835 184 2876 me
195 2820 316 2891 loquitur
326 2820 447 2877 cariam
461 2821 498 2893 (ll
508 2822 569 2877 dor.
580 2839 643 2889 xui,
656 2821 707 2894 3)‘l
723 2827 755 2877 ut
769 2821 924 2892 ejiciantur
976 2822 1129 2888 ieremias,
1146 2821 1276 2878 Ezechiel
1293 2821 1412 2892 iaciunt,
1430 2826 1462 2876 ut
1484 2825 1550 2893 post
1563 2819 1706 2877 visionem
1720 2812 1804 2875 Judae'

97 2908 135 2964 de
149 2909 243 2976 Creta,
271 2913 301 2965 et
322 2910 483 2982 perdantur
497 2910 533 2966 de
549 2911 678 2983 pristinis
694 2911 923 2968 habitationibus
978 2912 1134 2967 adversum
1161 2915 1279 2966 coeteras
1305 2912 1450 2975 nationes,
1476 2925 1540 2981 qua
1555 2907 1585 2963 in
1601 2907 1725 2964 circuitu
1741 2908 1805 2979 ejus

99 2997 173 3064 seis,
185 2995 273 3053 stilla
285 2998 363 3071 regio
374 3015 437 3070 qua
448 2999 532 3071 prius
543 3016 660 3072 gregem
673 3001 820 3072 perditum
832 2999 923 3056 conti·
978 3004 1057 3071 sunt,
1069 3004 1185 3056 vertant
1199 2998 1383 3067 vaticinium,
1394 3004 1423 3053 et
1433 2999 1520 3070 Juxta
1530 2993 1666 3069 ἰδιώματα
1675 2995 1807 3070 singula·

99 3085 199 3157 nebat,
210 3086 636 3160 incipiatosseovilepecorum
648 3089 923 3157 Christi2ettudas,
979 3106 1056 3156 rum,
1073 3105 1135 3160 quse
1151 3087 1192 3144 eis
1208 3093 1330 3143 ventura
1346 3090 1426 3158 sunt,
1443 3086 1590 3154 nuntient,
1607 3088 1695 3158 atque
1710 3086 1740 3140 iu
1757 3085 1805 3141 de·
1822 3148 1826 3157 ¹

98 3174 129 3231 id
153 3177 209 3242 est,
232 3191 300 3231 vera
323 3176 479 3245 consessio,
497 3177 651 3233 habitatin
667 3178 806 3234 tuniculis
822 3178 922 3234 niaris.
979 3178 1136 3250 scriptione
1146 3174 1806 3247 earuuidiutiusimmoreutur:hocnuncpro·

98 3263 234 3335 (tumque
245 3264 308 3334 jam
324 3265 442 3336 coperit
456 3281 519 3321 esse
532 3267 661 3322 mundus
672 3268 708 3322 ad
720 3283 882 3340 vesperem,
894 3271 923 3323 et
938 3250 959 3318 G
978 3266 1066 3339 pheta
1076 3267 1247 3339 Sophonias,
1256 3283 1436 3337 quamquain
1448 3263 1691 3331 breviter‚eodem
1701 3268 1799 3319 tamen
1877 3264 1880 3270 ’

97 3352 135 3409 de
145 3351 250 3409 inultis
260 3354 371 3409 vocatis
382 3352 466 3426 pauci
476 3353 604 3422 electi,at
614 3355 664 3426 qui
677 3354 866 3426 nuncraliqui
876 3373 922 3412 vo·
976 3355 1078 3412 ordine
1093 3355 1171 3410 tacit.
1187 3355 1255 3409 Post
1269 3353 1448 3409 Philisthiim
1462 3352 1540 3408 enim
1554 3356 1655 3408 centra
1665 3368 1740 3425 quos
1750 3366 1799 3407 su-

97 3445 206 3499 eautur
219 3442 256 3499 de
270 3443 356 3498 doure
370 3442 457 3509 tuda,
475 3443 607 3515 paverint
617 3461 666 3500 eos
684 3444 732 3516 qui
749 3443 877 3517 primum
893 3444 922 3500 iu
977 3460 1030 3516 pra
1054 3442 1243 3499 comminatio
1267 3442 1465 3514 precucurrit,
1492 3441 1567 3496 m
1586 3440 1673 3504 Gaza,
1689 3439 1797 3512 inquit,

97 3531 187 3601 mari,
201 3535 231 3586 et
244 3530 275 3587 in
289 3536 383 3602 Creta,
399 3536 428 3587 et
438 3532 467 3587 in
480 3531 631 3588 mendacio
646 3533 858 3604 pascebantur:
874 3533 922 3588 de·
977 3531 1127 3586 destructa
1141 3531 1205 3598 erit,
1222 3535 1250 3585 ct
1264 3529 1387 3585 Ascalon
1404 3529 1433 3584 in
1450 3529 1610 3596 desertum,
1630 3530 1752 3584 Azotum
1768 3527 1797 3581 in

97 3617 290 3676 elinahuntin
300 3619 745 3688 domibusAscolonis,idestubi
758 3621 923 3694 priusiguis
978 3620 1100 3676 meridie
1114 3620 1239 3690 officient,
1255 3625 1282 3671 el.
1296 3621 1424 3673 Accaron
1437 3616 1644 3673 eradicabitur.
1654 3614 1800 3671 Nuucad·

97 3707 211 3764 diaboli
237 3713 266 3764 et
290 3708 509 3765 interfectorum
525 3709 663 3766 manabat
675 3726 762 3765 cruor
778 3726 784 3765 :
809 3710 923 3766 Ascalon
977 3725 1079 3765 versus
1095 3709 1189 3773 Moab,
1204 3712 1232 3763 et
1247 3705 1322 3762 lilios
1333 3708 1468 3772 Ammon,
1481 3704 1541 3760 sive
1552 3703 1624 3759 utin
1636 3705 1708 3760 Lxx
1717 3700 1800 3759 addi·

99 3797 181 3855 anim
196 3797 403 3869 interpretatur
418 3800 490 3870 iqnis
506 3799 652 3854 hornicida.
674 3803 707 3853 Et
722 3798 776 3854 boe
792 3799 841 3854 siet
855 3798 926 3870 aquia
979 3803 1042 3854 tum
1055 3802 1110 3864 cst,
1126 3802 1227 3852 contra
1240 3798 1426 3862 Damascum,
1439 3810 1502 3867 quie
1512 3793 1543 3848 in
1555 3793 1630 3848 isaia
1640 3791 1717 3865 (Cap.
1732 3792 1801 3863 xvu)

98 3885 232 3943 visitabit
241 3886 383 3943 Dominus
394 3888 534 3959 populum
548 3905 646 3953 suurn,
663 3891 692 3943 et
704 3887 734 3943 hi
746 3887 871 3959 quiante
884 3888 924 3943 la·
980 3885 1087 3943 dicitur
1100 3888 1193 3952 Aram,
1209 3885 1317 3941 texitur
1331 3883 1492 3956 prophetia,
1505 3898 1538 3938 eo
1549 3881 1626 3953 quod
1641 3880 1804 3953 prebentes

99 3973 157 4032 elle
167 3975 358 4047 capiebantur
368 3975 600 4047 sophismatibus
616 3975 828 4047 hereticorum,
841 3976 924 4048 quasi
980 3967 1806 4040 auxiliaNahuchodonosor,vastnvorinttudem,concul-

100 4054 313 4137 deceptivitate
322 4064 482 4132 venientes,
494 4065 610 4121 vincent
622 4066 927 4135 adversariossuos,ot
981 4065 1108 4122 caverint
1118 4064 1317 4120 sanctuarium
1329 4059 1554 4133 ejus‚templum
1564 4074 1680 4132 quoque
1689 4057 1806 4115 subver-

99 4142 397 4211 liahitsbuntmin
408 4153 816 4220 tabernaculiseoruni.Quod
828 4162 926 4212 autem
981 4155 1078 4226 tarint,
1096 4163 1122 4210 et
1142 4153 1298 4225 subjugato
1314 4150 1422 4224 populo
1439 4148 1537 4217 lsrael,
1556 4147 1711 4206 bominum
1726 4146 1807 4204 blas·

99 4240 212 4316 legitur
226 4242 256 4298 in
272 4242 349 4313 LXX,
364 4243 383 4298 A
398 4244 471 4310 tocie
484 4244 608 4314 fitiorum
620 4244 701 4314 iudo,
718 4243 801 4301 obelo
813 4262 926 4317 prauo·
982 4243 1194 4317 phemaverint.
1209 4240 1480 4298 Nabuchodonosor
1494 4238 1602 4312 quippo
1617 4242 1705 4309 atque
1720 4234 1808 4292 Chal-

98 4324 241 4403 t'svimus,
258 4347 312 4387 nec
327 4332 356 4386 io
374 4333 492 4387 Hebron
507 4331 596 4397 enim,
612 4333 666 4388 ned
677 4333 753 4404 apud
767 4332 859 4388 ullum
872 4334 926 4389 l'er-
982 4334 1048 4397 daei,
1063 4332 1232 4388 iudaeorum
1248 4331 1372 4385 urbibus
1396 4326 1539 4396 subrutis,
1564 4329 1683 4381 sacimas
1706 4327 1808 4397 gentse

99 4422 151 4475 tur
164 4419 369 4493 interpretum,
387 4425 415 4477 et
430 4425 596 4476 contextum
615 4421 734 4494 capituli
748 4438 927 4495 sensumque
982 4424 1202 4496 oppresserunt,
1213 4430 1242 4475 et
1252 4419 1293 4474 ita
1304 4419 1410 4473 tactum
1423 4419 1478 4484 est,
1489 4418 1521 4470 ut
1532 4412 1582 4485 qui
1592 4411 1809 4468 insultaverunt

100 4506 258 4566 conturbat
276 4526 334 4565 non
359 4510 433 4582 quod
451 4509 569 4565 dilllcile
594 4509 682 4565 fuerit
697 4511 927 4582 quomodocum·
983 4510 1092 4584 populo
1107 4510 1169 4577 Dei,
1187 4507 1242 4580 ipsi
1257 4522 1374 4580 quoque
1389 4505 1492 4561 eadem
1512 4502 1657 4558 malorum
1673 4498 1809 4574 angustia

99 4608 159 4671 quo
176 4601 205 4652 at
216 4596 271 4653 hoc
282 4597 377 4670 posito
388 4597 688 4664 motentiamtexere;
704 4599 755 4653 sed
771 4599 862 4654 semel
877 4600 926 4655 de·
942 4619 966 4684 μ)
984 4603 1196 4674 premerentur,
1212 4602 1241 4652 et
1257 4596 1579 4652 haherentconservum
1590 4589 1708 4659 iudam,
1719 4602 1808 4660 quem

100 4685 249 4742 mamus
259 4685 409 4742 veritatem
421 4685 681 4758 interpretationis,
694 4689 724 4742 et
734 4685 850 4744 lectoris
866 4703 928 4743 ina·
984 4693 1158 4760 putaverunt
1173 4702 1203 4741 sc
1219 4686 1325 4740 trabere
1340 4683 1516 4753 subjectum.
1544 4679 1634 4752 igitur
1649 4681 1808 4748 antequam

101 4773 151 4849 gis
164 4774 285 4843 cruditi,
301 4791 390 4846 quam
405 4774 483 4847 vulgi
496 4774 640 4844 judicium
656 4774 750 4846 sequi.
983 4777 1079 4832 veniat
1102 4773 1256 4844 captivitas
1279 4772 1333 4827 sub
1357 4771 1435 4826 tesia
1460 4768 1556 4824 adhuc
1587 4781 1665 4838 rege,
1682 4764 1808 4821 necdum

138 4863 235 4934 (Vera,
255 4863 273 4918 8
294 4868 390 4936 seqq.)
405 4863 505 4919 Audivi
518 4863 697 4935 opprobrium
712 4863 799 4935 Moab,
814 4869 841 4921 ct
857 4866 928 4921 tius-
983 4863 1175 4936 ierosolymis
1192 4862 1361 4935 temploque
1377 4856 1536 4923 subversis,
1553 4853 1689 4927 dirigitur
1709 4853 1808 4909 advar-

100 4952 361 5024 phsmidstiiiorum
373 4957 501 5023 Ammon,
512 4967 575 5024 quac
585 4952 822 5023 exprobraverunt
832 4954 930 5026 populo
985 4971 1051 5010 sum
1061 4950 1237 5007 insultantes
1249 4949 1410 5023 prophetia,
1419 4952 1451 5002 ut
1462 4945 1540 5001 mala
1551 4943 1698 5017 quondam
1711 4940 1810 5015 populi

104 5056 177 5109 nseo,
193 5049 219 5096 et
233 5043 406 5112 maqnificati
420 5048 483 5096 sarit
495 5056 579 5112 super
598 5043 727 5097 terminos
742 5056 846 5098 coruru.
862 5049 930 5098 Pro·
986 5042 1223 5109 eetceieiaruin
1236 5039 1365 5112 gentium
1377 5032 1627 5093 levarenturmalo
1637 5032 1690 5104 [Al.
1701 5029 1809 5100 melis].

106 5198 188 5258 idam
203 5197 357 5275 significet,
374 5217 432 5257 nou
448 5205 509 5257 erat
526 5205 622 5255 lamen
637 5164 758 5254 verbum
774 5201 810 5256 ab
831 5200 932 5257 Hiero·
988 5200 1040 5268 les,
1050 5201 1099 5272 qui
1114 5216 1198 5256 sacro
1209 5197 1333 5270 correpti
1346 5197 1442 5252 surore
1453 5190 1765 5275 cymbalapulsabaut.
1778 5188 1812 5245 lli

105 5271 337 5396 hymoqositum
348 5270 430 5328 nulla
441 5271 551 5327 ratione
565 5270 933 5343 abjiciendumsigniiicat
987 5273 1117 5346 primum
1134 5271 1215 5326 ldam
1230 5269 1360 5342 Phrygia
1376 5272 1505 5324 montem
1517 5272 1648 5321 tenuisse
1658 5263 1811 5329 dicuutur,

104 5359 196 5418 porro
225 5343 286 5405 tvo<
303 5340 438 5418 ὀλέθριον,
453 5346 596 5399 nationem
609 5340 769 5416 pestiferam
784 5347 812 5397 et
844 5346 934 5400 entcrn
987 5348 1203 5418 posteaautcm
1219 5341 1248 5396 iu
1265 5333 1813 5420 Cretamnavigasseqquoduunccoo-

100 5416 300 5489 panicianum,
317 5415 412 5471 Mser.
428 5447 462 5456 -
479 5415 532 5471 Pro
549 5411 684 5489 ὀλέθριον,
701 5362 931 5495 praeierthegin.
988 5417 1105 5470 firmare
1120 5414 1236 5496 videtur
1250 5413 1454 5494 Hieronymus,
1472 5427 1521 5482 qui
1533 5413 1620 5492 etiam
1632 5404 1813 5486 legebataere

101 5487 174 5567 cod,
186 5481 414 5561 dlstpinattqudiv,
430 5504 464 5543 ex
475 5503 533 5569 que
544 5486 629 5569 verbo
642 5487 708 5542 honi
721 5484 830 5557 aliquid
848 5503 933 5569 ericu-
989 5487 1163 5569 diirqbiintqo,
1181 5500 1246 5539 non·
1255 5483 1438 5567 Corqlnmtiiqo
1452 5488 1483 5535 ut
1494 5482 1742 5561 retinentqveteres
1751 5476 1812 5531 edi·

102 5557 335 5630 dereintagrum
352 5557 452 5614 lectori
468 5563 515 5614 sit.
532 5558 586 5613 Pro
602 5576 661 5618 svo:
677 5562 846 5613 constanter
861 5557 935 5615 alias
988 5556 1182 5684 tionesqique
1196 5571 1255 5613 iera
1271 5556 1437 5628 Corybantia
1456 5552 1534 5625 apud
1549 5547 1705 5623 Virgilium
1719 5563 1752 5605 111
1766 5546 1812 5603 AE·

105 5627 291 5772 erqqqqqqqt
304 5700 483 5774 Corybantes
497 5700 663 5758 sacerdotes
680 5699 763 5757 Rhea
775 5699 934 5774 aivsGybe·
990 5629 1067 5687 nem·
1111 5648 1127 5684 Δ
1169 5669 1175 5682 ’
