<?xml version="1.0" encoding="UTF-8"?>
<!DOCTYPE html PUBLIC "-//W3C//DTD XHTML 1.0 Transitional//EN"
    "http://www.w3.org/TR/xhtml1/DTD/xhtml1-transitional.dtd">
<html xmlns="http://www.w3.org/1999/xhtml" xml:lang="en" lang="en">
 <head>
  <title>
</title>
<meta http-equiv="Content-Type" content="text/html;charset=utf-8" />
  <meta name='ocr-system' content='tesseract 3.04.00' />
  <meta name='ocr-capabilities' content='ocr_page ocr_carea ocr_par ocr_line ocrx_word'/>
</head>
<body>
  <div class='ocr_page' id='page_1' title='image "./patrologiaecurs07goog/patrologiaecurs07goog_0533.png"; bbox 0 0 3818 6104; ppageno 0'>
   <div class='ocr_carea' id='block_1_1' title="bbox 46 276 1753 357">
    <p class='ocr_par' dir='ltr' id='par_1_1' title="bbox 46 276 1753 357">
     <span class='ocr_line' id='line_1_1' title="bbox 46 276 1753 357; baseline 0.002 -17"><span class='ocrx_word' id='word_1_1' title='bbox 46 278 128 357; x_wconf 62' lang='lat' dir='ltr'><strong>tw</strong></span> <span class='ocrx_word' id='word_1_2' title='bbox 438 276 815 347; x_wconf 73' lang='lat' dir='ltr'><strong>COMMENTARIORUM</strong></span> <span class='ocrx_word' id='word_1_3' title='bbox 830 278 876 351; x_wconf 71' lang='lat' dir='ltr'><strong>⁴lll</strong></span> <span class='ocrx_word' id='word_1_4' title='bbox 897 277 1004 347; x_wconf 71' lang='lat' dir='ltr'>AMOS</span> <span class='ocrx_word' id='word_1_5' title='bbox 1026 279 1098 343; x_wconf 79' lang='lat' dir='ltr'><strong>utu.</strong></span> <span class='ocrx_word' id='word_1_6' title='bbox 1122 276 1175 342; x_wconf 87' lang='grc' dir='ltr'><strong>ΙΙΙ.</strong></span> <span class='ocrx_word' id='word_1_7' title='bbox 1198 280 1283 345; x_wconf 80' lang='lat' dir='ltr'><strong>CAP.</strong></span> <span class='ocrx_word' id='word_1_8' title='bbox 1307 278 1360 344; x_wconf 83' lang='lat' dir='ltr'><strong>VI.</strong></span> <span class='ocrx_word' id='word_1_9' title='bbox 1675 288 1753 354; x_wconf 66' lang='lat' dir='ltr'><strong>itm</strong></span> 
     </span>
    </p>
   </div>
   <div class='ocr_carea' id='block_1_2' title="bbox 16 410 1757 2532">
    <p class='ocr_par' dir='ltr' id='par_1_2' title="bbox 16 410 1756 2093">
     <span class='ocr_line' id='line_1_2' title="bbox 46 410 1751 487; baseline 0.009 -22"><span class='ocrx_word' id='word_1_10' title='bbox 46 412 101 471; x_wconf 76' lang='lat' dir='ltr'><strong>tis.</strong></span> <span class='ocrx_word' id='word_1_11' title='bbox 119 411 184 470; x_wconf 84' lang='lat' dir='ltr'><strong>Non</strong></span> <span class='ocrx_word' id='word_1_12' title='bbox 198 410 277 469; x_wconf 89' lang='lat' dir='ltr'><strong>enim</strong></span> <span class='ocrx_word' id='word_1_13' title='bbox 292 428 356 469; x_wconf 88' lang='lat' dir='ltr'><strong>aaa</strong></span> <span class='ocrx_word' id='word_1_14' title='bbox 370 416 428 469; x_wconf 88' lang='lat' dir='ltr'><strong>Dua</strong></span> <span class='ocrx_word' id='word_1_15' title='bbox 442 414 634 483; x_wconf 87' lang='lat' dir='ltr'><strong>acceperunt,</strong></span> <span class='ocrx_word' id='word_1_16' title='bbox 646 411 696 467; x_wconf 87' lang='lat' dir='ltr'><strong>sod</strong></span> <span class='ocrx_word' id='word_1_17' title='bbox 707 412 743 467; x_wconf 91' lang='lat' dir='ltr'><strong>de</strong></span> <span class='ocrx_word' id='word_1_18' title='bbox 754 410 871 484; x_wconf 86' lang='lat' dir='ltr'><strong>propria</strong></span> <span class='ocrx_word' id='word_1_19' title='bbox 885 413 913 481; x_wconf 72' lang='grc' dir='ltr'><strong>Α</strong></span> <span class='ocrx_word' id='word_1_20' title='bbox 927 413 994 483; x_wconf 81' lang='lat' dir='ltr'><strong>xvi).</strong></span> <span class='ocrx_word' id='word_1_21' title='bbox 1009 413 1060 469; x_wconf 90' lang='lat' dir='ltr'><strong>lsti</strong></span> <span class='ocrx_word' id='word_1_22' title='bbox 1076 417 1145 469; x_wconf 90' lang='lat' dir='ltr'><strong>suut</strong></span> <span class='ocrx_word' id='word_1_23' title='bbox 1165 413 1260 485; x_wconf 86' lang='lat' dir='ltr'><strong>capita</strong></span> <span class='ocrx_word' id='word_1_24' title='bbox 1274 412 1461 486; x_wconf 90' lang='lat' dir='ltr'><strong>popularum,</strong></span> <span class='ocrx_word' id='word_1_25' title='bbox 1484 416 1535 487; x_wconf 88' lang='lat' dir='ltr'><strong>qui</strong></span> <span class='ocrx_word' id='word_1_26' title='bbox 1554 420 1706 478; x_wconf 82' lang='lat' dir='ltr'><strong>confluunt</strong></span> <span class='ocrx_word' id='word_1_27' title='bbox 1720 425 1751 481; x_wconf 92' lang='lat' dir='ltr'><strong>in</strong></span> 
     </span>
     <span class='ocr_line' id='line_1_3' title="bbox 45 500 1749 575; baseline 0.007 -19"><span class='ocrx_word' id='word_1_28' title='bbox 45 505 149 565; x_wconf 83' lang='lat' dir='ltr'><strong>mente</strong></span> <span class='ocrx_word' id='word_1_29' title='bbox 163 500 318 558; x_wconf 85' lang='lat' dir='ltr'><strong>finxerunt.</strong></span> <span class='ocrx_word' id='word_1_30' title='bbox 336 500 558 573; x_wconf 83' lang='lat' dir='ltr'><strong>Undemigrare</strong></span> <span class='ocrx_word' id='word_1_31' title='bbox 573 515 623 556; x_wconf 87' lang='lat' dir='ltr'><strong>eos</strong></span> <span class='ocrx_word' id='word_1_32' title='bbox 636 500 723 556; x_wconf 83' lang='lat' dir='ltr'><strong>saciet</strong></span> <span class='ocrx_word' id='word_1_33' title='bbox 733 501 873 557; x_wconf 87' lang='lat' dir='ltr'>Dominus</span> <span class='ocrx_word' id='word_1_34' title='bbox 927 500 1047 568; x_wconf 89' lang='lat' dir='ltr'><strong>divitiis,</strong></span> <span class='ocrx_word' id='word_1_35' title='bbox 1058 507 1088 558; x_wconf 88' lang='lat' dir='ltr'><strong>at</strong></span> <span class='ocrx_word' id='word_1_36' title='bbox 1100 501 1231 575; x_wconf 81' lang='lat' dir='ltr'>opulenti</span> <span class='ocrx_word' id='word_1_37' title='bbox 1241 503 1348 558; x_wconf 93' lang='lat' dir='ltr'><strong>suntin</strong></span> <span class='ocrx_word' id='word_1_38' title='bbox 1360 502 1439 570; x_wconf 88' lang='lat' dir='ltr'>Sion,</span> <span class='ocrx_word' id='word_1_39' title='bbox 1452 507 1480 558; x_wconf 86' lang='lat' dir='ltr'><strong>el</strong></span> <span class='ocrx_word' id='word_1_40' title='bbox 1492 502 1601 562; x_wconf 89' lang='lat' dir='ltr'><strong>hahent</strong></span> <span class='ocrx_word' id='word_1_41' title='bbox 1612 508 1749 569; x_wconf 84' lang='lat' dir='ltr'><strong>fiduciam</strong></span> 
     </span>
     <span class='ocr_line' id='line_1_4' title="bbox 45 587 1750 666; baseline 0.006 -21"><span class='ocrx_word' id='word_1_42' title='bbox 45 592 132 653; x_wconf 71' lang='lat' dir='ltr'><strong>hana</strong></span> <span class='ocrx_word' id='word_1_43' title='bbox 142 590 330 659; x_wconf 88' lang='lat' dir='ltr'><strong>Damascum,</strong></span> <span class='ocrx_word' id='word_1_44' title='bbox 342 589 729 661; x_wconf 88' lang='lat' dir='ltr'><strong>utnonbibautsauguinem</strong></span> <span class='ocrx_word' id='word_1_45' title='bbox 739 588 872 657; x_wconf 81' lang='lat' dir='ltr'><strong>bomiui;</strong></span> <span class='ocrx_word' id='word_1_46' title='bbox 927 587 957 643; x_wconf 91' lang='lat' dir='ltr'><strong>in</strong></span> <span class='ocrx_word' id='word_1_47' title='bbox 974 594 1072 645; x_wconf 90' lang='lat' dir='ltr'><strong>moute</strong></span> <span class='ocrx_word' id='word_1_48' title='bbox 1089 590 1237 658; x_wconf 74' lang='lat' dir='ltr'><strong>Samariae,</strong></span> <span class='ocrx_word' id='word_1_49' title='bbox 1253 595 1282 646; x_wconf 92' lang='lat' dir='ltr'><strong>et</strong></span> <span class='ocrx_word' id='word_1_50' title='bbox 1295 591 1501 663; x_wconf 88' lang='lat' dir='ltr'><strong>ingrediuntur</strong></span> <span class='ocrx_word' id='word_1_51' title='bbox 1520 595 1684 666; x_wconf 86' lang='lat' dir='ltr'><strong>pompatica</strong></span> <span class='ocrx_word' id='word_1_52' title='bbox 1698 599 1750 654; x_wconf 92' lang='lat' dir='ltr'><strong>do·</strong></span> 
     </span>
     <span class='ocr_line' id='line_1_5' title="bbox 44 676 1753 756; baseline 0.005 -21"><span class='ocrx_word' id='word_1_53' title='bbox 44 679 98 736; x_wconf 83' lang='lat' dir='ltr'><strong>sed</strong></span> <span class='ocrx_word' id='word_1_54' title='bbox 111 683 262 737; x_wconf 84' lang='lat' dir='ltr'><strong>transeant</strong></span> <span class='ocrx_word' id='word_1_55' title='bbox 274 679 303 735; x_wconf 91' lang='lat' dir='ltr'><strong>in</strong></span> <span class='ocrx_word' id='word_1_56' title='bbox 316 677 505 752; x_wconf 78' lang='lat' dir='ltr'><strong>Babylonem,</strong></span> <span class='ocrx_word' id='word_1_57' title='bbox 517 682 547 734; x_wconf 90' lang='lat' dir='ltr'><strong>et</strong></span> <span class='ocrx_word' id='word_1_58' title='bbox 556 676 677 733; x_wconf 84' lang='lat' dir='ltr'><strong>audiant</strong></span> <span class='ocrx_word' id='word_1_59' title='bbox 688 694 739 750; x_wconf 94' lang='lat' dir='ltr'><strong>per</strong></span> <span class='ocrx_word' id='word_1_60' title='bbox 750 678 874 750; x_wconf 89' lang='lat' dir='ltr'><strong>prophe·</strong></span> <span class='ocrx_word' id='word_1_61' title='bbox 929 694 1010 733; x_wconf 91' lang='lat' dir='ltr'><strong>mum</strong></span> <span class='ocrx_word' id='word_1_62' title='bbox 1024 677 1122 746; x_wconf 89' lang='lat' dir='ltr'><strong>lsrael,</strong></span> <span class='ocrx_word' id='word_1_63' title='bbox 1137 685 1169 734; x_wconf 90' lang='lat' dir='ltr'><strong>ut</strong></span> <span class='ocrx_word' id='word_1_64' title='bbox 1181 684 1326 735; x_wconf 87' lang='lat' dir='ltr'><strong>turnarem</strong></span> <span class='ocrx_word' id='word_1_65' title='bbox 1338 679 1428 735; x_wconf 90' lang='lat' dir='ltr'><strong>animi</strong></span> <span class='ocrx_word' id='word_1_66' title='bbox 1437 696 1543 753; x_wconf 90' lang='lat' dir='ltr'><strong>carpus</strong></span> <span class='ocrx_word' id='word_1_67' title='bbox 1563 685 1708 756; x_wconf 85' lang='lat' dir='ltr'><strong>ostendat,</strong></span> <span class='ocrx_word' id='word_1_68' title='bbox 1723 693 1753 744; x_wconf 91' lang='lat' dir='ltr'><strong>et</strong></span> 
     </span>
     <span class='ocr_line' id='line_1_6' title="bbox 49 766 1753 840; baseline 0.004 -14"><span class='ocrx_word' id='word_1_69' title='bbox 49 772 133 826; x_wconf 74' lang='lat' dir='ltr'><strong>taam</strong></span> <span class='ocrx_word' id='word_1_70' title='bbox 150 767 232 825; x_wconf 79' lang='lat' dir='ltr'><strong>Catia</strong></span> <span class='ocrx_word' id='word_1_71' title='bbox 245 783 346 824; x_wconf 84' lang='lat' dir='ltr'><strong>aureas</strong></span> <span class='ocrx_word' id='word_1_72' title='bbox 360 768 495 838; x_wconf 71' lang='lat' dir='ltr'><strong>Babylon,</strong></span> <span class='ocrx_word' id='word_1_73' title='bbox 511 766 652 822; x_wconf 80' lang='lat' dir='ltr'><strong>inebrians</strong></span> <span class='ocrx_word' id='word_1_74' title='bbox 671 782 762 822; x_wconf 82' lang='lat' dir='ltr'><strong>ornnes</strong></span> <span class='ocrx_word' id='word_1_75' title='bbox 777 775 874 840; x_wconf 74' lang='lat' dir='ltr'><strong>pentes</strong></span> <span class='ocrx_word' id='word_1_76' title='bbox 929 783 1101 839; x_wconf 85' lang='lat' dir='ltr'><strong>pomparum</strong></span> <span class='ocrx_word' id='word_1_77' title='bbox 1115 767 1233 823; x_wconf 80' lang='lat' dir='ltr'>ferculis</span> <span class='ocrx_word' id='word_1_78' title='bbox 1243 767 1354 824; x_wconf 89' lang='lat' dir='ltr'><strong>similes</strong></span> <span class='ocrx_word' id='word_1_79' title='bbox 1364 785 1428 825; x_wconf 86' lang='lat' dir='ltr'><strong>esse</strong></span> <span class='ocrx_word' id='word_1_80' title='bbox 1441 769 1602 829; x_wconf 85' lang='lat' dir='ltr'><strong>videantur.</strong></span> <span class='ocrx_word' id='word_1_81' title='bbox 1614 773 1702 831; x_wconf 83' lang='lat' dir='ltr'><strong>Juxta</strong></span> <span class='ocrx_word' id='word_1_82' title='bbox 1711 776 1753 832; x_wconf 93' lang='lat' dir='ltr'><strong>le·</strong></span> 
     </span>
     <span class='ocr_line' id='line_1_7' title="bbox 44 856 1749 937; baseline 0.01 -33"><span class='ocrx_word' id='word_1_83' title='bbox 44 857 116 929; x_wconf 71' lang='lat' dir='ltr'><strong>(m,</strong></span> <span class='ocrx_word' id='word_1_84' title='bbox 130 875 168 924; x_wconf 79' lang='lat' dir='ltr'><strong>u,</strong></span> <span class='ocrx_word' id='word_1_85' title='bbox 184 857 223 929; x_wconf 77' lang='lat' dir='ltr'><strong>t).</strong></span> <span class='ocrx_word' id='word_1_86' title='bbox 238 857 400 915; x_wconf 76' lang='lat' dir='ltr'><strong>Damascus</strong></span> <span class='ocrx_word' id='word_1_87' title='bbox 415 856 505 925; x_wconf 89' lang='lat' dir='ltr'><strong>cuim,</strong></span> <span class='ocrx_word' id='word_1_88' title='bbox 523 859 556 912; x_wconf 95' lang='lat' dir='ltr'><strong>ut</strong></span> <span class='ocrx_word' id='word_1_89' title='bbox 570 856 670 911; x_wconf 90' lang='lat' dir='ltr'><strong>crebra</strong></span> <span class='ocrx_word' id='word_1_90' title='bbox 681 856 819 927; x_wconf 84' lang='lat' dir='ltr'><strong>diximus,</strong></span> <span class='ocrx_word' id='word_1_91' title='bbox 833 856 875 911; x_wconf 90' lang='lat' dir='ltr'><strong>in·</strong></span> <span class='ocrx_word' id='word_1_92' title='bbox 929 872 979 929; x_wconf 91' lang='lat' dir='ltr'><strong>ges</strong></span> <span class='ocrx_word' id='word_1_93' title='bbox 994 860 1091 911; x_wconf 85' lang='lat' dir='ltr'><strong>auterr.</strong></span> <span class='ocrx_word' id='word_1_94' title='bbox 1108 856 1275 928; x_wconf 74' lang='lat' dir='ltr'><strong>tropologias</strong></span> <span class='ocrx_word' id='word_1_95' title='bbox 1290 863 1318 912; x_wconf 91' lang='lat' dir='ltr'><strong>et</strong></span> <span class='ocrx_word' id='word_1_96' title='bbox 1345 856 1537 930; x_wconf 78' lang='lat' dir='ltr'><strong>Septuaginta</strong></span> <span class='ocrx_word' id='word_1_97' title='bbox 1564 862 1749 937; x_wconf 76' lang='lat' dir='ltr'><strong>interpretes,</strong></span> 
     </span>
     <span class='ocr_line' id='line_1_8' title="bbox 45 944 1752 1026; baseline 0.013 -24"><span class='ocrx_word' id='word_1_98' title='bbox 45 950 227 1019; x_wconf 87' lang='lat' dir='ltr'><strong>terpretatur</strong></span> <span class='ocrx_word' id='word_1_99' title='bbox 239 948 401 1019; x_wconf 78' lang='lat' dir='ltr'><strong>sanquinem</strong></span> <span class='ocrx_word' id='word_1_100' title='bbox 418 946 522 1012; x_wconf 81' lang='lat' dir='ltr'><strong>bibens,</strong></span> <span class='ocrx_word' id='word_1_101' title='bbox 539 945 599 1002; x_wconf 86' lang='lat' dir='ltr'><strong>sive</strong></span> <span class='ocrx_word' id='word_1_102' title='bbox 611 946 725 1014; x_wconf 75' lang='lat' dir='ltr'><strong>sanquis</strong></span> <span class='ocrx_word' id='word_1_103' title='bbox 736 946 832 1012; x_wconf 76' lang='lat' dir='ltr'><strong>cilicii,</strong></span> <span class='ocrx_word' id='word_1_104' title='bbox 842 951 875 1001; x_wconf 90' lang='lat' dir='ltr'><strong>ut</strong></span> <span class='ocrx_word' id='word_1_105' title='bbox 927 945 996 1000; x_wconf 77' lang='lat' dir='ltr'><strong>sian</strong></span> <span class='ocrx_word' id='word_1_106' title='bbox 1023 946 1148 1000; x_wconf 83' lang='lat' dir='ltr'><strong>retertur</strong></span> <span class='ocrx_word' id='word_1_107' title='bbox 1166 946 1201 1000; x_wconf 87' lang='lat' dir='ltr'><strong>ad</strong></span> <span class='ocrx_word' id='word_1_108' title='bbox 1215 944 1384 1013; x_wconf 74' lang='lat' dir='ltr'><strong>Ecclesiam.</strong></span> <span class='ocrx_word' id='word_1_109' title='bbox 1400 947 1435 1002; x_wconf 79' lang='grc' dir='ltr'><strong>(Ῑθ</strong></span> <span class='ocrx_word' id='word_1_110' title='bbox 1450 963 1510 1018; x_wconf 69' lang='lat' dir='ltr'>(1¹1ss</span> <span class='ocrx_word' id='word_1_111' title='bbox 1525 950 1665 1022; x_wconf 58' lang='lat' dir='ltr'><strong>tmuium</strong></span> <span class='ocrx_word' id='word_1_112' title='bbox 1683 953 1752 1026; x_wconf 57' lang='lat'>¹081·</span> 
     </span>
     <span class='ocr_line' id='line_1_9' title="bbox 46 1033 1752 1110; baseline 0.006 -23"><span class='ocrx_word' id='word_1_113' title='bbox 46 1051 103 1110; x_wconf 86' lang='lat' dir='ltr'><strong>per</strong></span> <span class='ocrx_word' id='word_1_114' title='bbox 116 1035 318 1109; x_wconf 77' lang='lat' dir='ltr'><strong>paenitentiam</strong></span> <span class='ocrx_word' id='word_1_115' title='bbox 333 1035 368 1091; x_wconf 79' lang='lat' dir='ltr'><strong>atl</strong></span> <span class='ocrx_word' id='word_1_116' title='bbox 386 1034 548 1091; x_wconf 87' lang='lat' dir='ltr'><strong>hibendum</strong></span> <span class='ocrx_word' id='word_1_117' title='bbox 570 1034 685 1090; x_wconf 79' lang='lat' dir='ltr'><strong>ltomini</strong></span> <span class='ocrx_word' id='word_1_118' title='bbox 700 1035 875 1107; x_wconf 88' lang='lat' dir='ltr'><strong>sauguinem</strong></span> <span class='ocrx_word' id='word_1_119' title='bbox 930 1050 1016 1090; x_wconf 91' lang='lat' dir='ltr'><strong>mus:</strong></span> <span class='ocrx_word' id='word_1_120' title='bbox 1033 1036 1089 1103; x_wconf 84' lang='lat' dir='ltr'><strong>Qui</strong></span> <span class='ocrx_word' id='word_1_121' title='bbox 1103 1033 1210 1089; x_wconf 74' lang='lat' dir='ltr'><strong>exaltat</strong></span> <span class='ocrx_word' id='word_1_122' title='bbox 1222 1050 1266 1089; x_wconf 83' lang='lat' dir='ltr'><strong>are</strong></span> <span class='ocrx_word' id='word_1_123' title='bbox 1280 1034 1312 1090; x_wconf 90' lang='lat' dir='ltr'><strong>de</strong></span> <span class='ocrx_word' id='word_1_124' title='bbox 1324 1038 1407 1105; x_wconf 86' lang='lat' dir='ltr'><strong>partu</strong></span> <span class='ocrx_word' id='word_1_125' title='bbox 1421 1038 1530 1106; x_wconf 86' lang='lat' dir='ltr'><strong>mortis,</strong></span> <span class='ocrx_word' id='word_1_126' title='bbox 1546 1042 1576 1092; x_wconf 87' lang='lat' dir='ltr'><strong>ut</strong></span> <span class='ocrx_word' id='word_1_127' title='bbox 1590 1044 1752 1098; x_wconf 80' lang='lat' dir='ltr'><strong>annuntiem</strong></span> 
     </span>
     <span class='ocr_line' id='line_1_10' title="bbox 47 1122 1751 1202; baseline 0.023 -55"><span class='ocrx_word' id='word_1_128' title='bbox 47 1141 252 1199; x_wconf 48' lang='lat' dir='ltr'><strong>provocemur·</strong></span> <span class='ocrx_word' id='word_1_129' title='bbox 929 1137 1020 1177; x_wconf 86' lang='lat' dir='ltr'><strong>omnes</strong></span> <span class='ocrx_word' id='word_1_130' title='bbox 1032 1122 1271 1178; x_wconf 71' lang='lat' dir='ltr'><strong>tantationestnas</strong></span> <span class='ocrx_word' id='word_1_131' title='bbox 1279 1124 1308 1177; x_wconf 88' lang='lat' dir='ltr'><strong>in</strong></span> <span class='ocrx_word' id='word_1_132' title='bbox 1314 1125 1402 1193; x_wconf 78' lang='lat' dir='ltr'><strong>partis</strong></span> <span class='ocrx_word' id='word_1_133' title='bbox 1407 1124 1685 1198; x_wconf 78' lang='lat' dir='ltr'><strong>filiaeSian(Paal.1x,</strong></span> <span class='ocrx_word' id='word_1_134' title='bbox 1696 1131 1751 1202; x_wconf 81' lang='lat'><strong>15).</strong></span> 
     </span>
     <span class='ocr_line' id='line_1_11' title="bbox 86 1209 1753 1289; baseline 0.01 -29"><span class='ocrx_word' id='word_1_135' title='bbox 86 1213 167 1287; x_wconf 64' lang='lat' dir='ltr'><strong>(cap.</strong></span> <span class='ocrx_word' id='word_1_136' title='bbox 184 1212 380 1269; x_wconf 86' lang='lat' dir='ltr'><strong>V1.-Vers.</strong></span> <span class='ocrx_word' id='word_1_137' title='bbox 399 1214 437 1286; x_wconf 79' lang='lat'><strong>1.)</strong></span> <span class='ocrx_word' id='word_1_138' title='bbox 469 1215 510 1269; x_wconf 84' lang='lat' dir='ltr'><strong>Vae</strong></span> <span class='ocrx_word' id='word_1_139' title='bbox 538 1214 587 1286; x_wconf 82' lang='lat' dir='ltr'><strong>qai</strong></span> <span class='ocrx_word' id='word_1_140' title='bbox 615 1212 741 1284; x_wconf 72' lang='lat' dir='ltr'><strong>spatarii</strong></span> <span class='ocrx_word' id='word_1_141' title='bbox 767 1214 877 1268; x_wconf 74' lang='lat' dir='ltr'><strong>aetitia</strong></span> <span class='ocrx_word' id='word_1_142' title='bbox 931 1209 1014 1266; x_wconf 87' lang='lat' dir='ltr'><strong>Mons</strong></span> <span class='ocrx_word' id='word_1_143' title='bbox 1028 1227 1095 1266; x_wconf 81' lang='lat' dir='ltr'><strong>vero</strong></span> <span class='ocrx_word' id='word_1_144' title='bbox 1110 1211 1259 1281; x_wconf 78' lang='lat' dir='ltr'><strong>Samaria,</strong></span> <span class='ocrx_word' id='word_1_145' title='bbox 1278 1216 1396 1283; x_wconf 92' lang='lat' dir='ltr'><strong>propter</strong></span> <span class='ocrx_word' id='word_1_146' title='bbox 1410 1214 1578 1285; x_wconf 87' lang='lat' dir='ltr'><strong>superbiam</strong></span> <span class='ocrx_word' id='word_1_147' title='bbox 1595 1221 1625 1272; x_wconf 89' lang='lat' dir='ltr'><strong>et</strong></span> <span class='ocrx_word' id='word_1_148' title='bbox 1636 1219 1753 1289; x_wconf 73' lang='lat' dir='ltr'><strong>jactam-</strong></span> 
     </span>
     <span class='ocr_line' id='line_1_12' title="bbox 47 1297 1756 1381; baseline 0.028 -63"><span class='ocrx_word' id='word_1_149' title='bbox 47 1303 127 1374; x_wconf 48' lang='lat' dir='ltr'><strong><em>Sion,</em></strong></span> <span class='ocrx_word' id='word_1_150' title='bbox 142 1307 171 1360; x_wconf 58' lang='lat' dir='ltr'><strong>et</strong></span> <span class='ocrx_word' id='word_1_151' title='bbox 184 1302 323 1374; x_wconf 45' lang='lat' dir='ltr'><strong>compl-,215</strong></span> <span class='ocrx_word' id='word_1_152' title='bbox 337 1303 367 1359; x_wconf 61' lang='lat' dir='ltr'><strong>in</strong></span> <span class='ocrx_word' id='word_1_153' title='bbox 381 1311 472 1359; x_wconf 62' lang='lat' dir='ltr'><strong>mom,</strong></span> <span class='ocrx_word' id='word_1_154' title='bbox 483 1304 631 1369; x_wconf 49' lang='lat' dir='ltr'><strong><em>Sumam,</em></strong></span> <span class='ocrx_word' id='word_1_155' title='bbox 659 1303 814 1374; x_wconf 54' lang='lat' dir='ltr'><strong>optimates,</strong></span> <span class='ocrx_word' id='word_1_156' title='bbox 831 1318 876 1359; x_wconf 64' lang='lat' dir='ltr'><strong>ca.</strong></span> <span class='ocrx_word' id='word_1_157' title='bbox 904 1299 906 1304; x_wconf 83' lang='lat'>&#39;</span> <span class='ocrx_word' id='word_1_158' title='bbox 930 1297 1001 1354; x_wconf 86' lang='lat' dir='ltr'><strong>tiam</strong></span> <span class='ocrx_word' id='word_1_159' title='bbox 1018 1298 1156 1355; x_wconf 78' lang='lat' dir='ltr'><strong>custodiae</strong></span> <span class='ocrx_word' id='word_1_160' title='bbox 1172 1299 1379 1355; x_wconf 87' lang='lat' dir='ltr'><strong>mandatorum</strong></span> <span class='ocrx_word' id='word_1_161' title='bbox 1395 1301 1454 1371; x_wconf 87' lang='lat' dir='ltr'><strong>Dei,</strong></span> <span class='ocrx_word' id='word_1_162' title='bbox 1475 1302 1651 1376; x_wconf 87' lang='lat' dir='ltr'><strong>intelligitur</strong></span> <span class='ocrx_word' id='word_1_163' title='bbox 1664 1323 1756 1381; x_wconf 89' lang='lat' dir='ltr'><strong>super</strong></span> 
     </span>
     <span class='ocr_line' id='line_1_13' title="bbox 44 1384 1754 1467; baseline 0.011 -31"><span class='ocrx_word' id='word_1_164' title='bbox 44 1395 112 1467; x_wconf 64' lang='lat' dir='ltr'><strong>pm</strong></span> <span class='ocrx_word' id='word_1_165' title='bbox 118 1391 300 1465; x_wconf 70' lang='lat' dir='ltr'><strong>populorum,</strong></span> <span class='ocrx_word' id='word_1_166' title='bbox 310 1391 494 1461; x_wconf 77' lang='lat' dir='ltr'><strong>ingredientes</strong></span> <span class='ocrx_word' id='word_1_167' title='bbox 497 1392 650 1463; x_wconf 87' lang='lat' dir='ltr'><strong>pompatice</strong></span> <span class='ocrx_word' id='word_1_168' title='bbox 661 1391 874 1447; x_wconf 77' lang='lat' dir='ltr'><strong>domnmtsraet.</strong></span> <span class='ocrx_word' id='word_1_169' title='bbox 930 1384 1085 1453; x_wconf 74' lang='lat' dir='ltr'><strong>haereticis,</strong></span> <span class='ocrx_word' id='word_1_170' title='bbox 1102 1388 1152 1460; x_wconf 93' lang='lat' dir='ltr'><strong>qui</strong></span> <span class='ocrx_word' id='word_1_171' title='bbox 1168 1387 1335 1459; x_wconf 86' lang='lat' dir='ltr'><strong>despiciunt</strong></span> <span class='ocrx_word' id='word_1_172' title='bbox 1347 1389 1526 1460; x_wconf 66' lang='lat' dir='ltr'><strong>Ecclesiam</strong></span> <span class='ocrx_word' id='word_1_173' title='bbox 1551 1394 1620 1464; x_wconf 92' lang='lat' dir='ltr'><strong>quia</strong></span> <span class='ocrx_word' id='word_1_174' title='bbox 1635 1395 1754 1455; x_wconf 87' lang='lat' dir='ltr'><strong>iullrma</strong></span> 
     </span>
     <span class='ocr_line' id='line_1_14' title="bbox 47 1474 1755 1559; baseline 0.002 -19"><span class='ocrx_word' id='word_1_175' title='bbox 47 1481 142 1541; x_wconf 82' lang='lat' dir='ltr'>LXX:</span> <span class='ocrx_word' id='word_1_176' title='bbox 160 1483 201 1540; x_wconf 77' lang='lat' dir='ltr'><strong>te</strong></span> <span class='ocrx_word' id='word_1_177' title='bbox 215 1483 265 1559; x_wconf 66' lang='lat' dir='ltr'><strong>qai</strong></span> <span class='ocrx_word' id='word_1_178' title='bbox 274 1481 429 1553; x_wconf 80' lang='lat' dir='ltr'><strong>tlespieiant</strong></span> <span class='ocrx_word' id='word_1_179' title='bbox 445 1481 522 1552; x_wconf 85' lang='lat' dir='ltr'><strong>Sion,</strong></span> <span class='ocrx_word' id='word_1_180' title='bbox 537 1489 563 1534; x_wconf 84' lang='lat' dir='ltr'><strong>at</strong></span> <span class='ocrx_word' id='word_1_181' title='bbox 591 1479 730 1550; x_wconf 72' lang='lat' dir='ltr'><strong>confidant</strong></span> <span class='ocrx_word' id='word_1_182' title='bbox 745 1481 775 1535; x_wconf 86' lang='lat' dir='ltr'><strong>in</strong></span> <span class='ocrx_word' id='word_1_183' title='bbox 786 1488 877 1536; x_wconf 86' lang='lat' dir='ltr'><strong>monte</strong></span> <span class='ocrx_word' id='word_1_184' title='bbox 931 1474 1033 1530; x_wconf 91' lang='lat' dir='ltr'><strong>muudi</strong></span> <span class='ocrx_word' id='word_1_185' title='bbox 1049 1475 1136 1548; x_wconf 88' lang='lat' dir='ltr'><strong>elegit</strong></span> <span class='ocrx_word' id='word_1_186' title='bbox 1151 1476 1238 1542; x_wconf 89' lang='lat' dir='ltr'><strong>Deus,</strong></span> <span class='ocrx_word' id='word_1_187' title='bbox 1249 1481 1282 1531; x_wconf 92' lang='lat' dir='ltr'><strong>ut</strong></span> <span class='ocrx_word' id='word_1_188' title='bbox 1293 1478 1452 1535; x_wconf 82' lang='lat' dir='ltr'><strong>confundat</strong></span> <span class='ocrx_word' id='word_1_189' title='bbox 1463 1480 1557 1552; x_wconf 83' lang='lat' dir='ltr'><strong>tortia,</strong></span> <span class='ocrx_word' id='word_1_190' title='bbox 1569 1488 1598 1538; x_wconf 90' lang='lat' dir='ltr'><strong>et</strong></span> <span class='ocrx_word' id='word_1_191' title='bbox 1609 1485 1710 1552; x_wconf 89' lang='lat' dir='ltr'><strong>stulta,</strong></span> <span class='ocrx_word' id='word_1_192' title='bbox 1722 1493 1755 1543; x_wconf 92' lang='lat' dir='ltr'><strong>ut</strong></span> 
     </span>
     <span class='ocr_line' id='line_1_15' title="bbox 51 1564 1755 1647; baseline 0.004 -22"><span class='ocrx_word' id='word_1_193' title='bbox 51 1570 191 1629; x_wconf 74' lang='lat' dir='ltr'><strong>Samaria</strong></span> <span class='ocrx_word' id='word_1_194' title='bbox 202 1587 210 1626; x_wconf 90' lang='lat'>:</span> <span class='ocrx_word' id='word_1_195' title='bbox 221 1569 430 1627; x_wconf 74' lang='lat' dir='ltr'><strong>vimlemiarant</strong></span> <span class='ocrx_word' id='word_1_196' title='bbox 437 1570 580 1641; x_wconf 79' lang='lat' dir='ltr'><strong>primitias</strong></span> <span class='ocrx_word' id='word_1_197' title='bbox 588 1570 749 1640; x_wconf 59' lang='lat' dir='ltr'><strong>perstiterant</strong></span> <span class='ocrx_word' id='word_1_198' title='bbox 760 1570 878 1638; x_wconf 79' lang='lat' dir='ltr'><strong>inpressi</strong></span> <span class='ocrx_word' id='word_1_199' title='bbox 931 1564 1214 1635; x_wconf 86' lang='lat' dir='ltr'><strong>perdatsapientiam</strong></span> <span class='ocrx_word' id='word_1_200' title='bbox 1221 1565 1410 1637; x_wconf 88' lang='lat' dir='ltr'><strong>sapientium,</strong></span> <span class='ocrx_word' id='word_1_201' title='bbox 1421 1568 1677 1643; x_wconf 86' lang='lat' dir='ltr'><strong>etintelligentiam</strong></span> <span class='ocrx_word' id='word_1_202' title='bbox 1687 1592 1755 1647; x_wconf 92' lang='lat' dir='ltr'><strong>pru·</strong></span> 
     </span>
     <span class='ocr_line' id='line_1_16' title="bbox 46 1653 1755 1733; baseline 0.013 -35"><span class='ocrx_word' id='word_1_203' title='bbox 46 1657 876 1733; x_wconf 48' lang='lat' dir='ltr'><strong>mgisqafflsion,utsupradiximus,etadmontem</strong></span> <span class='ocrx_word' id='word_1_204' title='bbox 931 1653 1062 1709; x_wconf 92' lang='lat' dir='ltr'><strong>dentium</strong></span> <span class='ocrx_word' id='word_1_205' title='bbox 1092 1654 1227 1725; x_wconf 87' lang='lat' dir='ltr'><strong>reprobet</strong></span> <span class='ocrx_word' id='word_1_206' title='bbox 1255 1659 1280 1722; x_wconf 90' lang='lat' dir='ltr'><strong>(l</strong></span> <span class='ocrx_word' id='word_1_207' title='bbox 1309 1655 1369 1710; x_wconf 87' lang='lat' dir='ltr'><strong>Car.</strong></span> <span class='ocrx_word' id='word_1_208' title='bbox 1387 1657 1418 1727; x_wconf 89' lang='lat'><strong>1).</strong></span> <span class='ocrx_word' id='word_1_209' title='bbox 1436 1657 1487 1712; x_wconf 90' lang='lat' dir='ltr'><strong>lsti</strong></span> <span class='ocrx_word' id='word_1_210' title='bbox 1503 1658 1755 1721; x_wconf 87' lang='lat' dir='ltr'><strong>vindemiaverunt</strong></span> 
     </span>
     <span class='ocr_line' id='line_1_17' title="bbox 46 1741 1754 1818; baseline 0.007 -20"><span class='ocrx_word' id='word_1_211' title='bbox 46 1748 200 1817; x_wconf 69' lang='lat' dir='ltr'><strong>Samariae,</strong></span> <span class='ocrx_word' id='word_1_212' title='bbox 215 1748 245 1804; x_wconf 92' lang='lat' dir='ltr'><strong>id</strong></span> <span class='ocrx_word' id='word_1_213' title='bbox 259 1751 316 1815; x_wconf 86' lang='lat' dir='ltr'><strong>est,</strong></span> <span class='ocrx_word' id='word_1_214' title='bbox 328 1748 365 1804; x_wconf 86' lang='lat' dir='ltr'><strong>ad</strong></span> <span class='ocrx_word' id='word_1_215' title='bbox 376 1748 451 1803; x_wconf 91' lang='lat' dir='ltr'><strong>duas</strong></span> <span class='ocrx_word' id='word_1_216' title='bbox 462 1747 568 1817; x_wconf 89' lang='lat' dir='ltr'><strong>trihus,</strong></span> <span class='ocrx_word' id='word_1_217' title='bbox 579 1762 643 1818; x_wconf 83' lang='lat' dir='ltr'><strong>quae</strong></span> <span class='ocrx_word' id='word_1_218' title='bbox 655 1745 879 1818; x_wconf 83' lang='lat' dir='ltr'><strong>appellabantur</strong></span> <span class='ocrx_word' id='word_1_219' title='bbox 932 1741 1078 1814; x_wconf 87' lang='lat' dir='ltr'><strong>primitias</strong></span> <span class='ocrx_word' id='word_1_220' title='bbox 1089 1741 1233 1813; x_wconf 84' lang='lat' dir='ltr'><strong>gentium,</strong></span> <span class='ocrx_word' id='word_1_221' title='bbox 1245 1747 1279 1798; x_wconf 93' lang='lat' dir='ltr'><strong>ut</strong></span> <span class='ocrx_word' id='word_1_222' title='bbox 1289 1744 1344 1798; x_wconf 90' lang='lat' dir='ltr'><strong>sub</strong></span> <span class='ocrx_word' id='word_1_223' title='bbox 1355 1745 1473 1800; x_wconf 89' lang='lat' dir='ltr'><strong>nomine</strong></span> <span class='ocrx_word' id='word_1_224' title='bbox 1488 1747 1652 1807; x_wconf 85' lang='lat' dir='ltr'><strong>Christiano</strong></span> <span class='ocrx_word' id='word_1_225' title='bbox 1663 1752 1754 1811; x_wconf 90' lang='lat' dir='ltr'><strong>intra·</strong></span> 
     </span>
     <span class='ocr_line' id='line_1_18' title="bbox 16 1830 1753 1913; baseline 0.008 -27"><span class='ocrx_word' id='word_1_226' title='bbox 16 1900 24 1913; x_wconf 43' lang='grc'>,</span> <span class='ocrx_word' id='word_1_227' title='bbox 47 1836 139 1910; x_wconf 81' lang='lat' dir='ltr'><strong>Juda,</strong></span> <span class='ocrx_word' id='word_1_228' title='bbox 150 1841 179 1893; x_wconf 90' lang='lat' dir='ltr'><strong>et</strong></span> <span class='ocrx_word' id='word_1_229' title='bbox 194 1836 231 1893; x_wconf 89' lang='lat' dir='ltr'><strong>ad</strong></span> <span class='ocrx_word' id='word_1_230' title='bbox 242 1835 421 1908; x_wconf 68' lang='lat' dir='ltr'><strong>decemque</strong></span> <span class='ocrx_word' id='word_1_231' title='bbox 430 1834 546 1892; x_wconf 90' lang='lat' dir='ltr'><strong>lsraelis</strong></span> <span class='ocrx_word' id='word_1_232' title='bbox 556 1834 675 1890; x_wconf 89' lang='lat' dir='ltr'><strong>nomine</strong></span> <span class='ocrx_word' id='word_1_233' title='bbox 688 1835 876 1906; x_wconf 85' lang='lat' dir='ltr'><strong>vocabantur,</strong></span> <span class='ocrx_word' id='word_1_234' title='bbox 933 1830 1129 1887; x_wconf 90' lang='lat' dir='ltr'><strong>ducerenteos</strong></span> <span class='ocrx_word' id='word_1_235' title='bbox 1139 1830 1169 1887; x_wconf 91' lang='lat' dir='ltr'><strong>iu</strong></span> <span class='ocrx_word' id='word_1_236' title='bbox 1180 1831 1411 1901; x_wconf 88' lang='lat' dir='ltr'><strong>torcularissua,</strong></span> <span class='ocrx_word' id='word_1_237' title='bbox 1423 1834 1471 1889; x_wconf 93' lang='lat' dir='ltr'><strong>ubi</strong></span> <span class='ocrx_word' id='word_1_238' title='bbox 1481 1851 1539 1891; x_wconf 91' lang='lat' dir='ltr'><strong>uon</strong></span> <span class='ocrx_word' id='word_1_239' title='bbox 1550 1838 1679 1896; x_wconf 87' lang='lat' dir='ltr'><strong>calcetur</strong></span> <span class='ocrx_word' id='word_1_240' title='bbox 1688 1858 1753 1912; x_wconf 87' lang='lat' dir='ltr'><strong>uva,</strong></span> 
     </span>
     <span class='ocr_line' id='line_1_19' title="bbox 47 1919 1754 1999; baseline 0.006 -21"><span class='ocrx_word' id='word_1_241' title='bbox 47 1924 201 1999; x_wconf 72' lang='lat' dir='ltr'><strong>propheta</strong></span> <span class='ocrx_word' id='word_1_242' title='bbox 215 1941 311 1983; x_wconf 88' lang='lat' dir='ltr'><strong>sermo</strong></span> <span class='ocrx_word' id='word_1_243' title='bbox 327 1924 486 1994; x_wconf 77' lang='lat' dir='ltr'><strong>confertur,</strong></span> <span class='ocrx_word' id='word_1_244' title='bbox 502 1922 629 1979; x_wconf 71' lang='lat' dir='ltr'><strong>mamma</strong></span> <span class='ocrx_word' id='word_1_245' title='bbox 645 1923 681 1979; x_wconf 93' lang='lat' dir='ltr'><strong>ad</strong></span> <span class='ocrx_word' id='word_1_246' title='bbox 703 1940 763 1990; x_wconf 93' lang='lat' dir='ltr'><strong>eas,</strong></span> <span class='ocrx_word' id='word_1_247' title='bbox 780 1924 830 1995; x_wconf 92' lang='lat' dir='ltr'><strong>qui</strong></span> <span class='ocrx_word' id='word_1_248' title='bbox 848 1923 877 1980; x_wconf 91' lang='lat' dir='ltr'><strong>iu</strong></span> <span class='ocrx_word' id='word_1_249' title='bbox 933 1920 982 1975; x_wconf 91' lang='lat' dir='ltr'><strong>sed</strong></span> <span class='ocrx_word' id='word_1_250' title='bbox 996 1919 1196 1992; x_wconf 91' lang='lat' dir='ltr'><strong>perditur:ubi</strong></span> <span class='ocrx_word' id='word_1_251' title='bbox 1205 1937 1261 1976; x_wconf 93' lang='lat' dir='ltr'><strong>non</strong></span> <span class='ocrx_word' id='word_1_252' title='bbox 1271 1926 1403 1977; x_wconf 90' lang='lat' dir='ltr'><strong>mustum</strong></span> <span class='ocrx_word' id='word_1_253' title='bbox 1415 1924 1597 1995; x_wconf 82' lang='lat' dir='ltr'><strong>exprimitur,</strong></span> <span class='ocrx_word' id='word_1_254' title='bbox 1610 1929 1660 1984; x_wconf 86' lang='lat' dir='ltr'><strong>scd</strong></span> <span class='ocrx_word' id='word_1_255' title='bbox 1669 1947 1754 1989; x_wconf 88' lang='lat' dir='ltr'><strong>vane·</strong></span> 
     </span>
     <span class='ocr_line' id='line_1_20' title="bbox 47 2010 1754 2093; baseline 0.018 -45"><span class='ocrx_word' id='word_1_256' title='bbox 47 2012 877 2093; x_wconf 48' lang='lat' dir='ltr'><strong>„boqugpopuloopiimateasunni)etprincipas,etva-</strong></span> <span class='ocrx_word' id='word_1_257' title='bbox 932 2024 1014 2064; x_wconf 90' lang='lat' dir='ltr'><strong>num.</strong></span> <span class='ocrx_word' id='word_1_258' title='bbox 1028 2011 1065 2064; x_wconf 85' lang='lat' dir='ltr'><strong>Et</strong></span> <span class='ocrx_word' id='word_1_259' title='bbox 1079 2010 1198 2078; x_wconf 75' lang='lat' dir='ltr'><strong>inpressi</strong></span> <span class='ocrx_word' id='word_1_260' title='bbox 1211 2014 1276 2064; x_wconf 83' lang='lat' dir='ltr'><strong>sant</strong></span> <span class='ocrx_word' id='word_1_261' title='bbox 1289 2010 1353 2067; x_wconf 83' lang='lat' dir='ltr'><strong>sibi.</strong></span> <span class='ocrx_word' id='word_1_262' title='bbox 1369 2010 1494 2068; x_wconf 86' lang='lat' dir='ltr'><strong>Pulchra</strong></span> <span class='ocrx_word' id='word_1_263' title='bbox 1508 2014 1592 2083; x_wconf 85' lang='lat' dir='ltr'><strong>dixit,</strong></span> <span class='ocrx_word' id='word_1_264' title='bbox 1608 2018 1663 2073; x_wconf 81' lang='lat' dir='ltr'><strong>sibi</strong></span> <span class='ocrx_word' id='word_1_265' title='bbox 1672 2036 1678 2075; x_wconf 92' lang='lat'>:</span> <span class='ocrx_word' id='word_1_266' title='bbox 1697 2038 1754 2078; x_wconf 90' lang='lat' dir='ltr'><strong>uon</strong></span> 
     </span>
    </p>

    <p class='ocr_par' dir='ltr' id='par_1_3' title="bbox 28 2097 1757 2532">
     <span class='ocr_line' id='line_1_21' title="bbox 28 2097 1756 2175; baseline 0.006 -18"><span class='ocrx_word' id='word_1_267' title='bbox 28 2164 32 2171; x_wconf 55' lang='grc'><em>,</em></span> <span class='ocrx_word' id='word_1_268' title='bbox 48 2100 638 2175; x_wconf 82' lang='lat' dir='ltr'><strong>oantdeliciisinexemplumilliusdivitis</strong></span> <span class='ocrx_word' id='word_1_269' title='bbox 659 2101 877 2173; x_wconf 90' lang='lat' dir='ltr'><strong>purpurati,qui</strong></span> <span class='ocrx_word' id='word_1_270' title='bbox 932 2097 1012 2153; x_wconf 89' lang='lat' dir='ltr'><strong>enim</strong></span> <span class='ocrx_word' id='word_1_271' title='bbox 1023 2098 1147 2170; x_wconf 90' lang='lat' dir='ltr'><strong>ingressi</strong></span> <span class='ocrx_word' id='word_1_272' title='bbox 1157 2104 1228 2155; x_wconf 92' lang='lat' dir='ltr'><strong>sunt</strong></span> <span class='ocrx_word' id='word_1_273' title='bbox 1240 2102 1307 2170; x_wconf 84' lang='lat' dir='ltr'><strong>Deo,</strong></span> <span class='ocrx_word' id='word_1_274' title='bbox 1319 2101 1370 2156; x_wconf 90' lang='lat' dir='ltr'><strong>sed</strong></span> <span class='ocrx_word' id='word_1_275' title='bbox 1382 2100 1438 2156; x_wconf 88' lang='lat' dir='ltr'><strong>sibi</strong></span> <span class='ocrx_word' id='word_1_276' title='bbox 1450 2102 1574 2174; x_wconf 89' lang='lat' dir='ltr'><strong>ingressi</strong></span> <span class='ocrx_word' id='word_1_277' title='bbox 1586 2110 1665 2162; x_wconf 93' lang='lat' dir='ltr'><strong>sunt.</strong></span> <span class='ocrx_word' id='word_1_278' title='bbox 1676 2109 1756 2166; x_wconf 76' lang='lat' dir='ltr'><strong>Alio-</strong></span> 
     </span>
     <span class='ocr_line' id='line_1_22' title="bbox 48 2186 1757 2262; baseline 0.009 -22"><span class='ocrx_word' id='word_1_279' title='bbox 48 2190 295 2255; x_wconf 59' lang='lat' dir='ltr'><strong>lntabaturwss</strong></span> <span class='ocrx_word' id='word_1_280' title='bbox 308 2191 338 2246; x_wconf 90' lang='lat' dir='ltr'><strong>in</strong></span> <span class='ocrx_word' id='word_1_281' title='bbox 349 2190 491 2253; x_wconf 89' lang='lat' dir='ltr'><strong>convivio,</strong></span> <span class='ocrx_word' id='word_1_282' title='bbox 503 2194 532 2246; x_wconf 93' lang='lat' dir='ltr'><strong>et</strong></span> <span class='ocrx_word' id='word_1_283' title='bbox 541 2190 571 2244; x_wconf 90' lang='lat' dir='ltr'><strong>in</strong></span> <span class='ocrx_word' id='word_1_284' title='bbox 589 2194 700 2245; x_wconf 87' lang='lat' dir='ltr'><strong>tantam</strong></span> <span class='ocrx_word' id='word_1_285' title='bbox 711 2190 879 2262; x_wconf 80' lang='lat' dir='ltr'><strong>erigebatur</strong></span> <span class='ocrx_word' id='word_1_286' title='bbox 932 2186 1002 2257; x_wconf 89' lang='lat' dir='ltr'><strong>quin</strong></span> <span class='ocrx_word' id='word_1_287' title='bbox 1016 2187 1290 2258; x_wconf 76' lang='lat' dir='ltr'><strong>neomagisegressi</strong></span> <span class='ocrx_word' id='word_1_288' title='bbox 1300 2194 1379 2252; x_wconf 86' lang='lat' dir='ltr'><strong>sunt,</strong></span> <span class='ocrx_word' id='word_1_289' title='bbox 1389 2189 1460 2245; x_wconf 92' lang='lat' dir='ltr'><strong>dum</strong></span> <span class='ocrx_word' id='word_1_290' title='bbox 1472 2192 1653 2251; x_wconf 90' lang='lat' dir='ltr'><strong>receduntde</strong></span> <span class='ocrx_word' id='word_1_291' title='bbox 1662 2197 1757 2255; x_wconf 77' lang='lat' dir='ltr'><strong>lloele-</strong></span> 
     </span>
     <span class='ocr_line' id='line_1_23' title="bbox 46 2274 1755 2359; baseline 0.009 -30"><span class='ocrx_word' id='word_1_292' title='bbox 46 2280 237 2354; x_wconf 63' lang='lat' dir='ltr'><strong>,uperbinm</strong></span> <span class='ocrx_word' id='word_1_293' title='bbox 254 2284 287 2336; x_wconf 92' lang='lat' dir='ltr'><strong>ut</strong></span> <span class='ocrx_word' id='word_1_294' title='bbox 301 2280 443 2336; x_wconf 83' lang='lat' dir='ltr'><strong>Lazarum</strong></span> <span class='ocrx_word' id='word_1_295' title='bbox 454 2284 522 2336; x_wconf 87' lang='lat' dir='ltr'><strong>ente</strong></span> <span class='ocrx_word' id='word_1_296' title='bbox 537 2278 646 2335; x_wconf 86' lang='lat' dir='ltr'><strong>ostium</strong></span> <span class='ocrx_word' id='word_1_297' title='bbox 659 2295 745 2335; x_wconf 88' lang='lat' dir='ltr'><strong>suum</strong></span> <span class='ocrx_word' id='word_1_298' title='bbox 758 2278 877 2351; x_wconf 89' lang='lat' dir='ltr'><strong>plenum</strong></span> <span class='ocrx_word' id='word_1_299' title='bbox 932 2274 986 2330; x_wconf 89' lang='lat' dir='ltr'><strong>siu.</strong></span> <span class='ocrx_word' id='word_1_300' title='bbox 1002 2276 1144 2347; x_wconf 82' lang='lat' dir='ltr'><strong>Quodque</strong></span> <span class='ocrx_word' id='word_1_301' title='bbox 1155 2276 1299 2347; x_wconf 89' lang='lat' dir='ltr'><strong>sequitur,</strong></span> <span class='ocrx_word' id='word_1_302' title='bbox 1311 2279 1409 2333; x_wconf 84' lang='lat' dir='ltr'><strong>Damas</strong></span> <span class='ocrx_word' id='word_1_303' title='bbox 1419 2279 1514 2346; x_wconf 82' lang='lat' dir='ltr'><strong>iarael,</strong></span> <span class='ocrx_word' id='word_1_304' title='bbox 1535 2281 1621 2351; x_wconf 86' lang='lat' dir='ltr'><strong>juxta</strong></span> <span class='ocrx_word' id='word_1_305' title='bbox 1631 2285 1755 2359; x_wconf 89' lang='lat' dir='ltr'><strong>Septua-</strong></span> 
     </span>
     <span class='ocr_line' id='line_1_24' title="bbox 46 2364 1753 2447; baseline 0.004 -21"><span class='ocrx_word' id='word_1_306' title='bbox 46 2367 206 2426; x_wconf 84' lang='lat' dir='ltr'><strong>uloeribus</strong></span> <span class='ocrx_word' id='word_1_307' title='bbox 218 2368 422 2441; x_wconf 79' lang='lat' dir='ltr'><strong>indignaretur</strong></span> <span class='ocrx_word' id='word_1_308' title='bbox 436 2368 577 2440; x_wconf 81' lang='lat' dir='ltr'><strong>aspicere,</strong></span> <span class='ocrx_word' id='word_1_309' title='bbox 593 2371 622 2423; x_wconf 89' lang='lat' dir='ltr'><strong>et</strong></span> <span class='ocrx_word' id='word_1_310' title='bbox 636 2383 672 2422; x_wconf 92' lang='lat' dir='ltr'><strong>ue</strong></span> <span class='ocrx_word' id='word_1_311' title='bbox 688 2366 741 2422; x_wconf 88' lang='lat' dir='ltr'><strong>hoc</strong></span> <span class='ocrx_word' id='word_1_312' title='bbox 757 2366 891 2446; x_wconf 87' lang='lat' dir='ltr'><strong>quidem</strong></span> <span class='ocrx_word' id='word_1_313' title='bbox 932 2365 1024 2436; x_wconf 86' lang='lat' dir='ltr'><strong>ginta,</strong></span> <span class='ocrx_word' id='word_1_314' title='bbox 1037 2365 1066 2418; x_wconf 91' lang='lat' dir='ltr'><strong>in</strong></span> <span class='ocrx_word' id='word_1_315' title='bbox 1078 2364 1219 2437; x_wconf 90' lang='lat' dir='ltr'><strong>principio</strong></span> <span class='ocrx_word' id='word_1_316' title='bbox 1230 2365 1350 2438; x_wconf 90' lang='lat' dir='ltr'><strong>capituli</strong></span> <span class='ocrx_word' id='word_1_317' title='bbox 1361 2368 1512 2438; x_wconf 91' lang='lat' dir='ltr'><strong>sequentis</strong></span> <span class='ocrx_word' id='word_1_318' title='bbox 1523 2369 1678 2442; x_wconf 87' lang='lat' dir='ltr'><strong>legendum</strong></span> <span class='ocrx_word' id='word_1_319' title='bbox 1691 2381 1753 2447; x_wconf 89' lang='lat' dir='ltr'><strong>eet;</strong></span> 
     </span>
     <span class='ocr_line' id='line_1_25' title="bbox 45 2454 1754 2532; baseline 0.005 -17"><span class='ocrx_word' id='word_1_320' title='bbox 45 2457 75 2516; x_wconf 88' lang='lat' dir='ltr'><strong>ei</strong></span> <span class='ocrx_word' id='word_1_321' title='bbox 90 2458 249 2527; x_wconf 85' lang='lat' dir='ltr'><strong>tribueret,</strong></span> <span class='ocrx_word' id='word_1_322' title='bbox 264 2458 342 2530; x_wconf 91' lang='lat' dir='ltr'><strong>quod</strong></span> <span class='ocrx_word' id='word_1_323' title='bbox 369 2457 532 2529; x_wconf 89' lang='lat' dir='ltr'><strong>periturum</strong></span> <span class='ocrx_word' id='word_1_324' title='bbox 543 2462 621 2513; x_wconf 88' lang='lat' dir='ltr'><strong>esset</strong></span> <span class='ocrx_word' id='word_1_325' title='bbox 636 2472 670 2512; x_wconf 82' lang='lat' dir='ltr'><strong>ex</strong></span> <span class='ocrx_word' id='word_1_326' title='bbox 683 2473 786 2512; x_wconf 88' lang='lat' dir='ltr'><strong>mensa</strong></span> <span class='ocrx_word' id='word_1_327' title='bbox 800 2457 876 2524; x_wconf 81' lang='lat' dir='ltr'><strong>(ine.</strong></span> <span class='ocrx_word' id='word_1_328' title='bbox 928 2454 1013 2524; x_wconf 83' lang='lat' dir='ltr'><strong>juxta</strong></span> <span class='ocrx_word' id='word_1_329' title='bbox 1028 2454 1174 2522; x_wconf 85' lang='lat' dir='ltr'><strong>liebraeue,</strong></span> <span class='ocrx_word' id='word_1_330' title='bbox 1190 2455 1219 2509; x_wconf 90' lang='lat' dir='ltr'><strong>iu</strong></span> <span class='ocrx_word' id='word_1_331' title='bbox 1236 2455 1293 2510; x_wconf 80' lang='lat' dir='ltr'><strong>sine</strong></span> <span class='ocrx_word' id='word_1_332' title='bbox 1321 2455 1423 2526; x_wconf 87' lang='lat' dir='ltr'><strong>hujus,</strong></span> <span class='ocrx_word' id='word_1_333' title='bbox 1452 2458 1529 2529; x_wconf 92' lang='lat' dir='ltr'><strong>quod</strong></span> <span class='ocrx_word' id='word_1_334' title='bbox 1553 2464 1754 2532; x_wconf 84' lang='lat' dir='ltr'><strong>exposuimus.</strong></span> 
     </span>
    </p>
   </div>
   <div class='ocr_carea' id='block_1_3' title="bbox 43 2596 1755 2817">
    <p class='ocr_par' dir='ltr' id='par_1_4' title="bbox 43 2596 1755 2817">
     <span class='ocr_line' id='line_1_26' title="bbox 83 2596 1755 2676; baseline 0.005 -19"><span class='ocrx_word' id='word_1_335' title='bbox 83 2600 127 2673; x_wconf 85' lang='lat' dir='ltr'><strong>(a)</strong></span> <span class='ocrx_word' id='word_1_336' title='bbox 143 2598 345 2656; x_wconf 79' lang='lat' dir='ltr'><strong>Verhadamns</strong></span> <span class='ocrx_word' id='word_1_337' title='bbox 357 2599 455 2664; x_wconf 80' lang='lat' dir='ltr'><strong>lsrael,</strong></span> <span class='ocrx_word' id='word_1_338' title='bbox 487 2615 531 2653; x_wconf 82' lang='lat' dir='ltr'><strong>uae</strong></span> <span class='ocrx_word' id='word_1_339' title='bbox 551 2597 640 2654; x_wconf 90' lang='lat' dir='ltr'><strong>subse</strong></span> <span class='ocrx_word' id='word_1_340' title='bbox 663 2598 742 2652; x_wconf 92' lang='lat' dir='ltr'><strong>uenti</strong></span> <span class='ocrx_word' id='word_1_341' title='bbox 760 2596 876 2652; x_wconf 88' lang='lat' dir='ltr'><strong>Hieron.</strong></span> <span class='ocrx_word' id='word_1_342' title='bbox 930 2596 1072 2664; x_wconf 81' lang='lat' dir='ltr'><strong>vacabant,</strong></span> <span class='ocrx_word' id='word_1_343' title='bbox 1085 2596 1120 2651; x_wconf 91' lang='lat' dir='ltr'><strong>ad</strong></span> <span class='ocrx_word' id='word_1_344' title='bbox 1131 2613 1202 2652; x_wconf 90' lang='lat' dir='ltr'><strong>mss.</strong></span> <span class='ocrx_word' id='word_1_345' title='bbox 1214 2598 1312 2653; x_wconf 83' lang='lat' dir='ltr'><strong>fidem.</strong></span> <span class='ocrx_word' id='word_1_346' title='bbox 1324 2599 1451 2671; x_wconf 77' lang='lat' dir='ltr'><strong>Persaepe</strong></span> <span class='ocrx_word' id='word_1_347' title='bbox 1461 2617 1526 2658; x_wconf 86' lang='lat' dir='ltr'><strong>vere</strong></span> <span class='ocrx_word' id='word_1_348' title='bbox 1537 2602 1566 2657; x_wconf 94' lang='lat' dir='ltr'><strong>id</strong></span> <span class='ocrx_word' id='word_1_349' title='bbox 1576 2619 1671 2676; x_wconf 87' lang='lat' dir='ltr'><strong>genus</strong></span> <span class='ocrx_word' id='word_1_350' title='bbox 1680 2606 1755 2665; x_wconf 89' lang='lat' dir='ltr'><strong>levia</strong></span> 
     </span>
     <span class='ocr_line' id='line_1_27' title="bbox 43 2614 1345 2753; baseline -0.003 -24"><span class='ocrx_word' id='word_1_351' title='bbox 43 2676 134 2746; x_wconf 80' lang='lat' dir='ltr'><strong>aptat</strong></span> <span class='ocrx_word' id='word_1_352' title='bbox 149 2669 305 2737; x_wconf 86' lang='lat' dir='ltr'><strong>versiculo,</strong></span> <span class='ocrx_word' id='word_1_353' title='bbox 322 2615 524 2753; x_wconf 68' lang='lat' dir='ltr'><strong>cautiquobic</strong></span> <span class='ocrx_word' id='word_1_354' title='bbox 539 2614 768 2750; x_wconf 63' lang='lat' dir='ltr'><strong>suhuitbisnrp.</strong></span> <span class='ocrx_word' id='word_1_355' title='bbox 784 2685 840 2723; x_wconf 89' lang='lat' dir='ltr'><strong>ms.</strong></span> <span class='ocrx_word' id='word_1_356' title='bbox 933 2667 1039 2724; x_wconf 87' lang='lat' dir='ltr'><strong>ruenda</strong></span> <span class='ocrx_word' id='word_1_357' title='bbox 1053 2669 1133 2723; x_wconf 89' lang='lat' dir='ltr'><strong>taciti</strong></span> <span class='ocrx_word' id='word_1_358' title='bbox 1155 2669 1345 2741; x_wconf 87' lang='lat' dir='ltr'><strong>castigamus.</strong></span> 
     </span>
     <span class='ocr_line' id='line_1_28' title="bbox 82 2739 878 2817; baseline -0.005 -18"><span class='ocrx_word' id='word_1_359' title='bbox 82 2741 276 2817; x_wconf 77' lang='lat' dir='ltr'><strong>(b)(&#39;opulam</strong></span> <span class='ocrx_word' id='word_1_360' title='bbox 287 2743 311 2799; x_wconf 88' lang='lat' dir='ltr'><strong>et</strong></span> <span class='ocrx_word' id='word_1_361' title='bbox 322 2741 503 2807; x_wconf 78' lang='lat' dir='ltr'><strong>suffecimus,</strong></span> <span class='ocrx_word' id='word_1_362' title='bbox 514 2745 579 2795; x_wconf 91' lang='lat' dir='ltr'><strong>tum</strong></span> <span class='ocrx_word' id='word_1_363' title='bbox 588 2739 818 2812; x_wconf 71' lang='lat' dir='ltr'><strong>amantlegrmus</strong></span> <span class='ocrx_word' id='word_1_364' title='bbox 826 2756 878 2812; x_wconf 95' lang='lat' dir='ltr'><strong>pro</strong></span> 
     </span>
    </p>
   </div>
   <div class='ocr_carea' id='block_1_4' title="bbox 634 2972 1180 3095">
    <p class='ocr_par' dir='ltr' id='par_1_5' title="bbox 634 2972 1180 3095">
     <span class='ocr_line' id='line_1_29' title="bbox 634 2972 1180 3095; baseline 0 -29"><span class='ocrx_word' id='word_1_365' title='bbox 634 2973 843 3066; x_wconf 79' lang='lat' dir='ltr'><strong>urana</strong></span> <span class='ocrx_word' id='word_1_366' title='bbox 881 2972 1180 3095; x_wconf 69' lang='lat' dir='ltr'><strong>cauriae.</strong></span> 
     </span>
    </p>
   </div>
   <div class='ocr_carea' id='block_1_5' title="bbox 44 3246 1759 4563">
    <p class='ocr_par' dir='ltr' id='par_1_6' title="bbox 44 3246 1759 4563">
     <span class='ocr_line' id='line_1_30' title="bbox 84 3246 1757 3328; baseline 0.002 -19"><span class='ocrx_word' id='word_1_367' title='bbox 84 3247 257 3310; x_wconf 70' lang='lat' dir='ltr'><strong>mm</strong></span> <span class='ocrx_word' id='word_1_368' title='bbox 285 3250 463 3322; x_wconf 72' lang='lat' dir='ltr'><strong>Praepostera</strong></span> <span class='ocrx_word' id='word_1_369' title='bbox 501 3248 604 3304; x_wconf 91' lang='lat' dir='ltr'><strong>ordine</strong></span> <span class='ocrx_word' id='word_1_370' title='bbox 636 3251 724 3320; x_wconf 91' lang='lat' dir='ltr'><strong>atque</strong></span> <span class='ocrx_word' id='word_1_371' title='bbox 753 3246 1508 3319; x_wconf 78' lang='lat' dir='ltr'><strong>conlusacquitur,etdeingenioatquadactriua,</strong></span> <span class='ocrx_word' id='word_1_372' title='bbox 1535 3253 1757 3328; x_wconf 80' lang='lat' dir='ltr'><strong>audaciaeperi·</strong></span> 
     </span>
     <span class='ocr_line' id='line_1_31' title="bbox 44 3335 1756 3414; baseline 0.001 -15"><span class='ocrx_word' id='word_1_373' title='bbox 44 3339 209 3399; x_wconf 89' lang='lat' dir='ltr'><strong>duodecim</strong></span> <span class='ocrx_word' id='word_1_374' title='bbox 220 3338 429 3412; x_wconf 88' lang='lat' dir='ltr'><strong>prophetarum</strong></span> <span class='ocrx_word' id='word_1_375' title='bbox 440 3354 514 3410; x_wconf 92' lang='lat' dir='ltr'><strong>opus</strong></span> <span class='ocrx_word' id='word_1_376' title='bbox 524 3337 713 3410; x_wconf 86' lang='lat' dir='ltr'><strong>etcoepimus,</strong></span> <span class='ocrx_word' id='word_1_377' title='bbox 727 3341 756 3392; x_wconf 89' lang='lat' dir='ltr'><strong>et</strong></span> <span class='ocrx_word' id='word_1_378' title='bbox 764 3336 878 3391; x_wconf 87' lang='lat' dir='ltr'><strong>Christo</strong></span> <span class='ocrx_word' id='word_1_379' title='bbox 932 3335 1031 3392; x_wconf 88' lang='lat' dir='ltr'><strong>culum</strong></span> <span class='ocrx_word' id='word_1_380' title='bbox 1048 3336 1134 3392; x_wconf 85' lang='lat' dir='ltr'><strong>tacit:</strong></span> <span class='ocrx_word' id='word_1_381' title='bbox 1152 3335 1304 3407; x_wconf 84' lang='lat' dir='ltr'><strong>quoniam,</strong></span> <span class='ocrx_word' id='word_1_382' title='bbox 1321 3341 1660 3414; x_wconf 82' lang='lat' dir='ltr'><strong>utsrspetestatussum,</strong></span> <span class='ocrx_word' id='word_1_383' title='bbox 1671 3343 1756 3401; x_wconf 86' lang='lat' dir='ltr'><strong>labo·</strong></span> 
     </span>
     <span class='ocr_line' id='line_1_32' title="bbox 46 3423 1756 3502; baseline 0.001 -16"><span class='ocrx_word' id='word_1_384' title='bbox 46 3430 222 3502; x_wconf 76' lang='lat' dir='ltr'><strong>adjuvante,</strong></span> <span class='ocrx_word' id='word_1_385' title='bbox 233 3427 458 3501; x_wconf 81' lang='lat' dir='ltr'><strong>complebimus.</strong></span> <span class='ocrx_word' id='word_1_386' title='bbox 470 3427 531 3482; x_wconf 94' lang='lat' dir='ltr'><strong>Non</strong></span> <span class='ocrx_word' id='word_1_387' title='bbox 545 3426 623 3482; x_wconf 90' lang='lat' dir='ltr'><strong>euim</strong></span> <span class='ocrx_word' id='word_1_388' title='bbox 638 3443 655 3481; x_wconf 89' lang='lat' dir='ltr'><strong>a</strong></span> <span class='ocrx_word' id='word_1_389' title='bbox 679 3425 774 3498; x_wconf 91' lang='lat' dir='ltr'><strong>primo</strong></span> <span class='ocrx_word' id='word_1_390' title='bbox 785 3440 879 3497; x_wconf 90' lang='lat' dir='ltr'><strong>usque</strong></span> <span class='ocrx_word' id='word_1_391' title='bbox 933 3441 993 3480; x_wconf 90' lang='lat' dir='ltr'><strong>rem</strong></span> <span class='ocrx_word' id='word_1_392' title='bbox 1005 3424 1122 3497; x_wconf 88' lang='lat' dir='ltr'><strong>propria</strong></span> <span class='ocrx_word' id='word_1_393' title='bbox 1134 3423 1279 3479; x_wconf 87' lang='lat' dir='ltr'><strong>scribendi</strong></span> <span class='ocrx_word' id='word_1_394' title='bbox 1292 3440 1380 3479; x_wconf 87' lang='lat' dir='ltr'><strong>manu</strong></span> <span class='ocrx_word' id='word_1_395' title='bbox 1392 3425 1467 3483; x_wconf 84' lang='lat' dir='ltr'><strong>serre</strong></span> <span class='ocrx_word' id='word_1_396' title='bbox 1488 3444 1546 3483; x_wconf 93' lang='lat' dir='ltr'><strong>nou</strong></span> <span class='ocrx_word' id='word_1_397' title='bbox 1556 3427 1648 3495; x_wconf 86' lang='lat' dir='ltr'><strong>valeo,</strong></span> <span class='ocrx_word' id='word_1_398' title='bbox 1661 3430 1690 3486; x_wconf 93' lang='lat' dir='ltr'><strong>in</strong></span> <span class='ocrx_word' id='word_1_399' title='bbox 1705 3449 1756 3488; x_wconf 86' lang='lat' dir='ltr'><strong>ex·</strong></span> 
     </span>
     <span class='ocr_line' id='line_1_33' title="bbox 47 3511 1744 3587; baseline -0.001 -10"><span class='ocrx_word' id='word_1_400' title='bbox 47 3517 89 3577; x_wconf 74' lang='lat' dir='ltr'><strong>ad</strong></span> <span class='ocrx_word' id='word_1_401' title='bbox 100 3516 307 3583; x_wconf 80' lang='lat' dir='ltr'><strong>novissimum,</strong></span> <span class='ocrx_word' id='word_1_402' title='bbox 316 3515 402 3587; x_wconf 85' lang='lat' dir='ltr'><strong>juxta</strong></span> <span class='ocrx_word' id='word_1_403' title='bbox 412 3515 544 3571; x_wconf 88' lang='lat' dir='ltr'><strong>ordinem</strong></span> <span class='ocrx_word' id='word_1_404' title='bbox 555 3531 613 3584; x_wconf 93' lang='lat' dir='ltr'><strong>quo</strong></span> <span class='ocrx_word' id='word_1_405' title='bbox 627 3513 774 3585; x_wconf 87' lang='lat' dir='ltr'><strong>leguntur,</strong></span> <span class='ocrx_word' id='word_1_406' title='bbox 786 3513 836 3569; x_wconf 91' lang='lat' dir='ltr'><strong>sed</strong></span> <span class='ocrx_word' id='word_1_407' title='bbox 846 3518 879 3569; x_wconf 93' lang='lat' dir='ltr'><strong>ut</strong></span> <span class='ocrx_word' id='word_1_408' title='bbox 933 3512 1273 3584; x_wconf 88' lang='lat' dir='ltr'><strong>planationesanoturum</strong></span> <span class='ocrx_word' id='word_1_409' title='bbox 1281 3511 1744 3583; x_wconf 86' lang='lat' dir='ltr'><strong>Scripturarum,uouverhucom</strong></span> 
     </span>
     <span class='ocr_line' id='line_1_34' title="bbox 47 3600 1753 3681; baseline -0.001 -16"><span class='ocrx_word' id='word_1_410' title='bbox 47 3605 218 3681; x_wconf 89' lang='lat' dir='ltr'><strong>potuimus,</strong></span> <span class='ocrx_word' id='word_1_411' title='bbox 229 3608 258 3661; x_wconf 88' lang='lat' dir='ltr'><strong>et</strong></span> <span class='ocrx_word' id='word_1_412' title='bbox 269 3610 302 3661; x_wconf 91' lang='lat' dir='ltr'><strong>ut</strong></span> <span class='ocrx_word' id='word_1_413' title='bbox 312 3605 405 3675; x_wconf 87' lang='lat' dir='ltr'><strong>rogati</strong></span> <span class='ocrx_word' id='word_1_414' title='bbox 416 3621 532 3671; x_wconf 86' lang='lat' dir='ltr'><strong>sumus,</strong></span> <span class='ocrx_word' id='word_1_415' title='bbox 556 3602 596 3659; x_wconf 89' lang='lat' dir='ltr'><strong>ita</strong></span> <span class='ocrx_word' id='word_1_416' title='bbox 606 3619 656 3658; x_wconf 89' lang='lat' dir='ltr'><strong>eas</strong></span> <span class='ocrx_word' id='word_1_417' title='bbox 672 3602 877 3657; x_wconf 89' lang='lat' dir='ltr'><strong>disseruimus.</strong></span> <span class='ocrx_word' id='word_1_418' title='bbox 933 3601 1037 3673; x_wconf 85' lang='lat' dir='ltr'><strong>posita,</strong></span> <span class='ocrx_word' id='word_1_419' title='bbox 1052 3604 1081 3655; x_wconf 90' lang='lat' dir='ltr'><strong>et</strong></span> <span class='ocrx_word' id='word_1_420' title='bbox 1095 3600 1231 3657; x_wconf 87' lang='lat' dir='ltr'><strong>oratoriis</strong></span> <span class='ocrx_word' id='word_1_421' title='bbox 1246 3600 1367 3656; x_wconf 89' lang='lat' dir='ltr'><strong>tloribus</strong></span> <span class='ocrx_word' id='word_1_422' title='bbox 1392 3602 1544 3670; x_wconf 89' lang='lat' dir='ltr'><strong>adornata,</strong></span> <span class='ocrx_word' id='word_1_423' title='bbox 1560 3605 1612 3660; x_wconf 92' lang='lat' dir='ltr'><strong>sed</strong></span> <span class='ocrx_word' id='word_1_424' title='bbox 1627 3605 1753 3663; x_wconf 84' lang='lat' dir='ltr'><strong>eruditio</strong></span> 
     </span>
     <span class='ocr_line' id='line_1_35' title="bbox 46 3686 1455 3767; baseline -0.006 -14"><span class='ocrx_word' id='word_1_425' title='bbox 46 3694 162 3767; x_wconf 79' lang='lat' dir='ltr'><strong>Naum,</strong></span> <span class='ocrx_word' id='word_1_426' title='bbox 176 3693 338 3763; x_wconf 73' lang='lat' dir='ltr'><strong>Michaeam,</strong></span> <span class='ocrx_word' id='word_1_427' title='bbox 354 3692 545 3764; x_wconf 87' lang='lat' dir='ltr'><strong>Sophouiam,</strong></span> <span class='ocrx_word' id='word_1_428' title='bbox 570 3695 599 3747; x_wconf 91' lang='lat' dir='ltr'><strong>et</strong></span> <span class='ocrx_word' id='word_1_429' title='bbox 616 3693 767 3764; x_wconf 67' lang='lat' dir='ltr'><strong>aggeum,</strong></span> <span class='ocrx_word' id='word_1_430' title='bbox 785 3689 878 3761; x_wconf 81' lang='lat' dir='ltr'><strong>primo</strong></span> <span class='ocrx_word' id='word_1_431' title='bbox 932 3691 962 3743; x_wconf 92' lang='lat' dir='ltr'><strong>et</strong></span> <span class='ocrx_word' id='word_1_432' title='bbox 974 3686 1147 3760; x_wconf 86' lang='lat' dir='ltr'><strong>simplicitas</strong></span> <span class='ocrx_word' id='word_1_433' title='bbox 1162 3687 1301 3758; x_wconf 82' lang='lat' dir='ltr'><strong>quaritur</strong></span> <span class='ocrx_word' id='word_1_434' title='bbox 1316 3686 1455 3745; x_wconf 89' lang='lat' dir='ltr'><strong>veritatis.</strong></span> 
     </span>
     <span class='ocr_line' id='line_1_36' title="bbox 48 3778 878 3862; baseline -0.007 -26"><span class='ocrx_word' id='word_1_435' title='bbox 48 3779 285 3862; x_wconf 66' lang='lat' dir='ltr'><strong>patermutius&lt;</strong></span> <span class='ocrx_word' id='word_1_436' title='bbox 295 3780 393 3838; x_wconf 78' lang='lat' dir='ltr'><strong>Paula</strong></span> <span class='ocrx_word' id='word_1_437' title='bbox 403 3782 526 3854; x_wconf 86' lang='lat' dir='ltr'><strong>ejusque</strong></span> <span class='ocrx_word' id='word_1_438' title='bbox 538 3778 604 3835; x_wconf 81' lang='lat' dir='ltr'><strong>ulie</strong></span> <span class='ocrx_word' id='word_1_439' title='bbox 615 3779 772 3836; x_wconf 81' lang='lat' dir='ltr'><strong>Eustochio</strong></span> <span class='ocrx_word' id='word_1_440' title='bbox 780 3794 878 3852; x_wconf 82' lang='grc' dir='ltr'>προτε-</span> 
     </span>
     <span class='ocr_line' id='line_1_37' title="bbox 47 3866 1756 3952; baseline 0.002 -25"><span class='ocrx_word' id='word_1_441' title='bbox 47 3871 170 3952; x_wconf 72' lang='lat' dir='ltr'><strong>po&#39;rsqea</strong></span> <span class='ocrx_word' id='word_1_442' title='bbox 181 3889 189 3928; x_wconf 90' lang='lat'>:</span> <span class='ocrx_word' id='word_1_443' title='bbox 200 3872 330 3928; x_wconf 89' lang='lat' dir='ltr'><strong>secundo</strong></span> <span class='ocrx_word' id='word_1_444' title='bbox 341 3870 371 3926; x_wconf 90' lang='lat' dir='ltr'><strong>in</strong></span> <span class='ocrx_word' id='word_1_445' title='bbox 382 3870 500 3926; x_wconf 81' lang='lat' dir='ltr'><strong>Abacuc</strong></span> <span class='ocrx_word' id='word_1_446' title='bbox 513 3869 588 3925; x_wconf 91' lang='lat' dir='ltr'><strong>duos</strong></span> <span class='ocrx_word' id='word_1_447' title='bbox 600 3867 691 3924; x_wconf 91' lang='lat' dir='ltr'><strong>libros</strong></span> <span class='ocrx_word' id='word_1_448' title='bbox 712 3866 879 3924; x_wconf 88' lang='lat' dir='ltr'><strong>Chromatia</strong></span> <span class='ocrx_word' id='word_1_449' title='bbox 969 3866 1062 3938; x_wconf 82' lang='lat' dir='ltr'><strong>(Vera.</strong></span> <span class='ocrx_word' id='word_1_450' title='bbox 1077 3866 1095 3919; x_wconf 86' lang='lat'><strong>2</strong></span> <span class='ocrx_word' id='word_1_451' title='bbox 1111 3866 1205 3937; x_wconf 86' lang='lat' dir='ltr'><strong>seqq.)</strong></span> <span class='ocrx_word' id='word_1_452' title='bbox 1224 3867 1346 3923; x_wconf 77' lang='lat' dir='ltr'><strong>Tramite</strong></span> <span class='ocrx_word' id='word_1_453' title='bbox 1365 3868 1396 3923; x_wconf 86' lang='lat' dir='ltr'><strong>ia</strong></span> <span class='ocrx_word' id='word_1_454' title='bbox 1421 3867 1551 3940; x_wconf 77' lang='lat' dir='ltr'><strong>Chalane,</strong></span> <span class='ocrx_word' id='word_1_455' title='bbox 1567 3871 1595 3926; x_wconf 87' lang='lat' dir='ltr'><strong>ei</strong></span> <span class='ocrx_word' id='word_1_456' title='bbox 1608 3871 1714 3928; x_wconf 66' lang='lat' dir='ltr'><strong>adiu:</strong></span> <span class='ocrx_word' id='word_1_457' title='bbox 1729 3875 1756 3930; x_wconf 86' lang='lat' dir='ltr'><strong>et</strong></span> 
     </span>
     <span class='ocr_line' id='line_1_38' title="bbox 47 3953 1755 4035; baseline 0 -16"><span class='ocrx_word' id='word_1_458' title='bbox 47 3960 236 4035; x_wconf 76' lang='lat' dir='ltr'><strong>Aquileiensi</strong></span> <span class='ocrx_word' id='word_1_459' title='bbox 265 3960 402 4033; x_wconf 90' lang='lat' dir='ltr'><strong>episcopa</strong></span> <span class='ocrx_word' id='word_1_460' title='bbox 431 3957 580 4031; x_wconf 84' lang='lat' dir='ltr'><strong>delegavi:</strong></span> <span class='ocrx_word' id='word_1_461' title='bbox 608 3957 693 4013; x_wconf 90' lang='lat' dir='ltr'><strong>tertio</strong></span> <span class='ocrx_word' id='word_1_462' title='bbox 719 3962 785 4030; x_wconf 92' lang='lat' dir='ltr'><strong>past</strong></span> <span class='ocrx_word' id='word_1_463' title='bbox 800 3954 879 4028; x_wconf 87' lang='lat' dir='ltr'><strong>longi</strong></span> <span class='ocrx_word' id='word_1_464' title='bbox 934 3953 1340 4027; x_wconf 79' lang='lat' dir='ltr'><strong>indeiteiaEmatltnaapaam,</strong></span> <span class='ocrx_word' id='word_1_465' title='bbox 1362 3956 1593 4015; x_wconf 72' lang='lat' dir='ltr'><strong>etderoenditein</strong></span> <span class='ocrx_word' id='word_1_466' title='bbox 1617 3959 1755 4019; x_wconf 83' lang='lat' dir='ltr'><strong>GettPa·</strong></span> 
     </span>
     <span class='ocr_line' id='line_1_39' title="bbox 47 4043 1758 4125; baseline -0.001 -16"><span class='ocrx_word' id='word_1_467' title='bbox 47 4049 199 4125; x_wconf 86' lang='lat' dir='ltr'><strong>temporis</strong></span> <span class='ocrx_word' id='word_1_468' title='bbox 208 4049 247 4122; x_wconf 80' lang='lat' dir='ltr'><strong>(a)</strong></span> <span class='ocrx_word' id='word_1_469' title='bbox 261 4048 423 4116; x_wconf 88' lang='lat' dir='ltr'><strong>silentium,</strong></span> <span class='ocrx_word' id='word_1_470' title='bbox 435 4048 556 4104; x_wconf 74' lang='lat' dir='ltr'><strong>abdiam</strong></span> <span class='ocrx_word' id='word_1_471' title='bbox 568 4051 596 4103; x_wconf 90' lang='lat' dir='ltr'><strong>et</strong></span> <span class='ocrx_word' id='word_1_472' title='bbox 607 4048 711 4103; x_wconf 89' lang='lat' dir='ltr'><strong>lanam</strong></span> <span class='ocrx_word' id='word_1_473' title='bbox 722 4045 775 4101; x_wconf 90' lang='lat' dir='ltr'><strong>tibi</strong></span> <span class='ocrx_word' id='word_1_474' title='bbox 786 4046 879 4118; x_wconf 78' lang='lat' dir='ltr'><strong>(Pam-</strong></span> <span class='ocrx_word' id='word_1_475' title='bbox 934 4045 1103 4102; x_wconf 71' lang='lat' dir='ltr'><strong>lastinmam</strong></span> <span class='ocrx_word' id='word_1_476' title='bbox 1113 4062 1122 4098; x_wconf 96' lang='lat'><em>:</em></span> <span class='ocrx_word' id='word_1_477' title='bbox 1132 4043 1169 4098; x_wconf 83' lang='lat' dir='ltr'><strong>ad</strong></span> <span class='ocrx_word' id='word_1_478' title='bbox 1177 4046 1279 4115; x_wconf 87' lang='lat' dir='ltr'><strong>optima</strong></span> <span class='ocrx_word' id='word_1_479' title='bbox 1292 4061 1403 4117; x_wconf 70' lang='lat' dir='ltr'><strong>quaeqae</strong></span> <span class='ocrx_word' id='word_1_480' title='bbox 1413 4063 1498 4118; x_wconf 85' lang='lat' dir='ltr'><strong>repna</strong></span> <span class='ocrx_word' id='word_1_481' title='bbox 1508 4047 1616 4120; x_wconf 82' lang='lat' dir='ltr'><strong>torum,</strong></span> <span class='ocrx_word' id='word_1_482' title='bbox 1631 4051 1658 4105; x_wconf 82' lang='lat' dir='ltr'><strong>si</strong></span> <span class='ocrx_word' id='word_1_483' title='bbox 1674 4051 1758 4108; x_wconf 82' lang='lat' dir='ltr'><strong>latior</strong></span> 
     </span>
     <span class='ocr_line' id='line_1_40' title="bbox 47 4134 1757 4212; baseline 0 -16"><span class='ocrx_word' id='word_1_484' title='bbox 47 4139 174 4212; x_wconf 68' lang='lat' dir='ltr'><strong>noctua)</strong></span> <span class='ocrx_word' id='word_1_485' title='bbox 184 4137 340 4211; x_wconf 87' lang='lat' dir='ltr'><strong>imperanti</strong></span> <span class='ocrx_word' id='word_1_486' title='bbox 353 4136 496 4194; x_wconf 88' lang='lat' dir='ltr'><strong>edisserui</strong></span> <span class='ocrx_word' id='word_1_487' title='bbox 509 4154 516 4192; x_wconf 90' lang='lat'>:</span> <span class='ocrx_word' id='word_1_488' title='bbox 538 4136 674 4209; x_wconf 76' lang='lat' dir='ltr'><strong>prasenti</strong></span> <span class='ocrx_word' id='word_1_489' title='bbox 687 4152 765 4192; x_wconf 91' lang='lat' dir='ltr'><strong>anuo</strong></span> <span class='ocrx_word' id='word_1_490' title='bbox 778 4134 829 4207; x_wconf 92' lang='lat' dir='ltr'><strong>qui</strong></span> <span class='ocrx_word' id='word_1_491' title='bbox 841 4135 880 4207; x_wconf 77' lang='lat' dir='ltr'><strong>(bl</strong></span> <span class='ocrx_word' id='word_1_492' title='bbox 934 4141 1068 4190; x_wconf 78' lang='lat' dir='ltr'><strong>terminas</strong></span> <span class='ocrx_word' id='word_1_493' title='bbox 1083 4149 1178 4189; x_wconf 85' lang='lat' dir='ltr'><strong>eorum</strong></span> <span class='ocrx_word' id='word_1_494' title='bbox 1193 4135 1310 4190; x_wconf 85' lang='lat' dir='ltr'><strong>termino</strong></span> <span class='ocrx_word' id='word_1_495' title='bbox 1323 4140 1413 4191; x_wconf 79' lang='lat' dir='ltr'><strong>vestro</strong></span> <span class='ocrx_word' id='word_1_496' title='bbox 1428 4144 1477 4192; x_wconf 88' lang='lat' dir='ltr'><strong>est.</strong></span> <span class='ocrx_word' id='word_1_497' title='bbox 1492 4136 1545 4205; x_wconf 79' lang='lat' dir='ltr'><strong>Qui</strong></span> <span class='ocrx_word' id='word_1_498' title='bbox 1557 4140 1679 4209; x_wconf 81' lang='lat' dir='ltr'><strong>separati</strong></span> <span class='ocrx_word' id='word_1_499' title='bbox 1691 4142 1757 4197; x_wconf 77' lang='lat' dir='ltr'><strong>eatis</strong></span> 
     </span>
     <span class='ocr_line' id='line_1_41' title="bbox 48 4221 1755 4300; baseline -0.001 -13"><span class='ocrx_word' id='word_1_500' title='bbox 48 4227 129 4287; x_wconf 81' lang='lat' dir='ltr'><strong>sexti</strong></span> <span class='ocrx_word' id='word_1_501' title='bbox 144 4227 316 4286; x_wconf 79' lang='lat' dir='ltr'><strong>consulatus</strong></span> <span class='ocrx_word' id='word_1_502' title='bbox 330 4224 446 4283; x_wconf 89' lang='lat' dir='ltr'><strong>Arcadii</strong></span> <span class='ocrx_word' id='word_1_503' title='bbox 468 4226 605 4298; x_wconf 79' lang='lat' dir='ltr'><strong>Augusti,</strong></span> <span class='ocrx_word' id='word_1_504' title='bbox 635 4230 664 4281; x_wconf 88' lang='lat' dir='ltr'><strong>et</strong></span> <span class='ocrx_word' id='word_1_505' title='bbox 690 4224 780 4280; x_wconf 83' lang='lat' dir='ltr'><strong>Auitii</strong></span> <span class='ocrx_word' id='word_1_506' title='bbox 795 4221 880 4281; x_wconf 88' lang='lat' dir='ltr'><strong>Probi</strong></span> <span class='ocrx_word' id='word_1_507' title='bbox 934 4224 964 4279; x_wconf 88' lang='lat' dir='ltr'><strong>in</strong></span> <span class='ocrx_word' id='word_1_508' title='bbox 978 4223 1050 4278; x_wconf 85' lang='lat' dir='ltr'><strong>diem</strong></span> <span class='ocrx_word' id='word_1_509' title='bbox 1064 4223 1180 4289; x_wconf 75' lang='lat' dir='ltr'><strong>nautam,</strong></span> <span class='ocrx_word' id='word_1_510' title='bbox 1195 4231 1222 4278; x_wconf 88' lang='lat' dir='ltr'><strong>et</strong></span> <span class='ocrx_word' id='word_1_511' title='bbox 1235 4226 1464 4295; x_wconf 78' lang='lat' dir='ltr'><strong>appropinquatis</strong></span> <span class='ocrx_word' id='word_1_512' title='bbox 1490 4226 1561 4282; x_wconf 79' lang='lat' dir='ltr'><strong>solio</strong></span> <span class='ocrx_word' id='word_1_513' title='bbox 1587 4228 1755 4300; x_wconf 73' lang='lat' dir='ltr'><strong>tannaco.</strong></span> 
     </span>
     <span class='ocr_line' id='line_1_42' title="bbox 47 4311 1759 4389; baseline -0.002 -13"><span class='ocrx_word' id='word_1_514' title='bbox 47 4316 259 4376; x_wconf 68' lang='lat' dir='ltr'><strong>lausannen</strong></span> <span class='ocrx_word' id='word_1_515' title='bbox 270 4315 421 4389; x_wconf 87' lang='lat' dir='ltr'><strong>imposuit,</strong></span> <span class='ocrx_word' id='word_1_516' title='bbox 441 4313 599 4387; x_wconf 77' lang='lat' dir='ltr'><strong>Exsuperio</strong></span> <span class='ocrx_word' id='word_1_517' title='bbox 619 4313 768 4370; x_wconf 76' lang='lat' dir='ltr'><strong>Talassus</strong></span> <span class='ocrx_word' id='word_1_518' title='bbox 780 4311 878 4368; x_wconf 80' lang='lat' dir='ltr'><strong>Eccle-</strong></span> <span class='ocrx_word' id='word_1_519' title='bbox 935 4311 990 4380; x_wconf 85' lang='lat' dir='ltr'><strong>Qui</strong></span> <span class='ocrx_word' id='word_1_520' title='bbox 1003 4311 1131 4368; x_wconf 77' lang='lat' dir='ltr'><strong>dormitis</strong></span> <span class='ocrx_word' id='word_1_521' title='bbox 1147 4312 1176 4367; x_wconf 85' lang='lat' dir='ltr'><strong>in</strong></span> <span class='ocrx_word' id='word_1_522' title='bbox 1191 4311 1268 4367; x_wconf 80' lang='lat' dir='ltr'><strong>tectis</strong></span> <span class='ocrx_word' id='word_1_523' title='bbox 1281 4313 1418 4384; x_wconf 75' lang='lat' dir='ltr'><strong>connais,</strong></span> <span class='ocrx_word' id='word_1_524' title='bbox 1435 4322 1462 4370; x_wconf 93' lang='lat' dir='ltr'><strong>et</strong></span> <span class='ocrx_word' id='word_1_525' title='bbox 1476 4315 1613 4371; x_wconf 66' lang='lat' dir='ltr'><strong>laamaitr&#39;r</strong></span> <span class='ocrx_word' id='word_1_526' title='bbox 1623 4317 1654 4370; x_wconf 88' lang='lat' dir='ltr'><strong>in</strong></span> <span class='ocrx_word' id='word_1_527' title='bbox 1664 4319 1759 4373; x_wconf 66' lang='lat' dir='ltr'><strong>matie</strong></span> 
     </span>
     <span class='ocr_line' id='line_1_43' title="bbox 48 4400 1758 4480; baseline -0.002 -16"><span class='ocrx_word' id='word_1_528' title='bbox 48 4408 104 4465; x_wconf 78' lang='lat' dir='ltr'><strong>sias</strong></span> <span class='ocrx_word' id='word_1_529' title='bbox 113 4404 248 4480; x_wconf 90' lang='lat' dir='ltr'><strong>pontillci</strong></span> <span class='ocrx_word' id='word_1_530' title='bbox 258 4403 439 4473; x_wconf 86' lang='lat' dir='ltr'><strong>Zachariam,</strong></span> <span class='ocrx_word' id='word_1_531' title='bbox 455 4411 483 4460; x_wconf 92' lang='lat' dir='ltr'><strong>et</strong></span> <span class='ocrx_word' id='word_1_532' title='bbox 493 4403 625 4474; x_wconf 86' lang='lat' dir='ltr'><strong>ejusdem</strong></span> <span class='ocrx_word' id='word_1_533' title='bbox 648 4402 729 4458; x_wconf 93' lang='lat' dir='ltr'><strong>urhis</strong></span> <span class='ocrx_word' id='word_1_534' title='bbox 742 4401 881 4459; x_wconf 81' lang='lat' dir='ltr'><strong>Minervio</strong></span> <span class='ocrx_word' id='word_1_535' title='bbox 933 4403 1049 4457; x_wconf 69' lang='lat' dir='ltr'><strong>venne:</strong></span> <span class='ocrx_word' id='word_1_536' title='bbox 1064 4404 1113 4472; x_wconf 83' lang='lat' dir='ltr'><strong>qai</strong></span> <span class='ocrx_word' id='word_1_537' title='bbox 1126 4400 1266 4457; x_wconf 79' lang='lat' dir='ltr'><strong>camatitis</strong></span> <span class='ocrx_word' id='word_1_538' title='bbox 1280 4419 1385 4470; x_wconf 76' lang='lat' dir='ltr'><strong>aonam</strong></span> <span class='ocrx_word' id='word_1_539' title='bbox 1398 4403 1430 4459; x_wconf 88' lang='lat' dir='ltr'><strong>de</strong></span> <span class='ocrx_word' id='word_1_540' title='bbox 1452 4418 1541 4474; x_wconf 72' lang='lat' dir='ltr'><strong>praga,</strong></span> <span class='ocrx_word' id='word_1_541' title='bbox 1566 4412 1592 4459; x_wconf 87' lang='lat' dir='ltr'><strong>et</strong></span> <span class='ocrx_word' id='word_1_542' title='bbox 1614 4405 1713 4461; x_wconf 76' lang='lat' dir='ltr'><strong>utatur</strong></span> <span class='ocrx_word' id='word_1_543' title='bbox 1725 4405 1758 4462; x_wconf 87' lang='lat' dir='ltr'><strong>de</strong></span> 
     </span>
     <span class='ocr_line' id='line_1_44' title="bbox 48 4489 1758 4563; baseline -0.003 -8"><span class='ocrx_word' id='word_1_544' title='bbox 48 4493 263 4555; x_wconf 70' lang='lat' dir='ltr'><strong>ethlexaudro</strong></span> <span class='ocrx_word' id='word_1_545' title='bbox 279 4491 431 4549; x_wconf 88' lang='lat' dir='ltr'><strong>monachis</strong></span> <span class='ocrx_word' id='word_1_546' title='bbox 449 4491 623 4548; x_wconf 82' lang='lat' dir='ltr'><strong>Malachiam</strong></span> <span class='ocrx_word' id='word_1_547' title='bbox 643 4491 814 4563; x_wconf 87' lang='lat' dir='ltr'><strong>prophetam</strong></span> <span class='ocrx_word' id='word_1_548' title='bbox 832 4490 880 4547; x_wconf 90' lang='lat' dir='ltr'><strong>iu·</strong></span> <span class='ocrx_word' id='word_1_549' title='bbox 933 4489 1174 4546; x_wconf 74' lang='lat' dir='ltr'><strong>medicamenti:</strong></span> <span class='ocrx_word' id='word_1_550' title='bbox 1191 4491 1240 4561; x_wconf 81' lang='lat' dir='ltr'><strong>qai</strong></span> <span class='ocrx_word' id='word_1_551' title='bbox 1254 4491 1355 4556; x_wconf 83' lang='lat' dir='ltr'><strong>canitis</strong></span> <span class='ocrx_word' id='word_1_552' title='bbox 1370 4490 1405 4546; x_wconf 90' lang='lat' dir='ltr'><strong>ad</strong></span> <span class='ocrx_word' id='word_1_553' title='bbox 1422 4507 1511 4548; x_wconf 86' lang='lat' dir='ltr'><strong>vocem</strong></span> <span class='ocrx_word' id='word_1_554' title='bbox 1530 4492 1666 4562; x_wconf 76' lang='lat' dir='ltr'><strong>psalterii.</strong></span> <span class='ocrx_word' id='word_1_555' title='bbox 1683 4492 1758 4551; x_wconf 73' lang='lat' dir='ltr'><strong>sant</strong></span> 
     </span>
    </p>
   </div>
   <div class='ocr_carea' id='block_1_6' title="bbox 47 4577 1862 4659">
    <p class='ocr_par' dir='ltr' id='par_1_7' title="bbox 47 4577 1862 4659">
     <span class='ocr_line' id='line_1_45' title="bbox 47 4577 1862 4659; baseline -0.003 -18"><span class='ocrx_word' id='word_1_556' title='bbox 47 4584 317 4659; x_wconf 78' lang='lat' dir='ltr'><strong>terpretatussum.</strong></span> <span class='ocrx_word' id='word_1_557' title='bbox 328 4579 492 4652; x_wconf 86' lang='lat' dir='ltr'><strong>Statimque</strong></span> <span class='ocrx_word' id='word_1_558' title='bbox 501 4579 694 4636; x_wconf 89' lang='lat' dir='ltr'><strong>recurrensad</strong></span> <span class='ocrx_word' id='word_1_559' title='bbox 703 4577 879 4651; x_wconf 89' lang='lat' dir='ltr'><strong>principium</strong></span> <span class='ocrx_word' id='word_1_560' title='bbox 934 4578 1021 4635; x_wconf 74' lang='lat' dir='ltr'><strong>Daret</strong></span> <span class='ocrx_word' id='word_1_561' title='bbox 1032 4582 1199 4651; x_wconf 80' lang='lat' dir='ltr'><strong>putauerunt</strong></span> <span class='ocrx_word' id='word_1_562' title='bbox 1214 4594 1243 4634; x_wconf 82' lang='lat' dir='ltr'><strong>se</strong></span> <span class='ocrx_word' id='word_1_563' title='bbox 1256 4579 1358 4635; x_wconf 81' lang='lat' dir='ltr'><strong>tabere</strong></span> <span class='ocrx_word' id='word_1_564' title='bbox 1371 4596 1437 4635; x_wconf 80' lang='lat' dir='ltr'><strong>vasa</strong></span> <span class='ocrx_word' id='word_1_565' title='bbox 1452 4581 1566 4643; x_wconf 83' lang='lat' dir='ltr'><strong>cantici,</strong></span> <span class='ocrx_word' id='word_1_566' title='bbox 1591 4580 1712 4637; x_wconf 76' lang='lat' dir='ltr'><strong>bibentes</strong></span> <span class='ocrx_word' id='word_1_567' title='bbox 1726 4582 1757 4637; x_wconf 88' lang='lat' dir='ltr'><strong>in</strong></span> <span class='ocrx_word' id='word_1_568' title='bbox 1855 4644 1862 4651; x_wconf 93' lang='lat'><strong>.</strong></span> 
     </span>
    </p>
   </div>
   <div class='ocr_carea' id='block_1_7' title="bbox 47 4658 1758 5101">
    <p class='ocr_par' dir='ltr' id='par_1_8' title="bbox 47 4658 1758 5101">
     <span class='ocr_line' id='line_1_46' title="bbox 47 4658 1756 4740; baseline -0.003 -11"><span class='ocrx_word' id='word_1_569' title='bbox 47 4669 227 4739; x_wconf 75' lang='lat' dir='ltr'><strong>voluminis,</strong></span> <span class='ocrx_word' id='word_1_570' title='bbox 243 4669 315 4729; x_wconf 87' lang='lat' dir='ltr'><strong>Osee</strong></span> <span class='ocrx_word' id='word_1_571' title='bbox 329 4672 359 4725; x_wconf 89' lang='lat' dir='ltr'><strong>ct</strong></span> <span class='ocrx_word' id='word_1_572' title='bbox 371 4667 446 4736; x_wconf 84' lang='lat' dir='ltr'><strong>Josl,</strong></span> <span class='ocrx_word' id='word_1_573' title='bbox 462 4674 491 4724; x_wconf 86' lang='lat' dir='ltr'><strong>et</strong></span> <span class='ocrx_word' id='word_1_574' title='bbox 505 4668 604 4734; x_wconf 85' lang='lat' dir='ltr'><strong>Amas,</strong></span> <span class='ocrx_word' id='word_1_575' title='bbox 623 4666 675 4723; x_wconf 90' lang='lat' dir='ltr'><strong>tibi</strong></span> <span class='ocrx_word' id='word_1_576' title='bbox 701 4682 808 4740; x_wconf 85' lang='lat' dir='ltr'><strong>negare</strong></span> <span class='ocrx_word' id='word_1_577' title='bbox 822 4684 880 4724; x_wconf 92' lang='lat' dir='ltr'><strong>nan</strong></span> <span class='ocrx_word' id='word_1_578' title='bbox 933 4666 1037 4740; x_wconf 81' lang='lat' dir='ltr'><strong>phialis</strong></span> <span class='ocrx_word' id='word_1_579' title='bbox 1062 4669 1170 4733; x_wconf 86' lang='lat' dir='ltr'><strong>vinam,</strong></span> <span class='ocrx_word' id='word_1_580' title='bbox 1197 4676 1223 4724; x_wconf 91' lang='lat' dir='ltr'><strong>et</strong></span> <span class='ocrx_word' id='word_1_581' title='bbox 1250 4669 1352 4739; x_wconf 86' lang='lat' dir='ltr'><strong>optimo</strong></span> <span class='ocrx_word' id='word_1_582' title='bbox 1381 4670 1517 4739; x_wconf 59' lang='lat' dir='ltr'><strong>anaante</strong></span> <span class='ocrx_word' id='word_1_583' title='bbox 1544 4667 1662 4724; x_wconf 80' lang='lat' dir='ltr'><strong>delibati</strong></span> <span class='ocrx_word' id='word_1_584' title='bbox 1679 4658 1756 4734; x_wconf 81' lang='lat' dir='ltr'><strong>sant,</strong></span> 
     </span>
     <span class='ocr_line' id='line_1_47' title="bbox 49 4755 1755 4836; baseline -0.001 -20"><span class='ocrx_word' id='word_1_585' title='bbox 49 4759 150 4836; x_wconf 88' lang='lat' dir='ltr'><strong>potui.</strong></span> <span class='ocrx_word' id='word_1_586' title='bbox 162 4758 198 4814; x_wconf 81' lang='lat' dir='ltr'><strong>llt</strong></span> <span class='ocrx_word' id='word_1_587' title='bbox 208 4763 274 4831; x_wconf 91' lang='lat' dir='ltr'><strong>post</strong></span> <span class='ocrx_word' id='word_1_588' title='bbox 283 4757 488 4831; x_wconf 88' lang='lat' dir='ltr'><strong>gravissimam</strong></span> <span class='ocrx_word' id='word_1_589' title='bbox 502 4757 632 4828; x_wconf 88' lang='lat' dir='ltr'><strong>carparis</strong></span> <span class='ocrx_word' id='word_1_590' title='bbox 651 4755 879 4829; x_wconf 77' lang='lat' dir='ltr'><strong>aegrotationem,</strong></span> <span class='ocrx_word' id='word_1_591' title='bbox 934 4759 959 4812; x_wconf 91' lang='lat' dir='ltr'><strong>et</strong></span> <span class='ocrx_word' id='word_1_592' title='bbox 971 4756 1046 4810; x_wconf 83' lang='lat' dir='ltr'><strong>nitit</strong></span> <span class='ocrx_word' id='word_1_593' title='bbox 1059 4757 1237 4828; x_wconf 84' lang='lat' dir='ltr'><strong>patiebantur</strong></span> <span class='ocrx_word' id='word_1_594' title='bbox 1251 4772 1333 4828; x_wconf 78' lang='lat' dir='ltr'><strong>anper</strong></span> <span class='ocrx_word' id='word_1_595' title='bbox 1360 4758 1528 4813; x_wconf 84' lang='lat' dir='ltr'><strong>contritione</strong></span> <span class='ocrx_word' id='word_1_596' title='bbox 1540 4758 1648 4830; x_wconf 75' lang='lat' dir='ltr'><strong>ioseph.</strong></span> <span class='ocrx_word' id='word_1_597' title='bbox 1665 4757 1755 4814; x_wconf 76' lang='lat' dir='ltr'><strong>Lxx:</strong></span> 
     </span>
     <span class='ocr_line' id='line_1_48' title="bbox 49 4844 1758 4919; baseline -0.001 -14"><span class='ocrx_word' id='word_1_598' title='bbox 49 4847 187 4905; x_wconf 78' lang='lat' dir='ltr'><strong>dictandi</strong></span> <span class='ocrx_word' id='word_1_599' title='bbox 203 4845 349 4903; x_wconf 86' lang='lat' dir='ltr'><strong>eeleritate</strong></span> <span class='ocrx_word' id='word_1_600' title='bbox 369 4844 484 4902; x_wconf 88' lang='lat' dir='ltr'><strong>ostendi</strong></span> <span class='ocrx_word' id='word_1_601' title='bbox 504 4845 697 4901; x_wconf 88' lang='lat' dir='ltr'><strong>temeritatem</strong></span> <span class='ocrx_word' id='word_1_602' title='bbox 716 4861 832 4900; x_wconf 88' lang='lat' dir='ltr'><strong>meam:</strong></span> <span class='ocrx_word' id='word_1_603' title='bbox 848 4849 881 4902; x_wconf 93' lang='lat' dir='ltr'><strong>ut</strong></span> <span class='ocrx_word' id='word_1_604' title='bbox 934 4845 1032 4899; x_wconf 83' lang='lat' dir='ltr'><strong>Damas</strong></span> <span class='ocrx_word' id='word_1_605' title='bbox 1046 4845 1138 4914; x_wconf 82' lang='lat' dir='ltr'><strong>lsrael,</strong></span> <span class='ocrx_word' id='word_1_606' title='bbox 1160 4846 1276 4900; x_wconf 81' lang='lat' dir='ltr'><strong>transite</strong></span> <span class='ocrx_word' id='word_1_607' title='bbox 1298 4861 1400 4911; x_wconf 82' lang='lat' dir='ltr'><strong>carnes,</strong></span> <span class='ocrx_word' id='word_1_608' title='bbox 1412 4850 1438 4901; x_wconf 89' lang='lat' dir='ltr'><strong>et</strong></span> <span class='ocrx_word' id='word_1_609' title='bbox 1458 4845 1595 4919; x_wconf 82' lang='lat' dir='ltr'><strong>videte(d)</strong></span> <span class='ocrx_word' id='word_1_610' title='bbox 1610 4848 1640 4901; x_wconf 84' lang='lat' dir='ltr'><strong>in</strong></span> <span class='ocrx_word' id='word_1_611' title='bbox 1656 4845 1758 4904; x_wconf 79' lang='lat' dir='ltr'><strong>Clinia·</strong></span> 
     </span>
     <span class='ocr_line' id='line_1_49' title="bbox 48 4933 1757 5012; baseline -0.002 -17"><span class='ocrx_word' id='word_1_612' title='bbox 48 4935 135 5012; x_wconf 87' lang='lat' dir='ltr'><strong>quod</strong></span> <span class='ocrx_word' id='word_1_613' title='bbox 146 4933 610 5009; x_wconf 79' lang='lat' dir='ltr'><strong>aliistylumsaepeverteudanon</strong></span> <span class='ocrx_word' id='word_1_614' title='bbox 623 4934 878 5006; x_wconf 90' lang='lat' dir='ltr'><strong>audentscribere,</strong></span> <span class='ocrx_word' id='word_1_615' title='bbox 933 4949 1008 4997; x_wconf 88' lang='lat' dir='ltr'><strong>nem,</strong></span> <span class='ocrx_word' id='word_1_616' title='bbox 1030 4936 1056 4987; x_wconf 87' lang='lat' dir='ltr'><strong>et</strong></span> <span class='ocrx_word' id='word_1_617' title='bbox 1078 4935 1242 5003; x_wconf 80' lang='lat' dir='ltr'><strong>pertransite</strong></span> <span class='ocrx_word' id='word_1_618' title='bbox 1261 4933 1366 4990; x_wconf 83' lang='lat' dir='ltr'><strong>indein</strong></span> <span class='ocrx_word' id='word_1_619' title='bbox 1391 4934 1757 5003; x_wconf 60' lang='lat' dir='ltr'><strong>amalasuentam</strong></span> 
     </span>
     <span class='ocr_line' id='line_1_50' title="bbox 49 5019 1757 5101; baseline -0.002 -18"><span class='ocrx_word' id='word_1_620' title='bbox 49 5041 109 5101; x_wconf 84' lang='lat' dir='ltr'><strong>ego</strong></span> <span class='ocrx_word' id='word_1_621' title='bbox 121 5023 338 5083; x_wconf 85' lang='lat' dir='ltr'><strong>committerem</strong></span> <span class='ocrx_word' id='word_1_622' title='bbox 349 5021 442 5095; x_wconf 86' lang='lat' dir='ltr'><strong>casui,</strong></span> <span class='ocrx_word' id='word_1_623' title='bbox 452 5022 501 5096; x_wconf 92' lang='lat' dir='ltr'><strong>qui</strong></span> <span class='ocrx_word' id='word_1_624' title='bbox 509 5022 820 5094; x_wconf 87' lang='lat' dir='ltr'><strong>semper(e)dictantes</strong></span> <span class='ocrx_word' id='word_1_625' title='bbox 834 5038 879 5079; x_wconf 90' lang='lat' dir='ltr'><strong>se·</strong></span> <span class='ocrx_word' id='word_1_626' title='bbox 934 5022 992 5078; x_wconf 84' lang='lat' dir='ltr'><strong>dite</strong></span> <span class='ocrx_word' id='word_1_627' title='bbox 1001 5023 1032 5076; x_wconf 84' lang='lat' dir='ltr'><strong>ia</strong></span> <span class='ocrx_word' id='word_1_628' title='bbox 1043 5019 1109 5076; x_wconf 71' lang='lat' dir='ltr'><strong>Gali</strong></span> <span class='ocrx_word' id='word_1_629' title='bbox 1121 5023 1347 5093; x_wconf 72' lang='lat' dir='ltr'><strong>alienigenarum</strong></span> <span class='ocrx_word' id='word_1_630' title='bbox 1359 5025 1520 5093; x_wconf 72' lang='lat' dir='ltr'><strong>optimates</strong></span> <span class='ocrx_word' id='word_1_631' title='bbox 1529 5024 1655 5079; x_wconf 79' lang='lat' dir='ltr'><strong>omnibns</strong></span> <span class='ocrx_word' id='word_1_632' title='bbox 1664 5025 1757 5096; x_wconf 74' lang='lat' dir='ltr'><strong>regnis</strong></span> 
     </span>
    </p>
   </div>
   <div class='ocr_carea' id='block_1_8' title="bbox 47 5163 1757 5511">
    <p class='ocr_par' dir='ltr' id='par_1_9' title="bbox 88 5163 1757 5241">
     <span class='ocr_line' id='line_1_51' title="bbox 88 5163 1757 5241; baseline -0.001 -16"><span class='ocrx_word' id='word_1_633' title='bbox 88 5166 270 5241; x_wconf 76' lang='lat' dir='ltr'><strong>(al&#39;rriennii</strong></span> <span class='ocrx_word' id='word_1_634' title='bbox 282 5165 394 5224; x_wconf 89' lang='lat' dir='ltr'><strong>scilicet</strong></span> <span class='ocrx_word' id='word_1_635' title='bbox 415 5182 473 5238; x_wconf 95' lang='lat' dir='ltr'><strong>quo</strong></span> <span class='ocrx_word' id='word_1_636' title='bbox 485 5166 520 5222; x_wconf 89' lang='lat' dir='ltr'><strong>ab</strong></span> <span class='ocrx_word' id='word_1_637' title='bbox 530 5163 711 5236; x_wconf 83' lang='lat' dir='ltr'><strong>explicandis</strong></span> <span class='ocrx_word' id='word_1_638' title='bbox 721 5165 782 5222; x_wconf 90' lang='lat' dir='ltr'><strong>Scri</strong></span> <span class='ocrx_word' id='word_1_639' title='bbox 805 5164 880 5222; x_wconf 90' lang='lat' dir='ltr'><strong>turis</strong></span> <span class='ocrx_word' id='word_1_640' title='bbox 969 5164 1005 5235; x_wconf 89' lang='lat' dir='ltr'><strong>(c)</strong></span> <span class='ocrx_word' id='word_1_641' title='bbox 1023 5163 1083 5220; x_wconf 83' lang='lat' dir='ltr'><strong>Pal.</strong></span> <span class='ocrx_word' id='word_1_642' title='bbox 1098 5181 1170 5220; x_wconf 88' lang='lat' dir='ltr'><strong>mss.</strong></span> <span class='ocrx_word' id='word_1_643' title='bbox 1187 5166 1234 5235; x_wconf 86' lang='lat' dir='ltr'><strong>qai</strong></span> <span class='ocrx_word' id='word_1_644' title='bbox 1247 5165 1542 5237; x_wconf 78' lang='lat' dir='ltr'><strong>praedietamseqaitar</strong></span> <span class='ocrx_word' id='word_1_645' title='bbox 1553 5184 1561 5220; x_wconf 74' lang='grc' dir='ltr'><strong><em>ε</em></strong></span> <span class='ocrx_word' id='word_1_646' title='bbox 1574 5170 1653 5238; x_wconf 88' lang='lat' dir='ltr'><strong>putu,</strong></span> <span class='ocrx_word' id='word_1_647' title='bbox 1666 5170 1757 5224; x_wconf 87' lang='lat' dir='ltr'><strong>teme·</strong></span> 
     </span>
    </p>

    <p class='ocr_par' dir='ltr' id='par_1_10' title="bbox 47 5235 1060 5311">
     <span class='ocr_line' id='line_1_52' title="bbox 47 5235 1060 5311; baseline -0.009 -12"><span class='ocrx_word' id='word_1_648' title='bbox 47 5238 210 5304; x_wconf 70' lang='lat' dir='ltr'><strong>abstinuit,</strong></span> <span class='ocrx_word' id='word_1_649' title='bbox 226 5243 259 5294; x_wconf 92' lang='lat' dir='ltr'><strong>ut</strong></span> <span class='ocrx_word' id='word_1_650' title='bbox 282 5254 317 5294; x_wconf 88' lang='lat' dir='ltr'><strong>ex</strong></span> <span class='ocrx_word' id='word_1_651' title='bbox 331 5255 388 5311; x_wconf 82' lang='lat' dir='ltr'><strong>prae</strong></span> <span class='ocrx_word' id='word_1_652' title='bbox 402 5237 499 5294; x_wconf 89' lang='lat' dir='ltr'><strong>atione</strong></span> <span class='ocrx_word' id='word_1_653' title='bbox 514 5236 710 5294; x_wconf 83' lang='lat' dir='ltr'><strong>Commentar.</strong></span> <span class='ocrx_word' id='word_1_654' title='bbox 728 5236 758 5293; x_wconf 92' lang='lat' dir='ltr'><strong>in</strong></span> <span class='ocrx_word' id='word_1_655' title='bbox 791 5252 879 5294; x_wconf 88' lang='lat' dir='ltr'><strong>onam</strong></span> <span class='ocrx_word' id='word_1_656' title='bbox 934 5235 1060 5292; x_wconf 88' lang='lat' dir='ltr'><strong>ritatem.</strong></span> 
     </span>
    </p>

    <p class='ocr_par' dir='ltr' id='par_1_11' title="bbox 47 5306 1757 5511">
     <span class='ocr_line' id='line_1_53' title="bbox 47 5306 1756 5374; baseline -0.004 -3"><span class='ocrx_word' id='word_1_657' title='bbox 47 5327 119 5371; x_wconf 76' lang='lat' dir='ltr'><strong>eom</strong></span> <span class='ocrx_word' id='word_1_658' title='bbox 162 5316 242 5365; x_wconf 87' lang='lat' dir='ltr'><strong>rtum</strong></span> <span class='ocrx_word' id='word_1_659' title='bbox 256 5314 311 5367; x_wconf 90' lang='lat' dir='ltr'><strong>est.</strong></span> <span class='ocrx_word' id='word_1_660' title='bbox 970 5306 1007 5374; x_wconf 81' lang='lat' dir='ltr'><strong>(a)</strong></span> <span class='ocrx_word' id='word_1_661' title='bbox 1022 5306 1113 5362; x_wconf 90' lang='lat' dir='ltr'><strong>Voces</strong></span> <span class='ocrx_word' id='word_1_662' title='bbox 1128 5307 1160 5361; x_wconf 84' lang='lat' dir='ltr'><strong>in</strong></span> <span class='ocrx_word' id='word_1_663' title='bbox 1190 5306 1337 5362; x_wconf 77' lang='lat' dir='ltr'><strong>Chelonen</strong></span> <span class='ocrx_word' id='word_1_664' title='bbox 1365 5307 1395 5361; x_wconf 92' lang='lat' dir='ltr'><strong>iu</strong></span> <span class='ocrx_word' id='word_1_665' title='bbox 1424 5306 1607 5364; x_wconf 87' lang='lat' dir='ltr'><strong>Cisteroiens.</strong></span> <span class='ocrx_word' id='word_1_666' title='bbox 1625 5324 1680 5365; x_wconf 88' lang='lat' dir='ltr'><strong>ms.</strong></span> <span class='ocrx_word' id='word_1_667' title='bbox 1697 5324 1756 5366; x_wconf 92' lang='lat' dir='ltr'><strong>non</strong></span> 
     </span>
     <span class='ocr_line' id='line_1_54' title="bbox 119 5326 1757 5511; baseline 0.001 -74"><span class='ocrx_word' id='word_1_668' title='bbox 119 5326 269 5511; x_wconf 59' lang='lat' dir='ltr'><strong>Kb&#39;allitur</strong></span> <span class='ocrx_word' id='word_1_669' title='bbox 283 5379 482 5449; x_wconf 78' lang='lat' dir='ltr'><strong>Martianaeus,</strong></span> <span class='ocrx_word' id='word_1_670' title='bbox 498 5379 618 5462; x_wconf 87' lang='lat' dir='ltr'><strong>ipseque</strong></span> <span class='ocrx_word' id='word_1_671' title='bbox 633 5382 718 5435; x_wconf 87' lang='lat' dir='ltr'><strong>autea</strong></span> <span class='ocrx_word' id='word_1_672' title='bbox 733 5377 879 5435; x_wconf 88' lang='lat' dir='ltr'><strong>Victorius</strong></span> <span class='ocrx_word' id='word_1_673' title='bbox 933 5382 1013 5436; x_wconf 87' lang='lat' dir='ltr'><strong>sunt.</strong></span> <span class='ocrx_word' id='word_1_674' title='bbox 1030 5379 1144 5434; x_wconf 86' lang='lat' dir='ltr'><strong>Absuut</strong></span> <span class='ocrx_word' id='word_1_675' title='bbox 1178 5393 1274 5449; x_wconf 91' lang='lat' dir='ltr'><strong>uoque</strong></span> <span class='ocrx_word' id='word_1_676' title='bbox 1290 5395 1305 5434; x_wconf 89' lang='lat' dir='ltr'><strong>u</strong></span> <span class='ocrx_word' id='word_1_677' title='bbox 1320 5379 1417 5434; x_wconf 83' lang='lat' dir='ltr'><strong>Graeco</strong></span> <span class='ocrx_word' id='word_1_678' title='bbox 1441 5383 1532 5446; x_wconf 80' lang='lat' dir='ltr'><strong>textu,</strong></span> <span class='ocrx_word' id='word_1_679' title='bbox 1553 5380 1578 5435; x_wconf 88' lang='lat' dir='ltr'><strong>si</strong></span> <span class='ocrx_word' id='word_1_680' title='bbox 1595 5396 1688 5436; x_wconf 90' lang='lat' dir='ltr'><strong>uuum</strong></span> <span class='ocrx_word' id='word_1_681' title='bbox 1703 5385 1757 5439; x_wconf 85' lang='lat' dir='ltr'><strong>aut</strong></span> 
     </span>
    </p>
   </div>
   <div class='ocr_carea' id='block_1_9' title="bbox 43 5382 1752 5674">
    <p class='ocr_par' dir='ltr' id='par_1_12' title="bbox 43 5382 1752 5674">
     <span class='ocr_line' id='line_1_55' title="bbox 45 5382 1752 5535; baseline 0.001 -22"><span class='ocrx_word' id='word_1_682' title='bbox 45 5382 118 5530; x_wconf 42' lang='lat' dir='ltr'><strong>qul&amp;</strong></span> <span class='ocrx_word' id='word_1_683' title='bbox 144 5468 203 5510; x_wconf 88' lang='lat' dir='ltr'><strong>uno</strong></span> <span class='ocrx_word' id='word_1_684' title='bbox 216 5451 402 5510; x_wconf 85' lang='lat' dir='ltr'><strong>consulatum</strong></span> <span class='ocrx_word' id='word_1_685' title='bbox 432 5468 509 5507; x_wconf 90' lang='lat' dir='ltr'><strong>anno</strong></span> <span class='ocrx_word' id='word_1_686' title='bbox 537 5449 653 5534; x_wconf 81' lang='lat' dir='ltr'><strong>illigant</strong></span> <span class='ocrx_word' id='word_1_687' title='bbox 679 5448 787 5535; x_wconf 78' lang='lat' dir='ltr'><strong>Christi</strong></span> <span class='ocrx_word' id='word_1_688' title='bbox 814 5449 878 5532; x_wconf 67' lang='lat' dir='ltr'><strong>toti,</strong></span> <span class='ocrx_word' id='word_1_689' title='bbox 934 5394 1598 5534; x_wconf 67' lang='lat' dir='ltr'><strong>alterumexemplarexoipias.Legenditamsu</strong></span> <span class='ocrx_word' id='word_1_690' title='bbox 1619 5451 1752 5515; x_wconf 71' lang='lat' dir='ltr'><strong>astenoit</strong></span> 
     </span>
     <span class='ocr_line' id='line_1_56' title="bbox 43 5519 1540 5674; baseline 0.004 -96"><span class='ocrx_word' id='word_1_691' title='bbox 43 5523 594 5674; x_wconf 48' lang='lat' dir='ltr'><strong>mqi&#39;qopqtqqoexaelpostqqperpfflqqqg,</strong></span> <span class='ocrx_word' id='word_1_692' title='bbox 611 5538 645 5579; x_wconf 84' lang='lat' dir='ltr'><strong>ac</strong></span> <span class='ocrx_word' id='word_1_693' title='bbox 661 5538 767 5598; x_wconf 79' lang='lat' dir='ltr'><strong>priscis</strong></span> <span class='ocrx_word' id='word_1_694' title='bbox 782 5536 877 5584; x_wconf 84' lang='lat' dir='ltr'><strong>moni·</strong></span> <span class='ocrx_word' id='word_1_695' title='bbox 934 5521 1068 5583; x_wconf 80' lang='lat' dir='ltr'><strong>Patribus</strong></span> <span class='ocrx_word' id='word_1_696' title='bbox 1083 5519 1276 5581; x_wconf 74' lang='lat' dir='ltr'><strong>theodoritus</strong></span> <span class='ocrx_word' id='word_1_697' title='bbox 1291 5525 1379 5598; x_wconf 85' lang='lat' dir='ltr'><strong>alque</strong></span> <span class='ocrx_word' id='word_1_698' title='bbox 1394 5524 1540 5584; x_wconf 81' lang='lat' dir='ltr'><strong>lustinus.</strong></span> 
     </span>
    </p>
   </div>
   <div class='ocr_carea' id='block_1_10' title="bbox 0 0 1914 6100">
    <p class='ocr_par' dir='ltr' id='par_1_13' title="bbox 0 0 1914 6100">
     <span class='ocr_line' id='line_1_57' title="bbox 0 0 1914 6100; baseline 0 0"><span class='ocrx_word' id='word_1_699' title='bbox 0 0 1914 6100; x_wconf 95' lang='lat' dir='ltr'><strong> </strong></span> 
     </span>
    </p>
   </div>
  </div>
 </body>
</html>
