3818 6104
176 278 214 350 Sl
789 284 823 351 S.
845 281 1001 352 sussen
1022 282 1257 355 studentur.
1838 289 1878 360 91

175 421 254 480 Juda
268 437 375 495 magna
388 424 443 491 est,
458 422 487 476 et
501 436 559 477 non
575 416 671 477 solum
688 436 804 495 magna,
821 422 871 478 sed
888 437 994 495 magno
1010 422 1100 496 Aper
1113 426 1259 483 ciuitatem.
1276 430 1315 482 De
1325 426 1520 501 firmamento,
1533 427 1682 501 quoderat
1696 442 1784 502 super
1798 428 1871 489 Cha·

175 512 274 569 nimis.
286 511 405 569 Neohoo
418 509 524 565 dixisse
535 509 653 575 sufficit,
670 510 719 565 sed
731 510 845 582 repetit,
861 511 950 576 uelde,
968 514 1000 566 ut
1054 512 1162 581 rubim,
1179 518 1208 569 et
1222 514 1257 569 de
1272 514 1368 585 lapide
1384 515 1532 588 sapphiro,
1544 516 1592 588 qui
1606 516 1733 573 habebat
1743 517 1879 575 similitu·

156 651 167 665 ,
175 600 434 674 promagnitudine
443 598 939 672 iniquitptis,magnitudosupplioii
949 599 997 654 sit.
1053 600 1150 657 dinem
1168 602 1353 669 throni‚etde
1365 604 1435 659 rotis
1447 620 1509 675 quae
1522 605 1877 677 animaliasequebantur,

173 691 215 746 Ex
229 708 287 763 quo
300 682 452 760 discimus,
468 706 525 744 non
538 688 711 760 utplerique
737 688 892 758 estimant,
904 692 932 744 et
947 689 997 743 99
1053 708 1143 763 supra
1157 691 1266 747 dixisse
1278 692 1416 760 sufficiat,
1433 698 1462 748 et
1487 693 1605 749 illorum
1633 692 1726 750 lector
1739 696 1879 768 explana·

174 779 299 835 maxime
314 777 414 846 Stoici,
433 778 513 850 paria
527 793 591 833 esso
607 782 725 850 peccata
740 795 747 844 ;
763 778 813 832 sed
830 776 874 832 vel
892 793 997 850 magna
1052 780 1131 836 tione
1145 785 1300 837 contentus
1316 781 1363 837 sit.
1381 782 1463 836 Nunc
1479 787 1577 837 autem
1595 784 1673 854 quod
1679 784 1804 854 jubetur
1818 784 1878 854 ille,

123 942 128 949 .
172 866 217 924 vel
232 884 329 939 parra,
342 871 372 923 et
382 884 433 939 pro
444 866 583 939 qualitate
594 881 789 937 mensuraque
802 865 996 938 peccantium,
1053 869 1102 939 qui
1119 869 1240 926 indutus
1256 874 1318 925 erat
1328 868 1425 936 linem,
1439 886 1490 941 pro
1502 885 1560 942 quo
1571 870 1765 944 Septuaginta
1779 871 1809 926 in
1825 872 1880 929 hoo

172 956 370 1012 diversitatem
389 972 451 1011 esse
463 954 565 1025 judicii
583 954 743 1026 punientis.
759 955 869 1025 Repletu
892 961 940 1024 eat,
954 954 997 1008 in·
1053 954 1115 1012 loco
1131 958 1228 1013 stolum
1243 956 1425 1030 interpretati
1440 961 1520 1025 sunt,
1532 962 1565 1014 ut
1580 957 1662 1015 tollat
1677 976 1788 1030 prunas
1802 960 1879 1032 ignia

173 1046 246 1118 quit,
263 1045 539 1114 terruannquiuibus‚
550 1043 620 1109 sive,
632 1043 996 1115 utSeptuagintatranstu-
1052 1046 1088 1101 da
1103 1046 1199 1101 medio
1212 1045 1381 1113 Cherubim,
1397 1047 1567 1103 eteilundat
1577 1048 1637 1103 sive
1653 1052 1775 1120 spargat
1789 1065 1878 1121 super

172 1131 280 1198 lerunt,
295 1133 404 1203 populis
414 1151 423 1187 :
434 1135 463 1186 et
474 1133 594 1187 civitatis
605 1132 996 1203 entrepletuuuersiouemut,
1051 1134 1209 1205 civitatem,
1225 1135 1296 1190 illud
1310 1135 1381 1190 mihi
1398 1135 1511 1191 videtur
1523 1136 1686 1207 ostendere,
1717 1136 1796 1210 quod
1811 1142 1876 1208 post

172 1219 534 1295 utVulgatahnbeteditio,
545 1222 722 1291 iniquituteet
731 1220 910 1275 inimuuditio
923 1236 995 1274 :non
1050 1223 1281 1279 interfectionem
1293 1223 1638 1296 cedemqnemnttornm,
1646 1230 1674 1281 at
1683 1225 1712 1280 in
1723 1224 1778 1281 viis
1789 1226 1875 1281 cada-

173 1310 306 1366 modicus
317 1309 558 1381 sanguisetiusus
569 1313 622 1376 est,
633 1310 684 1365 sed
696 1310 731 1364 de
751 1313 834 1380 porta
850 1325 944 1380 usque
959 1309 995 1363 ad
1049 1328 1117 1368 vera
1128 1318 1320 1382 mortuorum,
1332 1329 1495 1386 prunarum
1506 1312 1584 1386 ignis
1596 1313 1769 1381 assumitur,
1782 1318 1874 1387 utpu-

172 1404 286 1473 portam
298 1415 305 1454 ε
317 1404 344 1454 et
360 1397 455 1454 omnis
470 1398 571 1454 civitas
593 1396 749 1454 declinavit
764 1414 781 1453 a
794 1396 874 1452 cultu
891 1397 951 1464 Dei,
968 1401 996 1451 et
1050 1402 1121 1467 niat,
1138 1401 1197 1456 aive
1212 1402 1334 1457 mundet
1348 1400 1512 1458 Jerusalem
1525 1418 1531 1457 :
1543 1403 1630 1473 juxta
1657 1401 1731 1458 illud
1752 1404 1829 1474 quod
1845 1403 1873 1458 in

171 1504 224 1561 pro
238 1504 271 1544 eo
287 1487 373 1560 plena
389 1491 434 1541 est
449 1486 648 1556 immunditia,
669 1485 839 1542 idololatriae
862 1483 995 1541 videlieet
1051 1490 1126 1545 lsaia
1141 1491 1284 1563 scriptum
1301 1496 1362 1545 est:
1379 1491 1417 1561 (b)
1432 1490 1621 1560 Soractifieavit
1633 1507 1697 1546 eum
1712 1493 1742 1546 in
1753 1492 1816 1561 ique
1830 1507 1875 1546 or·

170 1576 316 1633 sordibus.
325 1579 418 1631 Causa
437 1580 534 1631 autern
547 1580 696 1631 tantorum
720 1575 863 1631 scelerum
876 1573 926 1629 illa
938 1579 992 1642 est,
1047 1579 1137 1646 dente,
1152 1583 1176 1635 et
1192 1579 1331 1635 maerebit
1344 1581 1417 1634 sicut
1429 1581 1524 1649 senum
1537 1579 1761 1650 muteriumsssu.
1775 1596 1803 1649 x,
1822 1579 1875 1650 17).

170 1665 247 1736 quod
259 1668 434 1738 putaverunt
444 1663 656 1736 providentiam
677 1681 734 1720 non
750 1679 814 1718 esse
830 1678 919 1735 super
932 1666 991 1717 ter·
1048 1668 1099 1722 lsti
1115 1671 1184 1724 sunt
1199 1668 1349 1737 carbones,
1362 1683 1437 1738 quos
1449 1667 1478 1721 in
1492 1667 1655 1723 remedium
1667 1666 1774 1740 lingue
1785 1672 1876 1739 atque

169 1770 243 1822 ram,
258 1756 311 1811 ne'c
326 1754 418 1809 Deum
434 1770 536 1809 curare
559 1752 702 1821 mortalia,
725 1754 811 1824 juxta
825 1751 897 1808 illud
913 1751 991 1824 quod
1010 1756 1192 1855 Bmendacii
1209 1754 1376 1811 desolantes
1391 1755 1461 1810 vitia
1476 1758 1565 1827 atque
1581 1759 1708 1826 pennata,
1729 1753 1876 1826 Propheta

169 1842 240 1899 alibi
253 1842 380 1916 legimus
396 1843 511 1914 (virgil.
528 1843 598 1913 l.1v‚
615 1842 757 1913 AEneid.):
1049 1842 1248 1917 interrogatus
1263 1849 1400 1916 exoptat:
1419 1844 1491 1913 Quid
1504 1843 1585 1899 detur
1599 1843 1660 1914 tibi,
1673 1851 1703 1899 et
1720 1843 1792 1914 quid
1808 1859 1878 1915 appo

246 1949 351 2000 Scilicet
365 1951 388 1999 is
402 1950 506 2013 superis
519 1949 596 1999 labor
607 1953 657 2010 est,
671 1963 702 1999 aa
717 1960 782 1998 cura
797 1948 902 2011 quietos
1043 1941 1128 1988 datur
1141 1935 1194 1989 libi
1207 1934 1241 1988 ad
1253 1935 1380 2004 linquam
1394 1931 1540 1988 dolosam?
1554 1933 1669 2003 Sagittae
1675 1934 1794 2004 poentio·
1808 1948 1874 1987 aeu-

245 2012 382 2062 S⁰¹¹i⁰i²⁸h
1044 2026 1158 2079 taecum
1184 2023 1349 2078 corbonibus
1377 2021 1546 2077 desolatoriis
1575 2021 1661 2092 (Paul.
1692 2037 1766 2088 cxix,
1783 2021 1812 2087 3,
1835 2020 1872 2092 l).

167 2109 241 2178 Quia
255 2110 346 2182 igitur
361 2109 402 2165 illi
418 2109 462 2165 vel
478 2112 653 2182 putaverunt
669 2125 725 2164 non
753 2124 817 2164 esse
833 2105 991 2178 providen-
1046 2111 1195 2184 Multaque
1207 2110 1376 2167 istiusmodi
1392 2110 1421 2165 in
1438 2109 1598 2183 Scripturis
1613 2108 1723 2166 sanctis
1740 2108 1871 2164 invenire

167 2198 240 2255 tiam
253 2216 259 2255 :
274 2198 319 2255 vel
335 2215 397 2271 quae
414 2202 481 2254 ante
493 2200 586 2254 iuerat
601 2197 631 2254 in
647 2196 775 2269 populis,
791 2196 845 2251 hoe
861 2200 991 2267 ternpore
1046 2200 1207 2272 poterimus
1220 2219 1227 2266 ;
1243 2201 1279 2255 de
1294 2199 1404 2271 quibus
1419 2199 1520 2255 erebro
1531 2197 1669 2254 diximus.
1681 2198 1740 2253 line
1754 2201 1870 2253 tantum

167 2304 254 2345 suurn
270 2286 411 2361 populum
437 2286 610 2359 reliquisse:
637 2290 790 2359 propterea
815 2289 843 2340 et
866 2284 916 2340 Dei
933 2300 990 2338 non
1046 2290 1270 2359 notandumeat,
1282 2288 1360 2361 quod
1371 2287 1680 2359 inlsaia,quitantum
1692 2285 1721 2341 in
1734 2300 1870 2341 sermone

167 2381 266 2449 parcet
280 2376 393 2443 oculus,
411 2392 464 2431 neo
480 2375 681 2432 miserebitur:
695 2380 728 2431 ut
743 2379 842 2431 contra
853 2372 923 2429 vitia
937 2389 991 2428 sae·
1047 2382 1222 2452 peceaverat,
1239 2383 1268 2434 et
1277 2377 1432 2434 immunda
1441 2375 1520 2432 labin
1533 2374 1640 2432 habere
1651 2391 1683 2431 sa
1695 2375 1819 2439 dixerat,
1831 2373 1867 2430 nd

165 2463 991 2536 viena,placabilissitvirtutibus:viasqueeorumatque
1045 2467 1230 2539 purgandum
1254 2483 1331 2522 unus
1361 2465 1469 2536 forcipe
1496 2463 1582 2521 carbo
1598 2462 1866 2535 comprehenditur.

166 2557 285 2627 peecata
295 2553 398 2610 reddat
409 2571 498 2627 super
513 2553 608 2625 capita
622 2570 735 2621 eorum,
753 2553 795 2608 vel
811 2568 900 2622 super
914 2549 991 2622 prin·
1045 2555 1095 2610 llic
1112 2571 1177 2610 varo
1192 2556 1263 2627 quia
1276 2558 1338 2610 erat
1352 2553 1452 2610 civitas
1473 2551 1559 2625 plena
1572 2552 1736 2624 iniquitate,
1753 2556 1781 2606 et
1802 2555 1869 2624 post

166 2643 258 2717 cipale
272 2643 465 2718 (ἡγεμονικὸν)
480 2643 587 2710 cordis,
602 2641 646 2698 vel
676 2658 764 2714 super
778 2640 924 2713 principes
940 2655 989 2710 po·
1045 2643 1189 2716 supplicia
1199 2643 1389 2699 cadaveribus
1401 2640 1701 2713 mortuorum,plures
1711 2657 1868 2697 assumun-

166 2732 238 2804 puli,
251 2733 336 2805 juxta
346 2732 541 2789 Numerorum
550 2732 669 2799 librum,
684 2731 712 2786 in
725 2729 888 2803 quoeapita
897 2744 989 2799 popu·
1046 2736 1095 2786 tur
1108 2733 1249 2788 carbones
1264 2732 1352 2804 ignia,
1365 2735 1459 2787 etnon
1469 2745 1636 2799 naumann,
1648 2729 1698 2785 sed
1712 2728 1868 2797 ambabus,

165 2819 261 2876 lorum
277 2819 427 2894 principes
442 2836 506 2876 osse
521 2820 668 2875 dicuntur.
1045 2826 1077 2874 ut
1092 2817 1519 2893 omnispurgaturJerusalem.
1533 2820 1717 2889 Quamquam
1727 2816 1870 2873 ethooin-

202 2908 295 2980 (Vere.
313 2908 369 2981 ll.)
384 2911 416 2964 st
430 2925 488 2966 ecee
501 2910 554 2976 uir,
571 2910 620 2980 qui
633 2909 745 2964 indutus
760 2915 820 2963 erut
835 2907 926 2972 lineis,
943 2907 991 2976 qui
1043 2907 1234 2980 tettigendum
1250 2909 1298 2978 sit,
1315 2909 1391 2980 quod
1409 2924 1467 2962 non
1483 2907 1518 2962 ad
1535 2907 1751 2979 purgationem,
1764 2907 1816 2962 sed
1830 2906 1866 2962 ad

166 2996 605 3068 babebatutrumertturiumiu(u)
620 2997 719 3052 lumbis
729 2995 989 3068 suiareopouditdi-
1044 3014 1145 3069 poenas
1156 2998 1513 3069 atqueoruciatus‚prunae
1523 2995 1867 3068 ignisassumendaesint,

165 3103 247 3145 eene:
263 3090 327 3146 Feci
340 3089 410 3144 sicut
425 3090 578 3160 praecepisti
606 3087 683 3141 mibi.
701 3086 789 3141 LXX:
805 3088 838 3141 st
851 3101 913 3141 ecee
936 3085 988 3153 uir,
1045 3101 1108 3159 quae
1124 3087 1314 3143 effundantur
1328 3102 1418 3158 super
1431 3083 1605 3141 Jerusalem.

167 3179 214 3248 qui
221 3177 334 3234 indutus
341 3186 401 3234 erut
418 3179 519 3249 podere
529 3177 630 3249 (idest,
642 3175 991 3244 vestetnlari)etecciuehu
1006 3164 1027 3232 C
1083 3174 1174 3247 (Vera.
1192 3177 1209 3229 3
1224 3178 1319 3249 seqq.)
1333 3177 1527 3246 impressusque
1540 3178 1580 3230 eat
1594 3175 1625 3229 iu
1638 3179 1783 3246 conspeetu
1796 3189 1867 3230 meu

166 3282 236 3322 mnu
250 3266 439 3336 lumbosouos,
455 3270 481 3322 et
505 3265 643 3337 respondit
665 3266 779 3320 verbum
796 3263 908 3319 diceus:
930 3263 990 3317 Feci
1046 3263 1191 3320 Cherubim
1219 3269 1312 3320 nutem
1351 3264 1462 3320 stabunt
1490 3281 1508 3318 a
1546 3263 1651 3319 dextris
1685 3263 1781 3320 domus
1806 3279 1869 3318 cum

165 3355 235 3411 aiem
249 3355 657 3427 meudustimibilpseastvir,
667 3354 990 3425 cuijussumesttrans-
1044 3353 1232 3424 ingrederetur
1245 3355 1298 3421 vir,
1314 3358 1339 3409 et
1355 3352 1439 3408 nubes
1453 3352 1579 3423 impleuit
1605 3353 1714 3407 utrium
1738 3354 1867 3407 interim.

165 3444 208 3501 ire
223 3462 275 3518 per
291 3443 418 3501 mediam
433 3444 606 3508 Jerusalem,
636 3447 665 3500 et
695 3459 801 3515 ponere
829 3439 990 3513 signumin
1045 3441 1250 3497 Eleleuutaert
1277 3443 1367 3513 pierio
1389 3442 1500 3497 Domini
1527 3439 1643 3513 desuper
1666 3441 1739 3495 wl
1759 3440 1869 3497 Cherub

166 3532 455 3590 irontibusvirorum
472 3531 652 3606 gementium
668 3534 696 3587 at
723 3529 885 3586 dolentium
902 3544 991 3601 super
1044 3530 1082 3586 ud
1112 3532 1198 3585 timeo
1226 3531 1330 3597 domus,
1365 3532 1389 3585 et
1418 3530 1520 3600 repleto
1545 3532 1585 3584 eat
1611 3528 1706 3589 demus
1733 3531 1816 3597 nube,
1844 3537 1872 3585 et

167 3622 282 3679 eunetis
301 3620 507 3694 iniquitatibus
522 3637 633 3677 eorum.
651 3620 727 3675 Dicit
740 3635 808 3691 ergo
830 3635 860 3674 se
877 3616 990 3673 Domini
1044 3621 1152 3675 utrium
1167 3622 1302 3692 repletum
1325 3623 1365 3674 est
1391 3617 1534 3690 splendore
1560 3618 1662 3687 glorie
1689 3619 1811 3673 Domini.
1837 3619 1871 3673 lit

167 3713 309 3785 praeoepta
324 3710 497 3784 complesse,
513 3715 541 3766 et
556 3709 794 3784 signaculorum
805 3707 991 3764 litteraelron·
1044 3711 1147 3764 sonitui
1180 3710 1290 3764 ntorum
1323 3708 1471 3766 Cherubim
1507 3706 1671 3762 audiebatur
1719 3723 1804 3779 usque
1835 3706 1872 3763 ud

166 3803 211 3856 tes
230 3799 364 3872 signasse
378 3799 432 3870 [At.
450 3804 589 3867 armasse]
615 3797 792 3871 lugentium.
822 3797 877 3851 Sex
892 3800 989 3850 autern
1044 3799 1149 3853 utrium.
1165 3799 1296 3866 euterius,
1314 3797 1395 3868 quusi
1409 3812 1462 3852 uox
1475 3797 1525 3851 Dei
1545 3797 1742 3864 omnipotentia
1757 3797 1870 3867 loqueu-

166 3888 220 3944 viri
237 3887 346 3961 quibus
362 3891 537 3961 praeceperat
553 3885 704 3958 Dominus,
732 3886 850 3942 dicens:
869 3885 992 3939 Trousile
1045 3887 1090 3943 tio.
1107 3886 1227 3958 Cumque
1237 3888 1411 3958 praecepisset
1426 3887 1497 3955 uiro,
1514 3887 1563 3957 qui
1578 3885 1760 3941 indutuserut
1776 3886 1869 3953 lineis,

166 3994 216 4050 per
229 3978 367 4034 ciuitatem
380 3985 521 4048 sequentes
536 3993 609 4047 eum,
624 3981 649 4032 et
663 3979 817 4047 percutite:
832 3975 992 4043 nulliusque
1044 3978 1156 4033 dicero:
1173 3978 1256 4031 Sume
1272 3978 1363 4047 r'puem
1377 3976 1409 4030 de
1423 3974 1511 4030 medio
1525 3983 1658 4040 rutarum,
1676 3989 1740 4044 quae
1752 3982 1818 4030 suut
1827 3976 1871 4029 iu·

168 4066 361 4123 misereamini
374 4065 728 4137 tuqueudiuterueciooem,
739 4062 811 4118 nihil
821 4063 991 4118 talerenun-
1045 4074 1086 4121 ter
1101 4064 1267 4120 Cherubim:
1280 4067 1420 4134 inpressos
1430 4062 1481 4119 ilie
1490 4064 1565 4118 stetit
1573 4063 1656 4134 jueta
1665 4070 1763 4118 retum.
1780 4064 1870 4119 Eten-

169 4154 253 4210 tiant.
269 4155 370 4227 Neque
384 4154 462 4210 enim
478 4153 595 4220 latitia,
613 4153 663 4209 sed
680 4151 813 4208 moeroris
836 4151 991 4223 implevere
1045 4152 1132 4208 tendit
1148 4153 1255 4209 Cherub
1271 4169 1385 4208 murrum
1400 4151 1531 4208 demedio
1547 4150 1705 4218 Cherubim,
1729 4151 1871 4222 ediquem

172 4243 360 4311 sententiam,
376 4258 440 4314 quan
455 4259 513 4299 uon
529 4241 730 4310 sermone,sed
745 4257 831 4313 opero
842 4240 989 4313 probatur.
1046 4243 1094 4313 qui
1108 4245 1169 4298 eret
1184 4244 1256 4298 iuter
1266 4242 1424 4310 Cherubim,
1441 4245 1467 4296 et
1480 4243 1595 4313 sumpsit
1609 4248 1635 4296 et
1648 4239 1725 4296 dedit
1732 4241 1761 4295 iu
1769 4255 1872 4297 mnus

170 4333 206 4388 tlt
220 4332 250 4387 in
265 4331 320 4387 hoo
335 4331 398 4387 looo
412 4347 463 4402 pro
478 4325 599 4404 ποδήρη,
610 4329 638 4385 id
655 4331 890 4397 eet.uestetuluri,
903 4346 991 4402 quam
1045 4332 1447 4403 ejunquiindutuserutliueie.
1458 4332 1652 4401 Quiuceipieua
1662 4332 1872 4400 epresattseat‚et

170 4420 352 4492 interpretati
363 4425 433 4476 sunt
444 4420 648 4492 Septuaginta,
658 4417 921 4491 Theodotioipsum
931 4435 992 4474 ver·
1046 4422 1177 4490 apparuit
1184 4422 1213 4474 iu
1222 4419 1531 4475 Cherubimsimilitudo
1539 4434 1638 4474 munus
1647 4419 1768 4473 hominia
1776 4417 1871 4474 subtus

170 4508 420 4566 bumllcbraioum
430 4508 528 4581 posuit
538 4524 647 4564 nanum
658 4508 771 4581 (Μ)
787 4508 990 4579 Symmachus,
1006 4523 1150 4599 Dpeuuua
1160 4523 1263 4564 eorum.
1281 4507 1403 4563 Vidente
1413 4506 1566 4579 propheta,
1583 4506 1744 4578 ingreditur
1757 4506 1811 4576 vir,
1821 4505 1870 4580 qui

169 4599 293 4666 linenm;
308 4596 422 4668 Aquila,
437 4599 613 4669 praecipuum,
630 4598 691 4653 sive
709 4601 820 4653 ateium.
846 4597 921 4652 100
937 4596 989 4653 Pru
1045 4601 1169 4657 indutus
1186 4602 1248 4653 erat
1262 4595 1346 4652 talari
1362 4600 1441 4652 vesta
1455 4595 1499 4653 vel
1515 4595 1601 4667 linea,
1618 4599 1647 4651 et
1663 4600 1695 4650 ut
1710 4595 1779 4651 LXX
1794 4611 1871 4652 nunc

167 4685 991 4760 emaquoqueSymmuebus‚taiulasmquita,utrarum·
1044 4688 1312 4762 interpretationem
1342 4690 1533 4752 commutant,
1562 4687 1632 4741 stulu
1658 4689 1766 4756 sumu,
1803 4701 1869 4741 oum

168 4780 274 4835 terium
286 4791 293 4840 ;
307 4775 476 4845 Theodotio,
492 4775 575 4829 κάστυ
590 4780 760 4847 posuerunt.
1044 4779 1122 4852 apud
1138 4775 1358 4832 Hebraeosunus
1369 4792 1465 4832 sermo
1480 4774 1623 4830 habeatur
1637 4789 1744 4829 uanum
1761 4775 1868 4846 (ωτι),

204 4868 283 4938 (Gap.
299 4865 333 4922 X.
348 4897 383 4907 -
396 4865 479 4921 Vers.
497 4866 522 4933 l,
538 4865 578 4936 2.)
593 4866 626 4920 dr
640 4863 708 4928 uidi,
724 4867 751 4919 et
777 4880 835 4920 ecce
850 4866 880 4919 iu
894 4865 990 4933 firme·
1045 4862 1869 4937 etoaeteriinterpretesincoeptatranslationapersistant.

170 4963 259 5010 mento
274 4956 345 5027 quod
358 4956 598 5027 erntaupercuput
608 4952 991 5026 Cherubimquasilupioaap·
1046 4953 1211 5027 Ingreditur
1226 4958 1335 5019 autem,
1346 4957 1378 5009 ut
1389 4952 1517 5010 secundo
1530 4951 1649 5020 dicitur,
1663 4951 1694 5006 in
1711 4951 1809 5007 medio
1825 4967 1871 5007 ro·

170 5041 992 5116 phirua1quueiapecierrimiiitudiuisaoliiupporuitsuper
1044 5047 1153 5110 tarum,
1169 5058 1232 5113 quea
1247 5045 1317 5097 sunt
1333 5042 1434 5098 subter
1443 5039 1600 5097 Cherubim
1614 5060 1621 5110 ς
1635 5043 1667 5095 ut
1675 5038 1798 5112 impleat
1807 5055 1868 5096 rna·

171 5146 233 5186 eum
248 5129 343 5202 [Vulg.
360 5134 413 5202 eo].
431 5130 601 5188 statutae
617 5132 719 5197 uirum,
735 5133 784 5202 qui
798 5133 912 5188 indutus
932 5140 992 5188 erut
1046 5149 1101 5188 nus
1115 5147 1184 5187 suas
1200 5130 1295 5203 igneis
1309 5130 1496 5186 carbonibus.
1514 5128 1568 5194 Qui
1583 5145 1651 5184 curn
1667 5132 1746 5185 esset
1761 5129 1873 5202 ingres·

172 5220 267 5286 lineis,
281 5224 307 5274 et
322 5222 361 5276 uit
377 5237 383 5273 :
400 5222 544 5290 luqredere
560 5222 590 5275 iu
605 5220 693 5275 medio
709 5227 840 5292 rotarum,
852 5236 915 5293 que
927 5230 992 5278 suet
1045 5238 1108 5288 sus,
1123 5220 1203 5275 stetit
1217 5223 1333 5275 tanturn
1346 5219 1432 5291 juata
1444 5222 1548 5284 rotam,
1561 5223 1589 5274 at
1603 5217 1648 5273 vel
1664 5217 1700 5272 ob
1716 5217 1871 5275 tristitiam

171 5311 264 5366 subtus
272 5307 381 5366 Cherub
392 5307 490 5381 [Vulg.
504 5309 660 5381 Cherubim]
671 5327 677 5364 :
690 5313 714 5364 et
725 5311 807 5380 imple
820 5327 920 5366 moun
930 5321 992 5367 tuae
1047 5309 1200 5382 puniendae
1215 5306 1388 5377 Jerusalem,
1403 5307 1447 5362 vel
1462 5307 1498 5362 ob
1515 5305 1614 5380 gloria
1635 5304 1873 5378 magnitudinem

168 5399 268 5471 prunis
283 5398 367 5468 ignis,
384 5413 443 5467 que
457 5407 522 5453 suut
532 5400 604 5453 iuter
618 5395 763 5454 Cherubim
775 5414 781 5453 ε
792 5403 819 5454 et
829 5399 992 5472 effunderu-
1046 5403 1178 5471 stupens,
1195 5412 1315 5452 manum
1327 5397 1363 5451 ad
1373 5396 1471 5468 ignem
1480 5397 1543 5468 ipse
1554 5413 1613 5452 non
1625 5394 1716 5466 misit,
1730 5395 1874 5453 sedunus

169 5541 244 5672 d¹(u)
261 5541 375 5598 llierou.
393 5516 496 5605 versio,
513 5541 542 5594 in
557 5539 633 5596 dorso
648 5556 708 5612 auo,
720 5540 857 5612 respoudit
870 5543 990 5613 uerbum,
1081 5542 1119 5613 (b)
1133 5541 1253 5610 Victor,
1269 5538 1624 5615 sanctificabitlexidraeno
1640 5537 1758 5613 ἀγιάσει·

191 5628 274 5671 meu.
