3818 6104
95 271 174 349 uiD
714 267 748 329 8.
762 267 927 332 adsumi
948 265 1171 330 uideuatur
1725 256 1801 323 {220

95 420 161 471 rum
172 420 222 460 rex
230 408 385 462 Persarum
396 402 573 460 constitutus
583 404 638 457 est.
649 399 739 473 Cujus
749 400 915 474 regnianno
929 402 958 470 Α
970 400 1135 472 Zacharias,
1152 399 1231 456 filius
1243 395 1399 465 Baracbia,
1411 394 1491 452 filius
1500 393 1588 450 Addo
1599 391 1803 450 mittiturzic·

94 493 485 550 secundofactusestsermo
505 490 622 548 Domini
642 490 678 547 ad
701 492 917 564 Aggaeumpro·
970 491 1080 547 chorios
1095 491 1303 562 interpretetur
1328 488 1462 544 mercorio
1489 483 1627 542 Domini:
1653 481 1802 552 barachia,

95 580 223 654 phetam,
239 586 268 638 et
281 582 318 638 ad
332 581 513 651 Zachariam,
530 580 624 636 filium
649 579 805 649 Barachioe,
821 579 916 637 filium
973 580 1122 637 berwdici-r'o
1136 580 1263 635 Domini:
1291 577 1385 646 Addo,
1411 575 1605 632 testimonium
1619 573 1693 644 ejas.
1709 571 1805 629 Videa-

93 669 187 726 Addo.
203 671 297 744 Super
310 671 414 745 hggaeo
426 671 489 743 jam
509 669 649 739 diximus,
673 669 709 725 da
723 668 867 725 Zacharia
881 668 917 724 ti·
972 685 1039 726 mus
1050 685 1129 743 ergo,
1142 685 1237 724 sermo
1249 664 1363 724 Domini
1373 665 1424 738 qui
1434 669 1497 721 eret
1514 663 1548 719 in
1570 661 1725 736 principio
1735 660 1805 733 apud

94 758 156 816 tulo
167 776 261 832 pauca
269 759 394 816 dicenda
403 763 482 816 sunt.
495 758 627 827 Quicum
637 757 917 815 sitfiliusliarachias
972 759 1065 815 Deum
1077 758 1204 824 Patrem,
1216 757 1286 829 quid
1295 755 1326 812 in
1336 753 1474 812 Zacharia
1484 750 1637 826 propheta
1645 748 1809 807 sitlocntns

95 847 236 920 queritur
249 864 341 920 quare
356 847 472 905 dicatur
485 845 565 905 filius
578 846 672 903 Addo.
687 847 746 904 Neo
761 846 919 920 ambigitur
973 848 1010 903 ad
1025 847 1179 921 populum.

92 937 178 1009 juxta
194 936 434 1010 Paralipomenon
460 935 580 1004 librum,
608 935 680 1008 quin
694 935 758 1009 ipae
772 935 812 993 sit
825 936 918 1002 Addo,
1009 936 1104 1007 (Vers.
1114 936 1142 1006 2,
1153 935 1193 1006 3.)
1203 935 1481 990 frotocestDomieus
1498 947 1588 1004 super
1601 932 1805 1003 pneumate

95 1026 146 1099 qui
160 1025 270 1084 missus
280 1026 371 1083 estad
382 1025 550 1092 scrobeam,
570 1024 664 1081 filium
680 1024 794 1081 Nabath
805 1024 918 1098 (Ichr.
974 1025 1131 1093 iracundia,
1142 1028 1169 1080 et
1180 1023 1367 1080 dicascdeos:
1383 1025 1443 1080 lieo
1461 1021 1532 1078 dicit
1550 1021 1695 1077 Dominus
1708 1019 1804 1075 aad

95 1117 158 1188 ιιι),
173 1115 297 1188 subque
308 1104 399 1172 altare
414 1115 546 1171 dirutum
563 1115 616 1186 [At.
642 1113 806 1186 diruptum]
822 1118 876 1183 cst,
892 1117 922 1169 ct
974 1119 1070 1171 tuum:
1088 1113 1286 1170 Convertimini
1300 1112 1336 1168 od
1353 1128 1407 1179 me,
1424 1113 1465 1167 ait
1478 1110 1618 1165 Dominus
1638 1109 1805 1164 ernstiana

96 1220 205 1262 manus
216 1204 293 1276 regis
306 1203 393 1275 aruit,
405 1218 583 1275 rursumque
594 1203 630 1260 ad
651 1218 752 1275 preces
764 1201 823 1259 illis
834 1203 921 1260 resti·
974 1209 1002 1260 et
1011 1212 1152 1260 convertor
1162 1203 1202 1259 ad
1213 1219 1272 1269 cos,
1281 1200 1349 1258 dicit
1357 1201 1489 1257 Dominae
1497 1200 1696 1256 exercituum.
1708 1197 1805 1252 ficariis

96 1291 421 1366 tutaest(llllieq.a1u)
438 1292 576 1365 :lgitnra
587 1293 681 1364 primo
692 1308 769 1348 anno
793 1290 858 1365 Gyri
874 1306 921 1347 re·
975 1290 1355 1365 sicutpetresvestriadquos
1365 1290 1522 1346 clamabant
1530 1287 1804 1360 propeeraepriorn,

49 1378 51 1385 ’
97 1382 152 1455 gis,
164 1381 342 1454 usquam
354 1382 391 1437 ad
403 1382 568 1437 secundum
579 1397 689 1437 annum
703 1379 790 1446 Darii,
801 1378 921 1452 liliilly·
975 1382 1103 1438 dicentes.
1120 1381 1189 1436 LXX
1205 1397 1212 1436 :
1229 1382 1320 1437 frctus
1334 1387 1374 1436 est
1397 1380 1532 1436 Dominus
1557 1392 1650 1446 saper
1662 1378 1756 1448 patrer
1767 1391 1805 1430 os·

97 1470 216 1543 staspis,
227 1469 501 1542 supputanturanni
511 1468 923 1542 quadragintainquibustan·
976 1476 1045 1528 siros
1064 1473 1108 1527 irc
1122 1485 1234 1540 macno,
1249 1477 1277 1525 ee
1290 1469 1364 1525 dices
1377 1467 1413 1524 od
1426 1483 1488 1524 eor:
1511 1467 1578 1524 liaec
1592 1465 1669 1520 dicit
1684 1465 1804 1520 Dominae

96 1558 260 1617 tumaltare
270 1557 365 1614 fuerat
375 1562 568 1627 exstructum,
578 1559 694 1629 etjacta
703 1557 805 1630 templi
816 1557 921 1613 funda·
976 1555 1805 1633 omnipotens:convertiminiadme,drciiDomiauseirts·

98 1652 208 1716 menta,
218 1646 321 1703 vicinia
331 1646 361 1701 in
371 1646 496 1702 circuitu
507 1645 675 1702 nationibus
684 1661 759 1717 opus
769 1644 923 1718 prohiben-
977 1654 1046 1721 tum,
1061 1652 1088 1705 ei
1101 1658 1245 1705 convertor
1259 1648 1296 1704 cd
1308 1663 1366 1716 vos,
1378 1645 1447 1702 dieii
1463 1646 1600 1701 Βοιιιίιιιιε
1616 1645 1806 1699 virtutum

99 1737 191 1808 tibus,
207 1739 235 1792 et
249 1735 392 1809 Cambyse
420 1750 487 1808 rege
509 1737 676 1801 Persarum,
697 1734 749 1806 qui
763 1734 816 1804 [At.
833 1733 923 1806 quod]
937 1780 962 1846 B
978 1740 1063 1796 nolite
1077 1738 1139 1808 fieri
1152 1740 1224 1794 sicut
1249 1744 1342 1809 potres
1368 1737 1462 1802 vestri,
1491 1749 1561 1806 quos
1579 1740 1805 1804 orguenmtprc

97 1841 186 1897 super
196 1824 250 1880 heo
260 1838 291 1880 ro
301 1823 337 1879 ad
352 1822 500 1895 principes
509 1822 597 1895 Syriae
607 1818 716 1890 κοίλης,
727 1826 756 1878 oi
766 1821 923 1890 Phocide,
976 1827 1074 1897 phetae,
1090 1828 1139 1899 qui
1153 1828 1230 1893 prius
1245 1828 1366 1892 fumant,
1386 1823 1516 1879 dicenda.
1544 1822 1595 1878 Ira
1621 1819 1744 1877 Domini
1758 1836 1804 1876 nou

97 1931 131 1972 ac
144 1911 284 1970 Samariae
294 1911 406 1967 litteras
417 1911 549 1967 miserat.
563 1911 726 1983 Superque
748 1909 863 1982 plenius
872 1911 923 1966 lis·
977 1916 1226 1990 perturbationem
1237 1914 1301 1986 eJns
1311 1912 1458 1985 significat
1469 1910 1521 1984 qui
1536 1911 1574 1984 (c)
1586 1909 1735 1967 irascitur
1746 1928 1753 1977 ;
1763 1909 1805 1965 sed

98 2005 167 2059 dras
181 2001 284 2057 scribit
299 1999 463 2056 historiam.
479 1999 533 2056 Sed
542 2000 667 2072 Aggaeus
683 2000 713 2054 in
728 2015 829 2055 mense
843 2003 923 2056 sexto
978 2020 1079 2061 eornm
1088 2003 1192 2059 merita
1200 2007 1288 2074 atque
1296 2005 1425 2075 peccata,
1434 2001 1464 2055 in
1475 2015 1552 2072 quos
1562 2000 1612 2055 ira
1620 1999 1674 2055 Dei
1683 1998 1805 2055 desedi:

65 2095 70 2101 '
98 2089 427 2162 indieprimoejusdem
437 2087 922 2160 mensisprophetareexorsusest.
977 2085 1806 2165 alioquinDominuenumquamiratusulciscitur,sedad

99 2178 253 2237 Zachmms
269 2194 335 2234 vero
347 2177 377 2232 in
392 2178 494 2234 eodem
510 2176 629 2249 quidem
645 2194 732 2245 anno,
748 2177 798 2233 sed
818 2193 877 2233 non
892 2176 924 2234 in
978 2182 1033 2239 hoo
1048 2154 1178 2253 coriipit
1193 2184 1225 2235 ut
1239 2179 1384 2235 emendet.
1399 2177 1481 2234 Unde
1497 2181 1527 2233 ot
1546 2175 1704 2250 prophete
1718 2192 1805 2249 preca·

99 2269 201 2327 eodem
213 2283 315 2324 mense
327 2282 334 2322 :
344 2282 412 2322 nam
424 2265 924 2339 postduosmensesoctavole)anni
977 2276 1026 2328 tur
1041 2271 1071 2326 in
1085 2268 1230 2326 Psalmis:
1245 2270 1369 2339 Domine,
1386 2284 1420 2323 ne
1434 2269 1466 2323 ie
1478 2269 1579 2337 farore
1595 2269 1648 2323 trec
1660 2281 1807 2338 oronam

100 2372 201 2413 manse
216 2355 292 2411 fudit
305 2355 488 2411 vaticinium.
505 2354 585 2412 Unde
605 2359 681 2412 recta
692 2356 779 2427 juxta
792 2355 924 2412 ordinem
979 2376 1066 2432 neque
1080 2361 1111 2415 ιἰι
1125 2361 1227 2414 irotoo
1243 2357 1380 2429 corripias
1393 2372 1437 2412 ms
1454 2356 1542 2426 (Psoi.
1558 2372 1603 2425 vr,
1621 2356 1661 2427 1).
1673 2355 1711 2410 Et
1721 2356 1749 2411 in
1759 2354 1806 2410 alio

99 2444 254 2503 duodecim
266 2444 485 2517 prophetarum,
499 2443 547 2500 ille
556 2444 701 2513 decimus,
711 2449 741 2501 et
752 2444 799 2501 hic
811 2443 926 2502 undeci·
980 2449 1043 2506 loeo
1053 2448 1179 2520 legimus
1192 2463 1200 2502 ι
1213 2446 1327 2518 corripe
1337 2461 1397 2516 nos,
1408 2446 1523 2501 Domine
1533 2463 1542 2500 :
1552 2448 1806 2501 verumtamem

100 2552 168 2591 mus
178 2534 305 2607 ponitur.
318 2537 484 2607 Magnaque
497 2533 680 2591 confidentia
693 2538 748 2602 est,
761 2534 852 2591 immo
863 2532 925 2606 spei
979 2540 1116 2610 inserere
1129 2545 1185 2606 tec,
1198 2537 1246 2592 sed
1260 2537 1291 2592 ie
1308 2534 1502 2591 misericordia
1512 2534 1583 2605 (ier.
1601 2550 1633 2605 x,
1648 2534 1710 2606 24).
1725 2534 1807 2589 lratm

100 2623 227 2696 fideique
238 2623 268 2678 in
279 2623 573 2695 Dominum,utquod
584 2626 926 2695 tantotemporepraetsr·
979 2631 1025 2683 est
1036 2641 1104 2699 ergo
1118 2623 1261 2681 Dominus
1271 2639 1358 2696 super
1368 2626 1465 2696 patres
1475 2638 1583 2678 eorum
1597 2622 1651 2695 qui
1664 2636 1745 2678 nunc
1754 2637 1805 2677 cor

100 2713 225 2770 missum
241 2717 295 2781 est,
309 2711 352 2768 vel
369 2728 436 2785 rege
451 2712 635 2784 prohibente,
662 2711 707 2768 vel
723 2711 872 2784 gentibus,
889 2710 925 2767 ad
980 2715 1138 2788 ripiuntur,
1150 2713 1302 2785 nonjuxta
1312 2710 1504 2784 Septuaginta
1515 2711 1808 2783 interpretesiraere

99 2801 326 2859 commotionem
342 2802 468 2857 duorum
494 2800 647 2857 hominum
664 2800 759 2857 farere
771 2799 924 2872 incipiant.
979 2820 1054 2875 gno:
1067 2803 1118 2860 sed
1134 2804 1178 2858 irc
1193 2800 1377 2874 simpliciter.
1393 2799 1420 2855 si
1436 2800 1514 2856 enim
1539 2800 1590 2856 ira
1616 2816 1732 2872 magna
1743 2802 1807 2856 mei

100 2891 166 2947 Hac
173 2892 258 2962 juxta
269 2889 420 2947 historiam
433 2888 518 2946 solito
528 2905 610 2946 mors
621 2888 829 2962 promisimus.
842 2889 926 2944 Nunc
979 2893 1083 2958 iratus,
1095 2906 1257 2962 numquam
1272 2906 1323 2962 per
1334 2887 1480 2945 Danielem
1491 2893 1520 2944 et
1530 2887 1726 2946 Ezechielem
1733 2889 1807 2960 eapti

100 2977 759 3052 secundumdesperitbreviterdisserondum
776 2977 924 3033 est.0cta·
980 2997 1031 3038 vos
1047 2981 1082 3036 ad
1096 2978 1298 3052 poenitentiam
1319 2982 1513 3050 provocasset.
1536 2977 1685 3049 Cumque
1709 2979 1738 3034 in
1752 2977 1805 3034 illoc

100 3086 155 3125 vus
166 3069 244 3140 apud
256 3068 392 3123 Hebraeos
403 3068 514 3123 mensis
535 3067 586 3139 qui
610 3066 688 3139 apud
699 3065 765 3122 illos
774 3082 925 3121 ueaasverr
979 3070 1072 3125 iratus
1083 3069 1131 3138 sit,
1143 3069 1179 3124 ad
1190 3085 1241 3124 vos
1250 3066 1384 3139 loquitur
1394 3066 1538 3122 Dominus
1551 3066 1805 3140 exercituumque

103 3157 243 3244 (pruentia)
259 3157 336 3229 apud
351 3160 490 3229 Aigyptos
505 3155 594 3223 Atlrir,
615 3155 694 3228 apud
709 3170 763 3210 nos
776 3154 925 3210 November
939 3147 961 3214 G
980 3174 1038 3230 quo
1050 3157 1081 3212 in
1092 3156 1231 3213 Hebraico
1243 3157 1371 3229 positum
1392 3159 1436 3211 est
1460 3171 1594 3211 sasima
1621 3156 1731 3229 (mm),
1742 3154 1804 3228 qnod

102 3244 220 3316 dicitur,
239 3242 354 3318 hyemis
364 3245 515 3301 exordium
528 3248 573 3299 ast
584 3260 591 3298 ι
603 3243 633 3298 in
643 3259 701 3315 quo
711 3242 820 3298 astatis
831 3241 927 3299 calore
980 3244 1555 3318 interdumSeptuagintaomnipotentem,
1567 3243 1729 3302 interdum
1738 3247 1803 3302 ric

103 3337 289 3407 consumpto,
306 3333 403 3389 omnis
419 3337 495 3388 tarra
510 3333 602 3389 virore
618 3333 757 3398 nudatur,
773 3337 802 3387 ct
816 3335 926 3388 morta·
981 3333 1269 3392 tamtrenstulerunt.
1279 3332 1469 3404 Etloquitur:
1480 3332 1707 3390 Convertimini
1717 3335 1800 3398 aduc.

102 3422 176 3479 lium
187 3421 542 3495 corporacontrnhuntur‚
559 3437 611 3478 nec
633 3421 792 3478 estullaex
803 3420 865 3494 lege
880 3437 928 3477 so·
982 3423 1218 3480 etconvertarad
1230 3439 1291 3490 vos,
1301 3420 1469 3494 juxtaillud
1494 3422 1577 3492 quod
1603 3421 1754 3497 legimus:
1768 3422 1804 3478 lr-

103 3511 250 3568 lemnitas.
262 3511 411 3585 Scriptum
437 3516 481 3568 cst
505 3511 927 3583 enimquodterperannum
981 3513 1328 3582 ceditecdDominum‚et
1355 3509 1462 3567 accedet
1490 3509 1525 3565 od
1556 3527 1617 3567 cos.
1635 3509 1805 3577 Qnibnsboe

102 3615 242 3675 apparere
253 3600 357 3658 debeat
366 3618 453 3657 omne
467 3601 582 3673 generis
593 3598 749 3657 masculini
760 3615 858 3655 eoram
873 3602 927 3654 Do·
982 3601 1161 3659 contrarium
1177 3606 1240 3656 est:
1258 3600 1413 3656 Recessirtis
1428 3616 1446 3654 a
1460 3614 1514 3669 me,
1530 3603 1561 3654 et
1573 3616 1625 3669 eqo
1639 3602 1805 3658 recessio»

103 3690 183 3745 mino
193 3689 251 3746 Deo
263 3693 363 3746 nostro
373 3688 469 3762 (Exod.
481 3687 588 3759 xxxiv).
612 3688 707 3744 Prima
733 3687 875 3743 festivitas
885 3690 930 3743 est
983 3692 1033 3747 his.
1044 3690 1179 3763 Praecipit
1191 3694 1289 3746 autem
1301 3688 1353 3757 eis,
1367 3692 1400 3743 ut
1410 3692 1600 3744 revertentur
1610 3690 1650 3745 ad
1663 3691 1804 3747 Dominum

100 3781 292 3853 haymorum,
309 3777 491 3851 Phaoe‚quod
508 3777 585 3850 apud
595 3794 649 3834 nos
659 3777 756 3833 Graeco
767 3775 928 3848 Latinoque
983 3778 1032 3851 qui
1045 3779 1080 3834 de
1091 3777 1327 3850 Babyloniasunt
1337 3775 1454 3844 reversi,
1468 3780 1545 3831 utet
1564 3778 1716 3835 Dominus
1726 3792 1804 3834 rever

103 3884 238 3924 sermone
252 3868 358 3924 Pascite
374 3867 491 3924 dicitur.
507 3866 640 3923 Secunda
663 3866 848 3922 Pentecostes
863 3867 929 3937 post
981 3866 1142 3923 taturissl
1156 3867 1262 3935 adeos,
1276 3864 1463 3937 reincipiant
1480 3866 1638 3923 sustinere
1658 3868 1724 3935 filii,
1743 3863 1805 3940 quod

99 3962 212 4030 septem
223 3958 435 4027 hebdomadas,
448 3958 477 4012 in
489 3973 549 4028 qua
558 3971 650 4027 panes
669 3955 877 4028 propositionis
892 3953 928 4009 de
982 3957 1131 4029 quondam
1145 3956 1330 4012 sustinerunt
1341 3958 1447 4027 patres,
1460 3955 1496 4009 ad
1509 3971 1591 4027 quos
1602 3957 1746 4013 similiter
1758 3969 1806 4029 pro

99 4047 181 4101 novis
192 4045 321 4116 primum
334 4046 469 4117 frugibus
479 4045 651 4100 offeruntur.
665 4044 773 4111 fertis,
784 4043 814 4098 in
826 4059 927 4099 mense
981 4045 1075 4117 pheta
1091 4043 1170 4100 illius
1182 4044 1325 4117 temporis
1341 4048 1411 4099 sunt
1429 4042 1529 4098 locuti.
1548 4043 1730 4102 Notandum
1745 4041 1806 4117 quod

103 4133 240 4204 septimo,
252 4133 290 4202 (b)
302 4132 440 4188 tuberum
458 4131 673 4206 propitiationis
688 4137 716 4188 et
729 4131 928 4189 tabernaculo·
981 4133 1010 4189 in
1024 4132 1286 4206 paucisversiculis
1295 4132 1807 4209 brevibusquesententiissemperh

106 4217 928 4294 rum,idestmerpeceqiccmujusextremediosegressio·
981 4230 1084 4296 Aggaeo
1099 4227 1128 4279 et
1150 4221 1289 4278 Zacharia
1313 4221 1447 4288 addatur,
1462 4220 1531 4276 dicit
1553 4226 1704 4281 Dominus
1717 4221 1807 4281 esem·

102 4307 592 4382 nlsappellaturetterminus.Ergo
607 4309 636 4365 in
656 4309 824 4383 captivitate
838 4326 929 4382 popu·
980 4315 1071 4382 tuum,
1081 4316 1113 4367 ut
1123 4311 1228 4379 sciant,
1238 4310 1381 4367 Dominus
1391 4325 1454 4365 esse
1465 4308 1515 4380 qui
1528 4311 1676 4385 praecipit
1687 4314 1808 4369 adversat

101 4397 342 4466 lusconstitutus,
352 4399 790 4471 etadhucsubregePersarnm,
800 4400 927 4455 necdum
983 4401 1059 4473 regis
1074 4399 1232 4472 imperium
1248 4403 1277 4455 et
1291 4398 1390 4455 hostes
1402 4398 1693 4459 circumfrementes
1706 4418 1714 4458 :
1729 4406 1757 4458 ct
1767 4399 1806 4456 hat

101 4488 242 4545 edificata
253 4488 372 4561 templo,
386 4491 511 4545 necdum
521 4487 668 4545 moenibus
679 4487 830 4559 murisque
844 4488 926 4543 urbis
942 4491 966 4575 'D
982 4490 1017 4546 ed
1033 4488 1255 4544 edificationem
1270 4485 1373 4558 templi
1389 4485 1496 4541 fiducia
1510 4488 1725 4547 concitentur.

101 4577 269 4645 exstructis,
285 4595 343 4633 non
359 4577 437 4635 videt
458 4577 641 4651 prophetiam
664 4581 795 4649 tempore
810 4575 926 4644 laetitia,
1018 4580 1112 4650 (Vere.
1128 4577 1166 4648 l.)
1182 4578 1242 4631 llaec
1256 4576 1327 4632 dicit
1340 4576 1471 4630 Dominus
1486 4578 1698 4636 eccs-citarem:
1715 4580 1810 4637 Com

102 4666 152 4721 sed
165 4671 231 4739 post
239 4666 382 4723 letitiam.
394 4668 429 4722 lit
440 4671 549 4723 tamem
563 4666 927 4739 quihabebetmemoriam
981 4664 1114 4722 timinide
1123 4667 1175 4720 viis
1185 4666 1283 4720 vestris
1291 4664 1384 4728 molis,
1393 4664 1659 4733 etcoqitotionibus
1670 4671 1809 4741 cedris!

101 4753 228 4824 Domini,
240 4756 585 4829 etproptermemoriam,
596 4756 838 4826 benedictionem,
853 4755 928 4812 78⁰
981 4757 1060 4812 simio
1073 4770 1079 4808 :
1093 4757 1119 4810 et
1129 4770 1186 4809 non
1195 4753 1360 4818 aridieruet,
1375 4767 1461 4823 neque
1471 4752 1666 4812 attenderent
1676 4753 1810 4825 comte

99 4849 127 4908 et
141 4843 178 4900 ob
193 4844 438 4913 benedictionem,
455 4845 658 4901 testimonium
671 4862 678 4900 :
692 4843 799 4900 idcirco
812 4845 846 4900 ad
860 4860 927 4902 eum
984 4845 1021 4899 cit
1031 4843 1173 4899 Dominus.
1185 4840 1415 4898 Lxx-flaccinis
1426 4840 1564 4897 Dominus
1577 4842 1621 4916 (d)
1634 4850 1810 4920 omnipotens:
1850 4886 1852 4929 t

134 5022 174 5148 Ἔα)
183 5020 342 5090 Victorius,
354 5027 447 5079 octavo
457 5024 562 5078 scilicet
569 5023 746 5079 occimense.
759 5021 850 5078 Paulo
863 5026 929 5094 post
982 5021 1113 5095 quinque
1124 5019 1274 5077 florentia
1284 5017 1409 5090 aliisque
1426 5017 1531 5073 Brixim
1557 5021 1725 5082 codicibus
1734 5027 1809 5081 scier

96 5109 133 5148 vu
147 5093 206 5166 gaii
222 5109 324 5150 omnes
340 5093 419 5163 libri,
433 5095 651 5162 commotionem,
667 5111 718 5166 pro
733 5095 926 5150 commonitio·
981 5099 1061 5149 tatur
1072 5109 1129 5148 non
1141 5090 1296 5147 invenisse.
1309 5086 1487 5160 Sensusque‚
1498 5090 1556 5158 ait,
1572 5098 1623 5148 est
1638 5112 1646 5151 :
1662 5098 1695 5152 ln
1708 5095 1807 5153 bomin

101 5179 174 5220 nem.
191 5164 249 5220 Nos
266 5165 369 5238 Regin.
385 5182 441 5221 ms.
459 5165 651 5237 preterimus.
981 5166 1025 5220 ira
1036 5163 1125 5219 nrrnsi
1151 5163 1248 5218 nificat
1258 5161 1505 5233 perturbationem
1521 5162 1805 5229 Deirumirescurr,

135 5236 173 5307 (b)
189 5237 324 5293 flendose
340 5242 401 5291 erat
417 5253 505 5310 penes
538 5236 927 5305 Martienaeum‚forbaram.
982 5179 1299 5309 sedsigniffcateorum
1312 5232 1527 5312 meritamque
1548 5241 1805 5310 peccata,inqnot

103 5305 169 5362 Mox
177 5323 228 5378 pro
237 5309 411 5379 egressionis,
423 5307 649 5379 corrigitVictor
658 5307 777 5378 epressio
797 5307 828 5362 in
839 5311 926 5363 recto.
982 5307 1033 5365 Dei
1043 5308 1087 5362 ira
1099 5304 1225 5362 decrevit.
1239 5303 1376 5374 Alioquin
1388 5305 1531 5359 Dominus
1543 5321 1724 5380 numquam
1734 5311 1804 5366 iero

102 5375 197 5434 Locus
212 5386 258 5435 est
272 5378 359 5435 tevit.
375 5396 455 5449 xxrrr,
473 5379 523 5435 ubi
536 5378 607 5434 LXX
621 5379 728 5434 habent
743 5350 855 5446 ἐξζδιον.
982 5378 1153 5443 ulciscitur;
1170 5377 1220 5433 sed
1236 5376 1290 5431 hoc
1303 5375 1434 5456 corripit,
1451 5377 1485 5428 ut
1501 5378 1669 5438 emendet.

139 5448 175 5520 (c)
190 5451 363 5507 Amavimus
375 5450 443 5507 hinc
454 5450 579 5524 negandi
590 5448 764 5522 particulam
776 5451 813 5506 ad
824 5449 927 5523 Regin.
1018 5449 1057 5522 (d)
1068 5450 1123 5505 Pro
1133 5449 1312 5519 omnipotens,
1323 5462 1354 5501 ιιι
1365 5445 1467 5530 Regin.
1481 5461 1543 5502 ms.
1555 5451 1726 5511 uirtutuml
1759 5452 1765 5464 '

105 5524 160 5572 ms.
176 5519 354 5588 tidem,etS.
366 5522 643 5578 Doctorismentem.
655 5521 928 5595 victoriasquoque
982 5520 1024 5578 sic
1047 5537 1083 5578 ue
1098 5525 1143 5578 est
1155 5519 1185 5577 in
1215 5516 1415 5593 complutensr
1442 5514 1549 5578 Gracc
1577 5519 1802 5606 exemplares&

103 5586 151 5648 cui
163 5586 224 5647 bno
238 5590 324 5651 lectio
340 5592 434 5671 magis
454 5591 574 5668 placuit,
599 5607 665 5655 eam
694 5592 884 5679 negationem
897 5592 928 5663 in
982 5537 1133 5672 deripier.
