3818 6104
97 272 158 340 683
721 281 754 341 S.
776 277 932 344 eusenll
953 277 1175 344 elaeonem

99 410 260 480 Christum,
274 409 446 466 aliasaecuta
467 418 548 468 extra
567 410 627 468 hnc
643 429 706 484 qun
724 414 882 480 carminum
899 413 919 467 ii
935 416 962 480 Α
977 414 1098 485 sculpta
1113 417 1192 469 sunt.
1209 416 1305 485 Atque
1319 412 1361 469 ita
1375 412 1513 469 universa
1529 408 1707 484 spectantius

99 498 922 575 hominesteceruntsibiseeeeosstadoraveruntopera
975 496 1707 575 peccantium]multitudolegetinpectoremeosis

99 604 240 643 manuum
250 605 382 645 suarum.
395 589 504 646 Omnes
514 589 681 663 philosophi
698 590 746 663 qui
759 590 921 663 variadog-
975 591 1118 663 imagines
1124 597 1309 663 peccatorum
1316 592 1392 649 800
1399 589 1562 647 Nititenim
1572 590 1707 646 abscensus

99 679 179 731 mats
189 675 390 748 prodiderunt,
402 693 505 733 omnes
517 676 644 732 heretici
662 677 712 749 qui
736 681 870 733 auctores
885 676 921 733 ad
975 680 1186 752 abrcmdituml,
1198 682 1268 751 qaod
1281 697 1335 737 non
1344 681 1519 737 revelabitur.
1529 680 1561 736 Et
1570 676 1707 735 interseia

98 762 182 820 aliter
191 765 369 821 credendum
379 761 484 822 de'Deo
495 766 611 823 miseris
621 765 795 822 mortalibus
807 765 922 823 exstite-
975 771 1174 838 cogitationum
1183 772 1369 826 accusantium
1378 771 1436 825 siue
1444 768 1653 840 defendentium
1665 766 1707 840 (m

100 856 178 921 runt,
190 851 323 910 iecerunt
333 854 388 911 sibi
412 854 500 922 idola,
526 861 553 911 et
577 855 669 911 animi
680 856 734 926 [At.
746 855 861 927 anima]
876 872 922 912 vo·
976 857 1031 929 lb),
1048 860 1082 913 Et
1094 875 1100 912 :
1114 860 1202 915 Nolite
1210 863 1275 915 ante
1285 868 1388 931 tempus
1394 858 1531 930 judicare,
1544 856 1629 913 denec
1648 871 1707 913 veru

98 940 241 1014 luptatem
264 948 441 1016 putaverunt
463 945 567 1014 Deum,
592 951 620 1001 et
640 945 770 1002 conversi
785 943 921 1002 adoravc-
974 947 1707 1014 minas‚etittaminetabsconditatenebrarumetnmn

100 1034 169 1087 runt
180 1047 407 1105 opusmanuum
418 1050 551 1103 suarum,
563 1037 922 1107 putantesveraesseque
975 1038 1090 1092 consiliu
1106 1038 1231 1093 cordium
1245 1038 1281 1109 (ll
1298 1037 1357 1093 dor.
1374 1038 1400 1105 l,
1415 1037 1454 1107 5).
1470 1034 1521 1092 Cui
1532 1033 1707 1092 manifestat

100 1119 254 1178 linxerant.
271 1122 380 1180 Omnes
398 1122 489 1196 igitur
511 1127 572 1179 tam
600 1123 637 1178 de
664 1122 772 1179 visibili
789 1123 921 1193 materia,
976 1126 1190 1198 manifestetur]
1202 1126 1326 1199 tutique
1337 1143 1395 1182 non
1411 1125 1478 1193 sibi,
1493 1124 1543 1196 qui
1556 1128 1707 1196 eamque!

101 1225 190 1281 quam
201 1211 237 1268 de
247 1211 330 1269 lulsis
343 1211 530 1285 dogmatibus
540 1211 683 1284 tingentes
700 1211 757 1268 sibi
767 1212 848 1279 deos,
859 1228 922 1267 cor·
976 1218 1081 1270 cuncta
1091 1215 1241 1286 cognoscit
1253 1231 1260 1270 ε
1274 1215 1324 1271 sed
1336 1214 1382 1271 his
1392 1213 1443 1287 qui
1455 1228 1522 1270 cum
1533 1208 1707 1269 illoventurl

102 1298 172 1371 ripit
180 1315 258 1356 nunc
269 1317 365 1358 sermo
375 1301 492 1357 divinus
502 1300 618 1357 dicens:
640 1301 669 1356 Si
683 1301 772 1376 saciet
781 1300 835 1357 sibi
844 1299 922 1356 borno
976 1307 1004 1359 et
1015 1307 1134 1375 propter
1143 1304 1301 1376 puritatem
1317 1303 1424 1359 mentis
1437 1308 1465 1358 et
1477 1301 1608 1374 corporis
1620 1303 1707 1374 Agna

101 1388 172 1461 deos,
185 1393 212 1445 et
221 1390 269 1445 isti
277 1406 332 1446 non
345 1398 409 1446 snut
423 1391 487 1459 Dii3
507 1398 651 1462 propterea
665 1389 847 1460 manifestabo
862 1389 923 1444 iltis
976 1397 1103 1463 quantur
1117 1393 1169 1462 [dt.
1186 1393 1371 1464 sequunturl,
1396 1391 1531 1448 ostendet
1545 1389 1653 1446 delicta
1665 1389 1700 1447 in

101 1481 130 1535 in
146 1483 265 1551 umpore
275 1480 403 1551 istocpus
412 1495 548 1535 manuum
561 1494 696 1548 mearum,
712 1479 853 1535 brundam
862 1476 923 1534 iltis
976 1480 1136 1551 peccatoris
1148 1496 1286 1553 expressa
1301 1485 1333 1536 ut
1348 1483 1503 1552 resurgant
1522 1479 1596 1551 justi
1616 1478 1648 1534 in
1662 1476 1707 1552 glt

99 1566 228 1621 virtatem
244 1581 336 1621 meam
350 1566 415 1637 (ter.
431 1582 489 1633 xv1,
504 1567 568 1638 20):
585 1566 615 1621 in
636 1582 693 1638 quo
707 1570 849 1639 tempore,
864 1564 922 1622 nisi
977 1573 1143 1641 peccatores
1153 1585 1219 1626 vem
1229 1569 1258 1624 in
1271 1569 1461 1642 opprobriam
1471 1567 1707 1625 etconlusiouom

99 1653 130 1709 in
140 1653 208 1723 isto,
221 1670 278 1726 quo
289 1653 422 1711 Salvator
432 1653 924 1728 nosterassumpsitcorpushuma·
977 1673 1044 1713 nam
1058 1676 1065 1726 ;
1082 1657 1221 1730 aquibus
1247 1658 1352 1714 liberet
1365 1673 1420 1714 nas
1441 1662 1515 1714 beas
1530 1658 1707 1730 resurgente

99 1760 172 1801 num
182 1744 196 1800 i
208 1745 332 1801 Etecient
346 1748 415 1818 puio
443 1761 490 1816 eqo
504 1760 567 1800 sum
580 1745 721 1800 Dominus.
741 1744 851 1800 Deinde
865 1743 923 1800 alia
976 1745 1091 1802 Christo
1105 1745 1185 1814 lesu,
1202 1745 1248 1801 cui
1264 1749 1309 1803 est
1323 1745 1416 1819 gloria
1431 1751 1461 1802 et
1474 1745 1632 1818 imperium
1648 1745 1681 1801 in
1695 1760 1707 1803 a

99 1833 234 1907 sequitur
253 1834 410 1907 prophetia
432 1835 533 1906 (quam
557 1833 655 1889 nescio
674 1849 764 1905 quere
779 1833 857 1905 apud
871 1833 921 1890 Se·
977 1834 1161 1902 seculorum,
1177 1843 1281 1891 nmen.

98 1915 255 1997 ptuaginta
268 1921 523 1978 non'invenientes
548 1920 705 1978 incaeteris
733 1921 920 1993 editionibus,
1154 1948 1306 2006 HOMILIA
1328 1949 1462 2007 DECIMA
1477 1949 1619 2007 TERTIA.

100 2031 163 2087 que
183 2029 250 2068 cum
263 2010 921 2083 Hebrooconsentiuntsermonereperimus),
1012 2037 1346 2110 Deeoquodso,5pgum
1371 2042 1432 2094 esp:
1458 2038 1594 2107 Quomodo
1622 2052 1707 2095 ,om

101 2119 166 2176 qun
177 2101 263 2175 plena
274 2098 611 2167 estnecessariisrebus,
622 2103 722 2155 ettam
741 2099 874 2169 utilibus,
890 2104 923 2156 ut
976 2111 1006 2164 eu
1019 2109 1233 2164 amartraminem
1255 2111 1349 2165 azima
1370 2108 1478 2178 (Jemm
1508 2109 1542 2173 11,
1567 2111 1613 2180 21,
1631 2110 1693 2182 22)ν

101 2192 204 2267 possit,
221 2190 245 2247 si
261 2190 378 2246 animus
395 2188 482 2244 luerit
499 2191 669 2254 attentans
696 2188 774 2245 vitiis
789 2205 922 2247 revocare
977 2181 1013 2236 ad
1029 2196 1095 2236 eum
1112 2179 1208 2237 locum
1224 2181 1254 2236 in
1270 2198 1328 2252 quo
1344 2181 1402 2236 ait:
1419 2181 1554 2236 damiata
1567 2196 1596 2236 es
1610 2182 1642 2236 in
1656 2196 1707 2239 ean

102 2283 262 2338 bectonem.
278 2279 327 2335 Sic
341 2281 438 2334 autem
455 2278 607 2349 sequitur:
623 2282 767 2334 Peccatum
780 2278 923 2337 tndacon-
975 2269 1036 2308 '²²⁶⁰
1051 2254 1081 2307 in
1095 2253 1291 2325 minuatim
1306 2255 1370 2320 ’ω’
1387 2253 1453 2308 dim
1464 2254 1606 2308 mmm·

103 2372 238 2443 scriptum
251 2368 370 2439 eststyto
389 2368 489 2437 terreo,
506 2367 536 2420 in
546 2381 638 2437 unaue
649 2366 923 2435 adamantinoscul-
1012 2367 1088 2424 8θῦ
1103 2369 1175 2423 Deus
1188 2376 1301 2424 nurum
1315 2368 1371 2424 uon
1398 2368 1473 2441 fecit.
1502 2384 1589 2440 neque
1603 2368 1707 2427 nucu

98 2469 177 2534 ptum
188 2456 719 2531 superpeetuscordiseorum(der.xv1n,
731 2457 767 2529 l),
779 2458 922 2524 Quoniam
974 2457 1128 2529 perditione
1139 2458 1298 2512 vicendium.
1315 2457 1423 2512 Creovit
1435 2459 1509 2512 enim
1520 2461 1550 2512 at
1559 2460 1649 2512 essent
1657 2473 1707 2515 ons

99 2546 220 2604 difficile
229 2549 273 2603 est
284 2545 412 2617 aliquem
423 2561 454 2600 se
465 2544 575 2600 malum
587 2545 729 2612 confiteri,
748 2545 813 2601 idco
827 2546 843 2601 J
847 2546 922 2602 udaei
975 2547 1110 2601 satutmes
1120 2546 1158 2616 (b)
1168 2546 1358 2616 generationes
1364 2546 1471 2615 mundi,
1479 2548 1609 2602 necestin
1615 2546 1707 2604 eisaei

99 2637 139 2710 (a)
150 2635 200 2710 qui
211 2632 388 2705 exemplaria
398 2631 540 2688 nonnulla
551 2631 704 2703 falsarunt,
723 2633 811 2689 etiam
826 2633 857 2689 in
868 2633 923 2690 boc
974 2636 1170 2705 martianaeum
1181 2634 1502 2706 inseruirepnumsaper
1511 2642 1616 2691 terram
1624 2634 1707 2707 (Sep.

99 2723 162 2782 loco
178 2740 230 2797 pro
243 2726 354 2796 peecata
373 2721 454 2793 luda,
476 2729 619 2794 peccatum
639 2738 734 2778 eorum
749 2727 921 2794 posuerunt.
979 2720 1707 2795 Deindepaulumultraprocedensreperioundesi

99 2813 155 2871 Sed
171 2812 196 2870 si
211 2810 374 2885 figulariter
387 2809 554 2866 consideres
568 2809 613 2881 (ut
637 2826 714 2880 sepe
728 2810 923 2883 ostendimus)
977 2810 1085 2866 lusidio
1099 2815 1191 2867 cutem
1204 2810 1309 2867 diaboli
1329 2827 1403 2867 mors
1428 2813 1543 2867 intrauit
1557 2814 1588 2867 in
1601 2813 1703 2870 orbem

98 2902 206 2960 Judem
217 2897 922 2971 Christumnuncupari,sorsitanpeccatumiudu
977 2900 1130 2972 rumlSup.
1147 2917 1179 2967 u,
1206 2900 1264 2969 24).
1292 2901 1399 2956 Omnia
1428 2901 1517 2973 igitur
1537 2901 1614 2958 bona
1628 2903 1660 2958 in
1676 2919 1707 2960 nt

100 2994 251 3065 peccatum
265 2990 462 3058 nostrumest,
475 2987 523 3059 qui
533 2986 718 3043 oredimusin
730 2987 923 3047 Christumde
977 2991 1095 3061 propter
1105 3005 1158 3045 nos
1177 2988 1308 3046 condidit
1334 2994 1420 3062 Deris,
1437 2991 1487 3046 sed
1503 2990 1678 3064 nosmetipsi
1688 2992 1707 3065 (ι

100 3081 179 3137 tribu
189 3078 277 3150 luda,
290 3082 320 3134 st
333 3077 443 3148 exejus
456 3076 618 3132 secundum
628 3092 746 3137 caraem
756 3076 847 3151 stirpe
857 3094 924 3135 nas·
977 3076 1069 3133 litiam
1080 3082 1168 3149 etque
1178 3083 1295 3149 peccota
1306 3079 1424 3151 propria
1433 3079 1462 3134 in
1474 3080 1558 3135 uobis
1569 3082 1707 3138 attraxim

101 3174 226 3227 centem.
242 3167 272 3224 Si
287 3171 385 3224 autem
399 3164 526 3222 volueris
549 3164 692 3222 sacratius
711 3164 873 3240 intelligere
886 3168 922 3223 de
938 3151 959 3218 C
978 3165 1101 3222 luntate.
1126 3166 1206 3222 Unde
1235 3172 1263 3222 et
1276 3166 1457 3239 inpresenti
1472 3166 1597 3226 lectione
1610 3186 1664 3243 per
1677 3186 1707 3245 pr

101 3256 474 3333 proditoreludadictum:
496 3253 728 3312 Peccatumludae
743 3257 923 3327 scriptumest
978 3256 1707 3329 tamnnncqueriturtteus,etquodammododubi

101 3339 331 3422 instyloserreo,
347 3346 482 3414 inungue
496 3343 923 3418 adamantino,scutptumsuper
977 3344 1077 3415 quirit,
1093 3336 1240 3415 quomodo
1261 3345 1291 3400 in
1308 3345 1486 3417 quibusdam
1515 3364 1618 3403 amara
1637 3349 1707 3407 site

99 3446 194 3511 pectus
206 3435 410 3502 cardiacorum,
426 3433 600 3506 repugnabit
613 3432 667 3488 tibi
685 3433 762 3505 quod
777 3434 921 3506 sequitur,
977 3449 1066 3504 quam
1081 3431 1197 3489 dulcem
1208 3433 1271 3505 ipss
1288 3435 1459 3491 condiderat
1468 3438 1497 3490 et
1508 3435 1566 3492 ait:
1590 3437 1707 3505 Quomn

99 3528 211 3584 borum.
227 3524 320 3598 Igitur
333 3527 478 3594 (utsupra
488 3521 847 3596 diximus)supernosqui
859 3539 924 3596 pec·
975 3537 1056 3578 uersu
1069 3539 1097 3581 es
1113 3524 1143 3579 in
1157 3523 1372 3578 amaumdinem
1399 3525 1465 3580 aitis
1492 3527 1607 3580 alienat
1632 3526 1707 3592 Quot

98 3631 201 3672 camus
211 3613 268 3670 istu
282 3611 469 3680 conveniunt,
487 3627 612 3684 quorum
628 3615 746 3684 peccate
759 3628 818 3668 non
832 3612 922 3669 lorin·
976 3610 1034 3667 tale
1045 3615 1099 3682 est,
1115 3611 1172 3682 ilgo
1188 3611 1242 3668 ieci
1259 3612 1357 3683 pelas,
1382 3613 1490 3685 quibus
1506 3613 1707 3687 ingrederetur

97 3719 182 3760 secas
195 3700 304 3759 alicubi
314 3698 549 3765 conscribuntur,
561 3700 612 3755 sed
623 3698 653 3756 in
664 3699 761 3756 cordis
771 3700 921 3758 conscien-
975 3700 1135 3772 telegonus
1147 3702 1441 3773 ;quacausoiactum
1452 3706 1497 3758 est
1514 3708 1547 3758 ut
1558 3701 1707 3760 claudiam

96 3793 147 3861 tio,
162 3789 237 3864 stylo
248 3793 364 3846 exarata
375 3789 478 3855 terreo,
491 3788 605 3861 sculpta
616 3804 713 3861 ungue
721 3790 920 3846 adamantino.
976 3788 1060 3845 rimi?
1068 3788 1187 3863 ilgoieci
1196 3789 1434 3846 omniamembra
1449 3791 1558 3858 valida,
1569 3795 1656 3864 etque
1664 3789 1707 3850 tut

96 3882 177 3949 Quod
191 3884 291 3936 autem
307 3881 425 3951 peccata
440 3881 542 3934 nostra
569 3877 736 3935 scribantur
749 3878 779 3934 in
795 3882 920 3950 pectore,
976 3878 1122 3948 quomodo
1144 3877 1227 3933 video
1253 3877 1282 3932 in
1310 3878 1412 3934 multis
1440 3879 1548 3934 debilia
1569 3883 1657 3953 atque
1673 3879 1705 3937 in

96 3987 130 4027 ex
144 3969 191 4027 his
206 3985 271 4042 qua
284 3969 459 4040 sequantur,
474 3965 614 4039 intellige.
640 3969 804 4038 Antequam
819 3982 920 4040 pecca·
976 3967 1076 4038 ltaque
1091 3982 1147 4021 non
1164 3965 1259 4021 solum
1276 3965 1361 4036 primi
1371 3965 1499 4022 hominis
1511 3967 1621 4037 anima,
1633 3969 1707 4027 sede

95 4063 159 4116 tum
188 4056 293 4125 faciam
324 4055 406 4112 nulla
432 4054 463 4109 in
492 4054 578 4110 corde
603 4068 668 4110 meo
697 4053 808 4126 peccati
823 4055 920 4127 imago
974 4070 1125 4110 versorum
1142 4055 1177 4110 ad
1193 4053 1352 4127 imaginem
1372 4058 1401 4110 et
1416 4054 1643 4112 similitudinem
1661 4058 1707 4115 Dei

96 4150 251 4204 versetur:
280 4160 348 4202 cum
378 4150 475 4200 autem
505 4141 684 4199 conscientia
710 4141 822 4214 peccati
847 4142 921 4198 ima·
974 4147 1019 4196 est
1038 4142 1048 4213 (
1065 4146 1135 4199 Gen.
1157 4160 1176 4209 1,
1191 4144 1248 4213 26),
1265 4143 1343 4199 8th
1358 4147 1387 4199 et
1405 4144 1555 4216 antiquior
1567 4150 1613 4202 est
1626 4146 1707 4204 berc¹

100 4236 176 4293 8θῦ
205 4235 303 4308 ginem
332 4231 501 4304 sumpserit,
521 4231 615 4288 babeo
639 4230 763 4287 sormam
788 4229 922 4301 illius,et
975 4245 1039 4302 que
1050 4229 1100 4285 Dei
1111 4235 1164 4303 est,
1177 4231 1303 4304 imagine
1316 4232 1427 4300 babuli,
1440 4249 1528 4304 quam
1543 4236 1707 4306 posteanol

100 4341 218 4398 semper
227 4328 293 4380 ante
303 4321 404 4379 oculos
417 4321 514 4377 cordis
525 4320 581 4377 mei
593 4318 689 4376 delicti
699 4335 806 4391 pompa
816 4319 919 4391 depin-
975 4317 1094 4374 duimus
1109 4319 1145 4375 ob
1157 4326 1318 4392 peecatum.
1330 4321 1413 4378 Unde
1423 4323 1565 4380 debemus
1575 4340 1707 4400 magnop

99 4415 186 4487 gitur.
199 4412 388 4486 Iltsiquidem
399 4414 477 4467 esset
487 4412 639 4483 peccatum
648 4424 747 4465 meum
757 4411 920 4465 stramento
974 4407 1087 4471 borarc,
1108 4412 1140 4464 ut
1154 4409 1301 4481 quomodo
1316 4411 1520 4484 delinquentes
1535 4413 1707 4484 portavimus

100 4502 310 4576 conscriptum,
326 4499 448 4557 forsitan
469 4497 595 4555 delerem
610 4496 683 4553 illud
696 4515 703 4565 ;
729 4512 808 4553 nuno
821 4501 920 4553 autem
935 4518 960 4584 D
974 4496 1071 4569 ginem
1086 4499 1232 4555 terrestris
1246 4515 1252 4554 ε
1264 4499 1305 4555 ita
1320 4501 1357 4556 ad
1373 4500 1574 4572 paenitentiam
1589 4518 1707 4562 convers

100 4593 299 4665 scriptumest
312 4590 341 4645 in
352 4586 711 4662 stylolerreo,etinungue
720 4585 919 4658 adamantino,
975 4590 1071 4642 temus
1080 4585 1239 4659 imaginem
1250 4586 1388 4655 coelcstis,
1401 4590 1436 4644 ad
1449 4606 1536 4661 quam
1554 4593 1582 4646 et
1593 4591 1707 4650 univem

99 4682 241 4755 scriptum
253 4680 306 4752 [At.
318 4676 478 4750 sculptum]
488 4673 919 4751 estsuperpectuscordismci,
975 4691 1056 4731 mum
1072 4674 1189 4732 condita
1204 4680 1338 4733 creatura
1352 4681 1407 4745 est,
1424 4678 1460 4734 ob
1471 4680 1557 4749 cujus
1567 4679 1597 4736 in
1611 4679 1707 4738 malus

99 4774 132 4828 ut
146 4785 262 4827 mecum
276 4769 312 4825 cd
334 4765 463 4823 tribunal
484 4766 591 4834 veniet,
609 4769 638 4822 et
656 4764 837 4837 compleatur
847 4763 920 4821 illud
974 4764 1137 4821 versionem
1160 4781 1238 4821 nunc
1267 4771 1421 4838 peccantes
1449 4784 1543 4824 sermo
1559 4770 1707 4842 cormpian

98 4861 176 4933 quod
192 4876 210 4916 a
224 4858 339 4917 Christo
355 4855 562 4929 prophetatum
578 4859 642 4912 est:
657 4853 734 4911 Nibtt
748 4855 919 4923 absconsum,
975 4854 1112 4924 Quomodo
1121 4869 1250 4911 concess
1260 4871 1288 4910 es
1298 4857 1327 4911 in
1334 4856 1707 4916 amaritudinemar'tisatiem

97 4949 168 5019 qnod
182 4964 237 5005 non
251 4947 492 5022 manifestabitur,
507 4948 534 5000 et
547 4944 619 5001 nibil
634 4944 768 5000 cccaltum
780 4942 852 5017 qaod
863 4959 919 5000 non
974 4947 1066 4999 autem
1076 4944 1204 5014 ptarvtaui
1218 4960 1280 5000 cam
1288 4946 1473 5016 fructiferam.
1482 4948 1641 5003 uniuersam
1650 4964 1707 5006 aeri

96 5036 192 5110 palam
205 5037 251 5108 fiet
261 5037 337 5108 (uae.
355 5054 382 5104 ι,
392 5035 450 5106 26).
460 5033 626 5090 Nudabitur
640 5032 767 5104 pectoris
777 5032 834 5089 mei
849 5048 920 5088 con·
975 5036 1042 5088 ante
1053 5030 1191 5103 diximus,
1202 5036 1231 5088 et
1241 5035 1431 5091 nuuceadem
1442 5034 1558 5108 plenius
1569 5040 1602 5093 ut
1613 5037 1708 5094 intelli

98 5124 231 5196 scientia,
246 5129 276 5182 et
291 5128 390 5198 aperto
406 5123 503 5192 corde,
519 5122 698 5180 videbuntur
708 5120 920 5194 litterapecca·
975 5120 1146 5194 repetimus,
1162 5121 1231 5194 quia
1242 5122 1319 5178 Deus
1331 5123 1436 5178 bonam
1448 5123 1587 5195 plantavit
1598 5126 1708 5183 bomini

97 5219 208 5283 torum,
222 5231 286 5287 qna
300 5214 331 5270 in
347 5212 420 5287 stylo
446 5213 549 5282 terreo,
564 5211 594 5266 in
618 5227 717 5284 ungue
732 5210 920 5268 adamantino
976 5226 1065 5279 mam,
1077 5210 1127 5266 sed
1139 5209 1203 5282 ipsa
1214 5211 1284 5267 vitio
1295 5228 1348 5267 suo
1360 5212 1501 5270 adversus
1514 5214 1677 5273 conditoris
1694 5216 1707 5273 d

133 5395 173 5467 (a)
188 5393 293 5452 Confer
314 5391 525 5466 Hieronymum
544 5391 574 5448 in
589 5391 786 5449 commentor.
796 5388 827 5448 iu
842 5389 920 5448 bunc
975 5391 1069 5448 tiones.

99 5463 197 5521 locum
212 5470 284 5522 tom.
301 5478 339 5534 tv,
356 5462 410 5520 col.
428 5464 489 5532 156,
505 5467 534 5520 et
555 5479 619 5536 que
634 5462 707 5520 ibia
734 5463 921 5521 nobisanno·
1011 5461 1046 5533 (e)
1057 5462 1138 5518 Unus
1149 5459 1297 5520 eaiiedem
1308 5478 1391 5530 mss,
1404 5462 1707 5541 iustitiamquepeecat

98 5539 159 5593 tata
172 5539 251 5592 sant.
973 5534 1126 5604 priunobis
1141 5536 1310 5593 attraximus
1324 5544 1448 5594 ruortnn.

134 5603 499 5690 lbsstegiiepudlluetium
510 5605 923 5683 messatuaarnseeuamem·
