3840 6098
205 421 454 492 ssmstarto
475 421 728 494 contutanda
751 423 935 490 caleante
956 423 996 488 itt
1020 420 1280 512 maculasset.
1298 420 1393 491 nott.
1409 419 1463 491 tv.
1626 415 1687 490 '122

81 576 120 620 ens
142 570 169 619 et
192 564 326 636 quietum,
351 569 377 618 et
400 567 560 620 trenaatan
582 577 718 621 samace
735 566 846 632 aucep
863 558 1487 633 etcondotatfflcns.vrrr).siomniscrsatura
1497 550 1688 634 congemiscit

81 652 166 722 anat
189 652 301 724 Exque
324 652 512 709 manifestum
536 657 581 707 est
604 655 757 709 mansuete
780 652 809 706 et
861 655 891 708 st
905 648 1048 719 condolet,
1065 654 1111 706 est
1125 653 1224 707 antem
1247 655 1446 708 creaturarum
1467 667 1536 723 pars
1549 654 1642 721 terra,
1658 651 1687 705 et

81 741 135 798 iter
148 741 205 797 Deo
221 741 394 797 servientem
411 741 447 796 ad
463 757 612 797 sermones
633 740 697 812 ejus
712 742 808 795 mente
863 738 981 811 coelum,
1004 743 1034 795 et
1047 744 1153 796 coetera
1168 756 1302 813 quaque,
1327 758 1390 814 qua
1404 741 1460 798 sub
1475 740 1543 796 calo
1563 743 1642 807 sunt,
1659 740 1689 795 et

95 834 231 897 tremere,
258 846 347 902 quarn
363 845 492 901 corpore.
516 830 551 885 Et
566 830 627 886 haec
642 829 762 901 quidem
777 827 807 882 in
861 844 925 900 qua
940 844 1029 901 super
1044 827 1141 898 coelos,
1167 833 1195 885 et
1217 829 1390 885 liberabitur
1410 829 1507 886 omnis
1521 831 1688 884 creaturan

94 917 172 975 dicta
183 923 252 974 sunt
263 918 460 974 satisfactione
471 919 535 989 ejus
545 918 717 985 testimonii,
729 917 807 989 quod
861 916 999 973 servitute
1012 917 1208 990 corruptionis
1224 919 1254 973 in
1268 917 1433 975 libertatem
1446 916 1546 991 gloria
1558 915 1687 973 tiliorum

81 1024 154 1065 nus:
172 1010 230 1082 Qui
243 1009 341 1079 aspicit
352 1016 465 1079 urnam,
485 1009 592 1079 etfacit
606 1023 667 1063 eam
681 1015 805 1063 tremere.
860 1006 931 1074 Dei,
947 1005 1015 1078 quis
1030 1008 1086 1063 scit
1100 1012 1129 1063 et
1143 1008 1178 1064 de
1193 1013 1280 1078 terra,
1305 1026 1342 1065 an
1369 1010 1531 1066 secundum
1551 1011 1686 1064 naturam

81 1101 199 1154 tantm
223 1097 280 1153 alia
293 1097 371 1153 diota
386 1098 422 1153 da
437 1102 534 1153 terre:
555 1095 713 1170 offenditur
733 1103 807 1152 terra
860 1112 945 1152 suam
961 1096 991 1153 in
1005 1096 1103 1169 aliquo
1119 1103 1236 1170 peccato
1251 1102 1386 1156 teneatur
1400 1098 1546 1155 obnoxiat
1562 1097 1591 1152 Si
1608 1096 1686 1152 eninr
1703 1084 1706 1088 ’

85 1186 137 1259 qui
150 1185 270 1241 insident
284 1189 315 1240 ia
328 1202 370 1242 ea.
387 1186 537 1252 Quomodo
548 1185 705 1240 offenditur
719 1187 807 1253 terra,
860 1184 969 1241 animal
984 1189 1038 1252 est,
1055 1187 1080 1242 si
1096 1186 1278 1244 rationabilis
1293 1195 1347 1256 eet,
1371 1188 1396 1244 si
1411 1187 1524 1260 indiget
1537 1184 1687 1243 auditione
1743 1170 1748 1181 ’

81 1275 137 1331 ndo
148 1275 344 1331 aversatursb
355 1274 413 1343 his,
423 1275 472 1348 qui
485 1274 515 1330 in
527 1291 558 1330 se
568 1273 806 1330 commorantur?
860 1274 1004 1331 sermonis
1020 1275 1182 1348 prophetici
1197 1276 1341 1333 dicentis:
1358 1277 1597 1346 mendacitatem,
1610 1278 1635 1331 et
1647 1274 1687 1330 lo·

82 1362 221 1420 diderint
231 1369 407 1435 peccatores.
419 1364 520 1436 Accipe
531 1363 611 1419 aliud
622 1361 805 1436 exemplum:
858 1380 937 1434 paor,
961 1367 988 1419 et
1009 1364 1106 1422 audiat
1125 1370 1201 1422 wara
1214 1366 1296 1422 verto
1310 1367 1366 1423 oris
1379 1368 1435 1423 mei
1446 1385 1456 1422 .·
1468 1367 1521 1422 Et:
1538 1364 1619 1433 Audi,
1634 1378 1687 1420 ece·

81 1453 166 1510 misit
186 1452 241 1508 siti
264 1456 337 1508 terro
362 1454 392 1508 in
414 1452 615 1508 castanieta.
638 1451 805 1508 Eoontrario
858 1453 927 1524 tum,
942 1457 968 1510 et
982 1455 1097 1510 cantus
1109 1456 1229 1526 percipe,
1246 1459 1342 1512 terra:
1358 1472 1411 1511 cur
1424 1471 1483 1512 non
1499 1454 1643 1521 dicamus,
1654 1455 1687 1508 ut

81 1541 209 1615 {uaedam
224 1546 307 1596 terrae
323 1541 445 1598 sabbata
460 1546 678 1612 nuncupantur,
695 1541 725 1595 in
741 1539 805 1612 qui·
858 1541 935 1598 inter
950 1542 1083 1599 homines
1098 1549 1144 1600 est
1157 1543 1245 1600 homo
1262 1545 1386 1601 audiens
1404 1548 1434 1601 et
1455 1544 1564 1601 iaciens
1587 1541 1687 1606 verba,

81 1628 109 1687 oi
121 1628 303 1703 complaceat
317 1634 346 1685 et
358 1629 482 1686 letetur.
498 1629 628 1685 Necdum
644 1629 729 1686 dico:
755 1631 806 1685 At·
859 1647 923 1703 quas
936 1631 1041 1702 jussus
1055 1636 1100 1688 est
1114 1631 1217 1704 iacere,
1234 1637 1263 1688 et
1277 1632 1354 1689 alius
1365 1631 1470 1705 estqui
1484 1633 1576 1700 audit,
1588 1635 1618 1689 et
1630 1646 1687 1687 non

86 1719 194 1788 utum,
209 1727 234 1775 et
245 1719 352 1790 loquar,
362 1724 388 1774 et
398 1719 497 1775 audin
507 1719 740 1775 terraoerbaoris
751 1719 806 1773 nsei
857 1718 971 1792 implet,
988 1721 1065 1793 quod
1081 1720 1259 1794 precipitur,
1277 1721 1355 1778 siout
1368 1725 1397 1778 et
1409 1720 1539 1794 Angelus
1551 1719 1688 1794 praevari-

81 1808 107 1881 ι).
120 1807 220 1880 Neque
236 1808 334 1863 aliud:
350 1807 432 1875 Audi,
447 1809 556 1876 catum,
571 1813 597 1864 et
611 1807 726 1864 cantu
739 1824 804 1879 per·
857 1807 966 1865 catorl
989 1808 1109 1881 Angelos
1122 1811 1197 1866 enim
1219 1827 1275 1867 non
1297 1810 1479 1867 custodientes
1499 1812 1688 1882 principatum

81 1911 148 1954 m.
174 1897 230 1953 Sed
255 1897 454 1953 necteremus
478 1896 683 1970 prophetiam:
710 1898 801 1965 terra,
858 1897 1311 1971 snum,ceddeserentcspropriuns
1322 1899 1689 1970 habitaculumsuuminju·

83 1985 154 2043 audi
174 1981 286 2041 eertum
311 1988 430 2057 Domini,
449 1986 641 2041 scridevinum
656 1987 802 2042 intumet·
857 1986 1679 2061 diciomapnasdieioincutissempiternissntwnetrieseruo

81 2091 101 2131 n
124 2074 233 2147 (inem.
257 2076 338 2145 χιιι).
363 2074 455 2131 Multa
483 2091 536 2130 nos
566 2075 657 2131 latent
687 2079 805 2147 propter
860 2075 1690 2151 hit(iud‹e1).0uandoergoAngelitt)prevaricantur,ct

81 2167 180 2221 rtatem
209 2163 366 2232 memorias,
397 2169 515 2236 propter
542 2163 651 2237 ingenii
680 2164 800 2221 tardita·
859 2163 1689 2239 aliisunt,quiDeipraeceptacustodiunt,etjudioium

81 2251 159 2310 tulta
173 2257 244 2308 sunt
258 2269 321 2325 que
334 2251 465 2309 condidit
477 2252 552 2309 Deus
563 2250 760 2320 rationabilia,
778 2269 807 2322 eg
859 2253 1063 2326 prestolantur
1074 2270 1132 2310 non
1142 2253 1239 2310 solum
1250 2254 1522 2323 hominum,verum
1531 2253 1688 2321 etiamllei,

81 2339 193 2413 spacia,
211 2357 268 2396 uon
283 2340 379 2396 solum
395 2339 576 2413 principatus
591 2344 620 2396 et
634 2344 804 2412 potestates,
858 2342 934 2398 W
948 2342 1158 2414 utirequcnter
1169 2343 1298 2400 diximus
1308 2348 1370 2400 tarn
1380 2345 1417 2399 de
1428 2344 1485 2410 his,
1496 2360 1560 2417 quas
1571 2343 1601 2400 in
1611 2348 1689 2416 Apo·

81 2444 147 2486 ores
156 2429 344 2485 tenebrarum
359 2430 494 2498 istarum,
511 2446 611 2486 serum
627 2430 715 2485 etiam
731 2433 760 2486 ct
775 2429 805 2485 in
858 2430 969 2503 calypsi
983 2430 1242 2503 conscriptasunt‚
1259 2448 1348 2504 quam
1360 2436 1429 2488 etex
1441 2430 1507 2488 aliis
1518 2432 1688 2487 innumera·

81 2521 189 2590 sparte
199 2518 331 2590 thronos,
341 2518 566 2586 dominationes,
579 2522 805 2592 austeraque
859 2517 968 2576 bilibus
978 2536 985 2588 ;
997 2536 1097 2592 quare,
1111 2519 1243 2593 inquam,
1256 2536 1314 2576 non
1324 2523 1408 2577 terra
1418 2525 1446 2576 et
1456 2519 1688 2592 aerisjudicium

81 2607 136 2660 stro
158 2603 307 2662 intellectu
323 2604 481 2678 Apostolus
497 2605 616 2678 reliquit
631 2606 751 2663 dicens:
768 2609 806 2663 Et
859 2608 899 2664 sit
912 2608 1068 2665 futurum?
1082 2608 1110 2663 ei
1126 2613 1225 2665 autem
1241 2625 1300 2666 non
1316 2614 1403 2682 putas
1414 2608 1484 2665 huic
1495 2607 1689 2682 disputationi

81 2709 272 2763 mnemon,
298 2695 369 2766 qaod
392 2703 557 2750 nominatur
579 2711 633 2750 non
657 2695 752 2752 sotum
775 2697 806 2751 in
859 2695 1690 2769 consentiendum,perquamasserimueomnemoreatu·

92 2783 157 2853 uto,
179 2799 273 2839 oerum
286 2787 311 2839 et
327 2785 355 2838 in
370 2785 465 2854 suero
480 2783 586 2856 (Ephes.
609 2784 639 2856 1).
663 2785 719 2840 Aer
734 2800 806 2856 quo·
861 2783 1136 2857 ramjndicandam‚
1153 2785 1221 2841 audi
1232 2789 1262 2842 et
1272 2785 1353 2842 aliud
1368 2785 1571 2842 testimonium
1586 2786 1621 2842 de
1632 2790 1689 2842 tar·

81 2869 226 2927 ,imslibus
235 2872 341 2943 plenus
352 2877 407 2943 est,
416 2873 578 2927 secundum
590 2873 614 2943 ej
619 2873 805 2946 osdcmApo·
861 2892 904 2931 ra.
922 2877 1085 2947 interrogat
1094 2875 1172 2931 Deus
1186 2875 1268 2943 Cain,
1282 2875 1332 2947 qui
1343 2875 1482 2932 occiderit
1491 2876 1560 2933 Abel
1571 2876 1690 2932 tratrem

81 2959 266 3018 tetimonium
283 2960 487 3032 praedicantis:
503 2963 535 3016 ln
549 2961 647 3032 quitus
657 2961 807 3033 aliqnando
861 2980 971 3020 suum:
987 2967 1016 3020 et
1031 2967 1097 3037 post
1111 2962 1221 3021 multos
1232 2980 1384 3021 sermones
1398 2980 1473 3036 quos
1487 2964 1517 3020 in
1533 2962 1638 3021 Genesi
1652 2963 1692 3021 lc·

81 3049 142 3106 attia
151 3050 301 3105 secundam
309 3050 442 3107 saeclum
450 3050 546 3105 mnndi
557 3050 649 3123 hujus,
659 3051 808 3107 anundum
861 3052 971 3127 gimus,
985 3053 1022 3109 ad
1033 3060 1195 3109 extremum
1207 3054 1331 3110 deterre
1345 3053 1435 3110 dicit:
1452 3053 1604 3112 Maedieta
1616 3057 1692 3110 arra

81 3153 132 3195 esa
143 3142 286 3211 potestatis
297 3148 323 3195 et
337 3141 410 3196 aeris
421 3141 545 3211 spiritns,
562 3141 611 3212 qni
623 3157 698 3196 nunc
710 3157 806 3212 opern-
862 3157 925 3215 pua
940 3144 1048 3215 apertuit
1061 3158 1092 3199 oc
1106 3159 1188 3198 snum
1198 3141 1234 3198 od
1248 3143 1441 3214 accipiendam
1455 3145 1620 3215 sanquinem
1631 3145 1690 3216 sra-

89 3225 162 3298 filiie
174 3227 349 3298 diffidentia.
372 3229 424 3284 Est
437 3244 505 3301 ergo
520 3233 608 3295 terra,
624 3233 653 3284 et
669 3229 806 3285 universa
861 3233 913 3288 tris
925 3232 969 3287 tui
979 3231 1012 3288 de
1022 3248 1108 3287 muna
1122 3236 1173 3287 tua
1186 3230 1264 3303 (Gen.
1281 3232 1330 3303 ιιι).
1346 3232 1406 3305 llgo
1420 3248 1472 3288 nae
1488 3230 1561 3287 illud
1576 3234 1691 3304 praeter·

81 3314 222 3383 animalia,
238 3321 267 3372 et
280 3334 332 3389 per
347 3321 443 3390 partes
455 3318 629 3373 animalium
639 3317 804 3375 varietates.
820 3312 842 3379 C
860 3337 913 3378 eo:
930 3319 1082 3378 Maledicta
1097 3322 1215 3376 terrain
1230 3320 1357 3393 operibus
1372 3323 1448 3376 tuis:
1472 3324 1501 3376 et
1527 3318 1690 3376 econtrario

81 3420 103 3462 ,ο
117 3404 197 3461 enim
208 3406 461 3475 offenditurterra,
478 3410 507 3462 et
517 3422 635 3462 rursum
647 3406 811 3479 complacet
865 3411 890 3468 si
906 3409 1024 3482 quando
1039 3408 1236 3466 benedicitur.
1254 3409 1391 3482 Legimus
1406 3412 1435 3464 et
1449 3408 1646 3475 maledictam,
1662 3411 1691 3464 et

87 3494 221 3552 sabbatis
231 3496 304 3564 suis,
318 3512 376 3552 non
387 3495 483 3551 omnis
499 3495 667 3565 otlenditur,
677 3512 735 3551 non
746 3513 809 3552 om·
864 3499 1050 3556 benedictam
1065 3498 1116 3554 Dei
1141 3497 1260 3553 vocibus
1275 3501 1395 3553 terram.
1418 3496 1506 3552 Vides
1521 3512 1600 3569 ergo,
1620 3495 1691 3568 quia

81 3582 172 3640 nsltot.
186 3585 407 3649 Quodammodo
416 3584 494 3640 enim
506 3584 620 3640 erudita
630 3588 674 3641 cst
684 3601 752 3643 curn
763 3584 812 3640 ha·
866 3587 970 3643 merito
984 3585 1110 3643 dicitur:
1125 3585 1401 3657 Conpemiscitomnis
1412 3589 1552 3641 namura.
1569 3587 1603 3640 se
1613 3583 1689 3641 utad

81 3670 157 3729 ibus
174 3673 247 3739 suis,
274 3678 302 3729 et
317 3673 420 3729 didicit
436 3673 559 3729 sabbata
574 3672 633 3729 sive
649 3673 679 3729 in
695 3673 813 3730 umbra·
866 3676 1031 3749 precedens
1046 3681 1173 3730 revertar
1187 3672 1363 3745 exemplum,
1388 3672 1546 3729 offenditur
1566 3671 1690 3729 terrain

81 3777 89 3817 r
103 3762 226 3818 ventare
238 3763 321 3835 juxta
337 3767 447 3818 natura
463 3779 523 3818 suae
534 3777 619 3834 ogere
629 3761 811 3834 qualitatem·
867 3763 1219 3821 insidentibossibi.Puto
1230 3758 1693 3835 quisterranosutmatersusti·

86 3850 243 3907 uacatione
258 3852 385 3924 quadarn
401 3849 593 3923 intelligentia
614 3849 813 3906 sabbatismus
867 3871 950 3925 nens,
968 3856 998 3910 et
1011 3851 1125 3908 letetur
1140 3866 1228 3922 super
1241 3850 1328 3907 bonis
1343 3848 1423 3921 filiis,
1448 3854 1476 3907 et
1491 3848 1588 3906 doleat
1603 3864 1693 3922 super

81 3940 142 3993 ator
154 3944 220 4010 post
234 3945 346 4012 septem
361 3956 455 3995 annos
469 3944 552 3995 terra
578 3943 696 4005 sancta,
721 3939 813 3995 donec
866 3939 1077 4015 peccatoribus.
1094 3939 1136 3995 lta
1150 3939 1258 4013 quippe
1272 3936 1349 4011 patri
1365 3937 1442 3995 filius
1457 3937 1694 4012 insipiensdolor

81 4024 169 4084 laceat
183 4032 240 4083 Deo
256 4028 284 4083 in
301 4045 334 4084 aa
350 4028 491 4084 habitare.
517 4028 547 4084 Si
567 4044 633 4083 vero
647 4032 814 4099 peccatores
867 4036 921 4101 est,
934 4030 999 4088 etei
1010 4029 1109 4096 matri,
1120 4045 1183 4100 quac
1194 4027 1385 4101 genuiteum.
1401 4027 1436 4083 ut
1447 4044 1505 4085 non
1517 4027 1614 4084 solum
1624 4025 1694 4083 huic

84 4115 203 4189 inennt,
215 4119 279 4190 jam
295 4135 354 4174 non
368 4116 446 4173 ultra
462 4134 511 4190 per
527 4117 707 4189 septimanas
722 4134 814 4173 anno·
868 4120 942 4193 patri
954 4118 1090 4187 etmatri,
1102 4118 1138 4173 de
1150 4133 1276 4189 quorum
1288 4116 1400 4174 semina
1410 4117 1533 4185 orimur,
1550 4116 1602 4174 sed
1613 4112 1695 4172 atilli

81 4205 131 4263 sed
144 4221 197 4278 per
211 4207 398 4279 septuaginta
408 4209 486 4263 terra
496 4207 651 4263 sabbatum
662 4207 746 4280 gerit.
762 4207 815 4262 lla·
868 4208 966 4279 matri,
977 4224 1042 4280 qua
1053 4223 1119 4264 vere
1133 4210 1227 4262 mater
1240 4211 1343 4262 nostra
1357 4210 1411 4262 est.
1427 4206 1604 4278 Accepitqua
1619 4209 1696 4262 Deus

81 4310 273 4351 asermonem
288 4296 323 4351 de
340 4296 527 4369 septuaginta
552 4295 638 4352 annis
659 4300 721 4351 tam
736 4295 814 4368 apud
869 4299 994 4354 humum
1004 4297 1040 4354 de
1050 4300 1138 4363 terra,
1147 4299 1175 4350 et
1186 4293 1343 4367 plasmavit
1352 4294 1697 4368 hominem.lgiturtsrra

82 4382 815 4473 iam(icrem.xrv),quanrepudDanielemtltanax)
870 4382 1698 4456 materncstroost:laetatnrquandofiliumjustumsus-

80 4470 210 4529 alitteris
219 4473 435 4547 consignatum,
447 4478 477 4529 et
486 4474 619 4528 laturam
631 4477 677 4529 est
687 4476 719 4528 ut
729 4473 758 4528 in
769 4473 816 4530 die
870 4477 954 4533 tinet.
967 4475 1132 4531 Latebator
1146 4476 1224 4528 terra
1234 4471 1330 4528 serene
1344 4471 1502 4539 Abraham,
1516 4471 1597 4527 Isaac
1610 4472 1698 4526 etla-

81 4560 160 4618 lnon
176 4561 271 4617 solum
282 4562 380 4632 homo,
391 4563 441 4619 sed
453 4561 542 4618 etiam
554 4561 594 4633 (a)
605 4562 742 4619 universa
753 4578 818 4618 con·
871 4565 935 4621 acb.
950 4563 1109 4619 lambatur
1119 4565 1197 4617 terra
1206 4560 1237 4615 in
1247 4560 1373 4616 adventu
1384 4559 1502 4616 Domini
1518 4558 1611 4615 nostri
1625 4559 1697 4614 lesu

85 4648 230 4707 radicetur.
248 4653 349 4709 Omnis
363 4652 472 4724 quippe
486 4657 616 4706 cremara
629 4652 815 4722 congemescit,
830 4682 855 4747 D
870 4651 989 4720 Christi,
998 4651 1159 4723 dignamse
1169 4663 1292 4704 cernens
1301 4646 1353 4702 lilii
1368 4647 1418 4703 Dei
1433 4649 1610 4704 sustentatu.
1623 4645 1697 4714 Quid

81 4772 821 4847 tempesideribusipsisetqueelementieOrigenss
875 4777 1018 4832 hausere
1032 4775 1129 4828 autem
1145 4770 1230 4827 illum
1243 4769 1348 4826 nititur
1359 4771 1390 4827 S.
1411 4770 1551 4840 Thomas,
1567 4787 1596 4842 p.
1613 4787 1634 4839 r,
1646 4784 1697 4842 qu.

81 4843 124 4902 sel
139 4845 216 4902 male
238 4847 342 4920 agendi
367 4850 540 4919 potestatem
565 4845 729 4902 affinxerat.
753 4845 818 4902 Vid.
876 4847 937 4914 113,
953 4849 1008 4901 art.
1021 4845 1050 4909 7,
1066 4846 1095 4899 et
1110 4841 1316 4899 Genebrardus
1340 4841 1371 4897 in
1390 4840 1590 4909 collectaneis,
1614 4838 1700 4914 quasi

80 4930 146 4983 nm,
159 4914 362 4989 Origenianor.
378 4916 428 4974 lib.
446 4935 477 4985 ιι,
495 4920 599 4990 quast.
616 4917 659 4970 10.
877 4919 906 4973 id
921 4916 977 4972 sibi
992 4913 1127 4979 volucrit,
1142 4910 1268 4985 Angelos
1283 4911 1350 4968 duci
1364 4912 1395 4968 in
1406 4911 1553 4984 judicium
1569 4927 1621 4985 pm
1636 4926 1701 4985 poo-

81 4985 228 5044 solemma
241 4987 288 5044 hic
302 4987 625 5056 errorestAdsmantii,
640 4986 821 5059 Angelosvel
876 4988 950 5044 catis
965 4986 1131 5051 hominum,
1145 4999 1201 5040 non
1219 4985 1298 5054 qumi
1311 4999 1380 5054 reos,
1395 4983 1440 5039 sed
1453 4985 1533 5056 quan
1553 4985 1642 5052 testes,
1666 4981 1703 5038 cd

134 5058 295 5115 bernsndis
311 5060 469 5133 delegatos,
482 5057 526 5114 vel
540 5057 821 5133 ticclesiarumregi-
876 5056 1091 5115 convincendum
1115 5056 1237 5111 homines
1259 5053 1293 5109 de
1317 5070 1412 5111 eorum
1432 5054 1552 5125 ignauia.
1578 5058 1616 5110 At
1634 5070 1702 5112 sero

139 5128 238 5197 ibitos,
254 5131 471 5203 proheminum
482 5128 539 5186 sibi
551 5128 823 5185 commendatorum
877 5129 996 5202 Angelis
1020 5126 1168 5194 omuibus,
1194 5129 1227 5180 ut
1250 5126 1374 5206 Boetius
1390 5127 1482 5206 notat,
1497 5122 1623 5196 primam
1639 5140 1704 5207 gra·

82 5199 175 5275 gestis
190 5202 365 5270 mercedem,
383 5208 434 5258 aut
449 5219 501 5274 pro
516 5200 643 5272 peccatis
658 5200 822 5257 damnatio·
877 5202 950 5258 tiam
965 5202 1059 5255 morte
1073 5214 1128 5255 sua
1142 5211 1338 5269 promeruisse
1351 5194 1512 5262 Christum,
1524 5199 1553 5250 et
1563 5195 1600 5250 iis
1610 5211 1661 5266 qur
1672 5209 1703 5250 ru

96 5275 128 5329 et
140 5271 259 5345 culpam
277 5279 453 5346 recepturos.
479 5272 575 5328 llrrori
592 5288 693 5327 ansam
709 5271 825 5328 dedisse
879 5271 1048 5354 integritate
1056 5270 1288 5342 perseverarunt,
1295 5266 1470 5323 beneficium
1479 5264 1551 5322 illud
1561 5265 1705 5402 scozulae

81 5346 121 5400 ret
135 5359 223 5416 prave
238 5343 402 5426 intellectus
417 5344 501 5426 locus
514 5343 544 5398 in
566 5341 691 5424 Apocaly
703 5343 750 5424 usi,
775 5341 824 5399 ubi
881 5360 934 5425 suo
949 5347 1133 5423 smpetrasse,
1154 5354 1210 5463 per
1223 5335 1383 5393 Ecclesiam
1399 5336 1515 5393 credere
1527 5335 1605 5420 licet.
1646 5335 1703 5420 nod

81 5430 176 5472 mum
192 5414 388 5473 Ecclesrarum
401 5415 515 5498 Angelr‚
531 5430 581 5484 qur
599 5430 656 5468 nou
672 5360 721 5468 ufir
736 5429 826 5494 quam
902 5409 1143 5484 urdemGynllus,
1166 5410 1206 5464 rb.
1217 5408 1485 5491 rxdeAdorat.,Ao
1514 5479 1519 5490 ι
1525 5411 1624 5490 sunus
1633 5406 1705 5464 l1b.1

81 5484 128 5559 opi
142 5486 332 5568 suntniiedem
353 5486 490 5567 Ecclesris
509 5483 654 5567 ‚proiecti
677 5484 826 5566 laudibus,
881 5432 917 5568 de
928 5491 1078 5542 consensu
1090 5478 1340 5562 Euangelsstarum
1351 5495 1414 5551 cap.
1425 5479 1461 5536 35
1482 5494 1591 5561 arsque
1605 5477 1706 5563 Patres

81 5555 349 5632 eprehensronrbus.
358 5575 409 5629 pro
420 5561 532 5613 nrorrtrs
544 5555 828 5639 excipiunturtlrcut
881 5557 1017 5613 videntur
1030 5567 1190 5637 consumes.
1205 5550 1279 5606 Vrde
1296 5550 1432 5606 eumdem
1446 5523 1593 5619 dustram,
1609 5548 1707 5624 Orige-

81 5627 200 5758 1111οοῖ,
214 5646 275 5756 nr,p
269 5630 287 5685 3
292 5705 304 5758 ι
322 5632 447 5759 metgias
470 5644 602 5754 ᾳιιῖιιιαΑιιι
623 5628 738 5753 Αἰιιριὶοι
747 5626 828 5754 11131-
883 5628 997 5685 nianor.
1018 5623 1070 5682 lrb.
1095 5620 1224 5680 secundo
1239 5625 1341 5694 quast.
1356 5622 1385 5695 5,
1409 5636 1490 5678 num.
1517 5621 1562 5691 ll,
1585 5623 1615 5678 et
1627 5624 1661 5679 21
1677 5624 1708 5679 et

81 5714 145 5759 aas:
202 5716 238 5757 ex
275 5718 330 5758 err
403 5717 481 5769 rau,
536 5715 543 5753 :
625 5713 675 5755 ess
706 5713 769 5756 ecco
802 5713 829 5754 a·
883 5715 969 5774 seqq.

81 5771 264 5850 mpura,
278 5768 587 5847 smuebissimilesin
619 5715 757 5843 cephas
766 5768 828 5830 alii.
