3818 6104
99 247 163 312 ero
729 247 762 307 s.
786 243 942 308 nusneu
963 243 1185 308 erneournr
1746 224 1808 305 mu

76 376 81 381 ’
99 381 181 452 mini,
206 379 249 436 sio
263 386 292 434 et
306 378 335 433 in
352 376 472 449 reliquis
496 375 654 432 subsecuta
667 381 721 447 est,
748 380 780 431 ut
795 375 921 432 diceret:
937 379 1020 445 Acie
1035 377 1092 441 Dei,
1116 385 1140 433 et
1156 374 1291 430 habitauit
1304 375 1335 429 in
1350 377 1428 430 ursa
1449 370 1613 444 Naididm.
1627 386 1687 440 m,
1701 370 1760 445 ld).
1777 372 1807 429 st

100 471 158 543 ligo
172 466 301 540 Angelus
316 465 431 522 Domini
444 483 450 533 ;
477 466 529 521 sed
545 466 603 520 ait:
625 465 680 535 Epo
696 467 765 521 Deua
780 464 926 534 Atratum,
983 465 1017 520 ed
1033 463 1179 521 melorum
1194 463 1443 535 oompsrationem
1455 462 1566 531 venias,
1581 460 1693 519 melius
1701 464 1747 518 est
1757 458 1807 518 ab·

97 564 124 614 et
138 560 207 614 Deus
222 559 306 625 leuse,
321 560 347 611 et
361 557 432 612 Deus
445 555 529 611 Jacob
544 554 640 627 (neos.
658 571 701 621 ιιι,
720 555 759 626 6).
778 554 845 609 Erat
858 569 927 626 ergo
981 554 1082 610 scendi
1098 571 1115 609 a
1130 553 1201 610 faeie
1212 552 1272 619 Dei,
1284 568 1373 624 quem
1384 551 1572 624 sugereenm.
1585 551 1618 607 ln
1631 549 1690 607 slio
1701 548 1807 624 quippe

99 647 139 701 ibi
155 652 231 701 Deus
242 645 272 700 in
282 643 391 716 Angelo
403 643 537 714 visibilis,
550 648 578 698 et
591 659 643 715 per
653 643 862 719 foramen-ejus
876 659 926 714 ap·
982 642 1164 698 conscientia
1175 640 1282 698 vulnus
1291 641 1437 697 inflictum
1449 641 1503 713 [tt.
1518 640 1656 712 intlxum]
1671 638 1806 696 tenebras

99 735 240 807 parebant
268 732 430 807 posteriora
452 733 527 804 ejus.
540 730 614 795 Quia
638 731 728 804 igitur
743 731 839 788 nescis
865 747 923 803 quo
981 735 1010 786 el
1024 735 1135 786 secreta
1151 731 1331 803 perquirens,
1348 729 1442 786 levare
1457 728 1557 786 oeulos
1571 745 1628 785 nou
1646 728 1759 801 patitur
1772 728 1805 785 sd

99 827 229 895 tempore
244 821 399 877 mittantur
417 825 577 890 venatores,
592 836 659 875 cave
670 835 706 875 ue
717 819 920 892 aliquandode
981 818 1097 874 coelum.
1113 818 1145 874 ln
1160 819 1217 874 alio
1234 823 1333 875 autem
1348 835 1382 874 ex
1397 817 1598 891 desperatione
1612 821 1685 873 nate
1705 820 1804 873 eontu-

98 914 197 967 monte
205 909 377 976 descendas,
387 925 423 966 ne
431 908 581 980 relinquas
592 906 692 973 colles,
702 924 738 963 ne
746 907 782 962 de
791 907 925 964 cavernis
981 908 1075 963 macla
1090 907 1212 982 negligit
1227 907 1393 963 Dominum.
1411 907 1468 964 Non
1482 922 1511 963 se
1524 906 1729 963 absconderem
1740 920 1804 980 ergo

98 1003 247 1072 petrarum
264 1015 360 1056 exeas.
386 998 415 1053 Si
431 997 509 1053 enim
526 996 596 1066 loris
612 995 702 1052 lueris
717 997 864 1068 inventus,
880 995 925 1051 di·
978 998 1080 1068 asneis
1094 1013 1165 1068 meu,
1179 993 1508 1068 nequeabseonditaeldl.
1518 993 1735 1067 absconderunt]
1745 998 1804 1052 eunt

65 1144 68 1151 ,
97 1092 201 1145 centur
216 1088 269 1143 tibi
285 1104 320 1143 ea
335 1103 400 1159 que
414 1086 445 1157 ii,
463 1085 512 1158 qui
530 1084 600 1141 loris
615 1091 695 1150 sunt,
712 1089 923 1140 merentureu-
979 1085 1138 1155 iniquitates
1146 1101 1241 1142 eorum
1250 1088 1344 1140 contro
1353 1083 1619 1142 omnicreantem
1631 1099 1726 1157 super
1735 1098 1802 1156 quss

98 1175 179 1232 dire:
196 1176 294 1246 Sustte,
306 1175 490 1246 buenoctelu)
501 1176 624 1230 enimam
635 1177 710 1229 tuost:
723 1177 923 1247 repetentute:
977 1172 1142 1245 injustitias
1166 1191 1222 1229 nen
1248 1189 1279 1229 se
1303 1173 1520 1229 absconderunt
1537 1171 1642 1229 stacio
1657 1170 1735 1229 Deli
1749 1168 1802 1228 slt-

98 1279 161 1337 quae
174 1269 267 1320 eutem
280 1266 388 1336 parasti
400 1265 479 1335 cujus
493 1270 573 1319 munt
588 1262 663 1333 (lue.
676 1262 808 1335 111,20)‘t
823 1262 924 1318 Dicen·
978 1263 1095 1334 quando
1112 1263 1230 1319 luerunt
1245 1263 1275 1318 in
1289 1262 1425 1336 peccatis,
1442 1262 1559 1334 quaudo
1574 1265 1660 1317 erant
1673 1261 1705 1316 in
1722 1259 1800 1330 muri,

96 1356 146 1408 tur
159 1359 257 1409 autem
273 1353 329 1409 tibi
345 1354 410 1422 ista,
427 1351 452 1408 si
468 1351 577 1407 dixeris
593 1368 599 1407 :
615 1352 758 1407 Destrrmm
768 1352 921 1424 upotteeos,
978 1368 1012 1407 ex
1023 1367 1080 1423 quo
1091 1369 1108 1408 u
1118 1351 1313 1424 piscatoribus
1323 1350 1442 1407 extracti
1455 1354 1535 1406 sunt.
1546 1349 1700 1423 Neitaqus
1713 1348 1802 1424 suspi-

96 1451 122 1497 et
136 1443 254 1513 maiores
267 1442 417 1512 edificabo,
439 1449 466 1497 et
479 1441 570 1497 dieunt
584 1442 684 1497 anime
699 1454 789 1498 meae:
805 1441 920 1512 Anime,
977 1444 1090 1508 centur,
1104 1440 1244 1513 quianon
1259 1457 1293 1496 ex
1308 1439 1509 1496 misericordia
1531 1439 1594 1508 Dei,
1618 1438 1670 1496 sed
1686 1454 1723 1496 ex
1739 1453 1800 1511 pro·

97 1529 180 1585 trebes
191 1531 260 1586 bonu
269 1532 388 1603 reposito
397 1534 426 1586 in
436 1546 522 1587 onnes
531 1529 920 1601 multoe3requiesce,eomede,
976 1528 1039 1600 prio
1052 1527 1194 1601 merito(c)
1203 1528 1239 1586 de
1249 1529 1394 1601 profundo
1406 1527 1442 1583 ad
1452 1525 1801 1596 montesvenerint,nom·

96 1618 165 1684 otte,
182 1619 288 1676 taetore.
305 1618 523 1675 animadvertis
537 1619 573 1675 de
588 1619 738 1674 montibus
753 1623 781 1673 et
797 1617 922 1674 collibus
976 1632 1099 1674 monens
1115 1618 1167 1689 [tt.
1183 1620 1361 1687 commonet]
1386 1617 1451 1673 illos
1466 1631 1562 1673 sermo
1577 1615 1709 1684 divinus,
1730 1614 1801 1673 etin

95 1707 772 1764 descendentemlanimadvertisoousistentem
782 1711 862 1763 extre
873 1722 920 1779 pe·
975 1703 1034 1761 illis
1049 1723 1102 1762 noe
1116 1705 1155 1778 (d)
1170 1704 1267 1761 delicti
1283 1704 1399 1777 prioris,
1415 1704 1566 1761 etidcirco
1581 1707 1649 1777 post
1662 1718 1800 1777 prospers

95 1799 146 1851 tra
161 1796 317 1853 sammon?
333 1797 480 1870 quomodo
496 1801 573 1854 erret
587 1801 616 1853 et
631 1812 666 1852 es
677 1801 760 1868 putet
771 1797 847 1852 bonu
858 1812 922 1853 esee
976 1797 1065 1865 atque
1075 1793 1181 1861 felicia,
1191 1793 1286 1849 tristia
1296 1794 1424 1850 inserens
1437 1792 1489 1866 [st.
1505 1792 1604 1866 inlertl
1615 1793 1705 1849 dicit:
1716 1794 1802 1866 Deque

96 1900 158 1956 quse
169 1883 251 1941 nulla
261 1890 341 1950 eunt,
353 1884 472 1941 dicens:
489 1885 584 1940 Dicam
594 1887 694 1939 animae
706 1899 775 1941 meae
785 1902 796 1939 .·
814 1885 921 1951 Anima,
975 1883 1220 1940 succensuerunt
1235 1884 1396 1954 iniquitates
1407 1897 1503 1939 eorum
1513 1882 1709 1938 conmanentes
1720 1898 1798 1940 meos.

95 1970 180 2028 tobes
189 1973 277 2028 multu
288 1972 360 2028 tons
370 1974 508 2044 reposita:
526 1972 708 2028 trumentum
719 1976 748 2028 et
758 1972 922 2027 ubertatem
976 1973 1043 2037 Qua
1059 1977 1225 2044 sequuntur
1239 1970 1443 2029 dilticultetem
1457 1970 1541 2028 uobis
1551 1969 1799 2044 interpretationis

95 2059 153 2132 [Al.
162 2059 331 2131 utilitatem]
341 2065 524 2116 terrenorum
535 2062 682 2115 fructuum
693 2060 922 2117 essesrbitrutus
975 2059 1118 2130 objiciunt
1129 2076 1135 2113 :
1148 2059 1208 2114 sive
1217 2059 1295 2114 enim
1306 2058 1505 2132 intelligamus
1515 2075 1549 2114 ea
1558 2057 1704 2115 cohaerere
1716 2072 1798 2132 supe·

95 2153 140 2204 est
155 2149 241 2219 bona,
257 2148 390 2204 nesciens
404 2149 551 2220 quievere
561 2149 638 2204 bona
649 2165 706 2204 non
719 2152 877 2203 nascuntur
890 2148 921 2204 in
977 2145 1312 2217 rioribus‚nihilominus
1323 2147 1358 2203 de
1367 2146 1563 2204 retribuendis
1571 2146 1728 2221 suppliciis
1738 2164 1797 2222 per

96 2236 251 2293 maledicta
266 2241 353 2308 terre,
370 2237 461 2292 sedin
473 2236 821 2310 coelestibusregionibus
834 2253 840 2291 :
858 2235 921 2292 the·
975 2235 1178 2292 timescimus:
1195 2236 1255 2291 sive
1265 2235 1381 2291 videtur
1395 2252 1453 2292 non
1469 2234 1577 2291 haerere
1587 2251 1654 2291 cum
1667 2236 1797 2310 superlo-

95 2325 252 2382 saurisevit
265 2325 322 2381 sibi
337 2325 465 2391 interra,
482 2326 552 2398 quia
562 2326 592 2380 in
602 2329 681 2381 terra
690 2341 755 2382 esse
765 2324 921 2382 thesauros
975 2324 1068 2396 ribus,
1084 2341 1149 2397 qum
1164 2325 1200 2380 de
1214 2323 1411 2396 piscatoribus
1421 2328 1449 2380 et
1457 2323 1645 2381 venatoribus
1660 2323 1797 2395 diximus,

96 2414 316 2470 arbitratusest.
328 2414 358 2469 Si
368 2413 923 2486 quisautem,sublatacruce,sequitur
974 2417 1003 2470 ot
1016 2413 1059 2470 sie
1074 2429 1130 2469 uon
1148 2413 1296 2469 modicum
1311 2412 1395 2469 nobis
1411 2411 1584 2484 scrupulum
1599 2418 1756 2486 generent.
1771 2414 1801 2471 lit

94 2501 251 2557 Dominum
265 2501 378 2572 lesum,
394 2506 423 2558 et
437 2501 616 2576 thesaurizet
631 2501 687 2557 sibi
702 2501 731 2556 in
755 2501 837 2570 coelo,
863 2517 921 2557 non
973 2503 1128 2558 retribuam
1146 2502 1205 2557 illis
1214 2503 1338 2573 primum
1352 2500 1475 2573 duplices
1489 2501 1643 2573 injustitias
1657 2517 1765 2575 comm,
1779 2505 1805 2559 et

95 2589 202 2646 dicitur
216 2590 260 2645 ei:
279 2590 376 2658 Stulte,
392 2591 443 2645 bue
456 2598 533 2646 nocte
547 2593 672 2646 ociosum
686 2596 765 2646 tuum
775 2598 921 2662 repetente
971 2593 1084 2663 peccota
1100 2592 1223 2662 ipsorum
1244 2593 1274 2646 in
1295 2592 1395 2663 quitus
1419 2591 1677 2646 contaminaverunt
1702 2592 1806 2645 unum

96 2683 139 2734 te:
156 2679 207 2734 sed
221 2677 369 2734 venientes
383 2684 545 2749 venatores,
561 2683 590 2734 et
605 2683 769 2751 quaerentes
781 2677 923 2735 animalis
973 2695 1072 2744 meum,
1083 2681 1113 2734 in
1124 2679 1806 2750 rnortieius‘sabominationumsuurum,etiniqui·

96 2766 307 2834 dementibus,
331 2766 367 2821 do
385 2764 521 2835 collibus,
547 2766 582 2822 de
607 2768 738 2822 cavernis
759 2772 920 2840 petrarum,
973 2769 1075 2824 tutetur
1090 2769 1157 2835 suis,
1180 2769 1276 2840 quitus
1297 2768 1481 2840 impleverunt
1504 2767 1690 2825 mmeditutem
1714 2783 1804 2824 φησιν»

95 2855 182 2911 etiem
197 2854 282 2910 illum
297 2871 365 2910 oum
380 2854 422 2911 eis
436 2855 544 2927 pariter
558 2855 703 2928 accipient
718 2857 753 2911 de
767 2855 920 2912 venatione
974 2858 1084 2928 (ierem.
1114 2873 1171 2925 rvr,
1204 2856 1258 2925 18).
1288 2857 1370 2921 Quod
1399 2857 1449 2923 ait,
1483 2857 1616 2929 primurn,
1647 2857 1712 2914 sire
1745 2870 1801 2914 uon

96 2943 226 3015 sublimi,
242 2948 271 3000 et
285 2945 321 3000 ad
337 2943 511 3000 sublimiora
521 2944 711 3001 beatitudinis
722 2961 812 3018 regna
823 2950 919 3018 porta·
973 2944 1180 3018 intelligentes,
1207 2945 1327 3017 quidam
1347 2946 1425 3017 quod
1440 2940 1655 3018 scriptumest,
1671 2945 1802 3003 abstule-

96 3033 179 3089 bunt.
205 3034 276 3102 Quia
298 3033 371 3088 omui
388 3035 446 3088 mei
458 3049 542 3105 super
555 3049 647 3089 omnes
663 3035 720 3090 uias
736 3050 830 3090 eorum
853 3035 917 3103 (ier.
974 3038 1066 3090 runt:
1094 3034 1155 3091 sive
1178 3034 1369 3106 Septuaginta
1393 3035 1577 3108 interpretes,
1603 3035 1684 3091 sicut
1705 3039 1735 3092 et
1749 3052 1803 3091 cn·

95 3139 152 3193 xvi,
168 3121 513 3194 17).Superomnesviss
524 3121 689 3178 istiusmodi
702 3122 855 3179 bominum
867 3123 917 3195 qui
934 3107 955 3175 G
974 3127 1046 3194 tera,
1075 3123 1238 3180 secundnm
1268 3122 1516 3194 dispensationem
1545 3139 1631 3180 suam
1657 3123 1736 3180 801
1754 3141 1803 3207 su·

95 3211 125 3266 in
138 3211 288 3267 montibus
300 3215 519 3277 conversantur,
535 3211 565 3266 in
577 3210 703 3267 collibus
714 3211 876 3278 ambulant,
889 3211 920 3267 in
975 3211 1048 3268 ferre
1062 3211 1099 3283 (e)
1113 3211 1279 3277 voluerunt,
1298 3216 1373 3267 Deus
1387 3211 1500 3268 viderit.
1521 3211 1578 3269 Nos
1593 3213 1688 3269 istum
1705 3211 1801 3270 locum

96 3298 921 3371 cavernisbabitantpetrarum,babetoeulosDeus.Non
975 3316 1041 3356 cum
1069 3299 1179 3355 ceteris
1206 3299 1384 3356 editionibus
1418 3300 1600 3357 conterentes
1635 3300 1803 3359 invenimus

95 3387 450 3458 reabsconderuntusuce'e
461 3403 531 3443 meo.
546 3387 600 3450 Qui
616 3387 710 3444 sancti
726 3392 920 3455 eunt,nonse
976 3388 1129 3459 positum:
1154 3389 1187 3444 ttt
1208 3389 1360 3445 retribuum
1383 3390 1441 3445 illis
1465 3392 1586 3462 primum
1609 3389 1736 3463 duplices
1758 3393 1803 3448 ist·

95 3476 280 3532 nbsoonduut
294 3493 311 3531 s
328 3475 400 3531 facie
415 3475 483 3543 Dei;
501 3476 550 3548 qui
562 3481 659 3532 nutem
670 3476 783 3548 injusti,
799 3478 920 3533 sbscon-
970 3476 1095 3548 justitias
1104 3491 1219 3531 eorsun:
1237 3481 1271 3531 ut
1281 3478 1453 3534 ostendetur
1467 3479 1536 3551 qnia
1548 3478 1603 3535 etsi
1614 3495 1648 3535 ex
1660 3478 1802 3553 posterio-

95 3565 316 3621 duntursiacie
326 3565 400 3636 ejus.
412 3564 505 3620 Adam
516 3569 583 3636 poet
592 3565 854 3637 transgressionem
866 3581 922 3621 οω-
976 3564 1058 3620 ribus
1073 3564 1158 3620 laetis
1173 3564 1254 3638 digni
1265 3565 1360 3621 effecti
1375 3571 1445 3621 sunt
1454 3566 1637 3625 beatitudine
1645 3567 1710 3634 Dei,
1726 3572 1803 3625 attu-

94 3653 177 3710 lestis
193 3652 324 3709 mandati
339 3652 448 3708 audiuit
464 3668 555 3709 uocem
568 3653 678 3708 Domini
690 3654 739 3709 Dei
752 3655 921 3710 ambulantis
976 3669 1042 3708 men
1054 3648 1123 3724 qnia
1137 3652 1296 3725 aliquando
1311 3658 1510 3726 peccaverunt,
1525 3659 1554 3710 ct
1567 3655 1705 3712 humanis
1719 3655 1803 3712 vitiis

95 3743 126 3797 in
141 3741 218 3797 800
230 3740 361 3814 perndim
373 3743 433 3814 post
445 3741 598 3812 meridiem,
613 3745 640 3797 ct
654 3742 793 3798 abscondit
804 3759 833 3799 se
842 3741 919 3816 (Gen.
976 3759 1033 3798 non
1045 3742 1192 3810 carebant,
1210 3743 1339 3816 primum
1355 3748 1469 3815 oportet
1481 3760 1531 3800 eos
1542 3745 1668 3818 recipere
1680 3760 1737 3801 sna
1748 3744 1799 3801 de·

95 3847 137 3900 ιιι,
152 3831 190 3902 8).
216 3831 343 3887 Sanctus
359 3831 413 3887 boc
429 3847 486 3886 non
503 3831 582 3900 lecit,
608 3831 659 3887 sod
680 3831 858 3889 conscientia
873 3848 921 3888 ac·
976 3830 1053 3888 licta.
1069 3831 1103 3887 ut
1117 3831 1182 3887 vide
1197 3832 1222 3888 si
1239 3849 1297 3888 non
1308 3833 1519 3902 verasitratio,
1536 3832 1603 3906 quis
1614 3838 1802 3908 peceatanon

95 3922 180 3975 tuum
196 3936 316 3976 suorum
334 3919 423 3975 habet
438 3920 575 3977 llducinm
587 3922 622 3977 ad
640 3920 696 3992 [tt.
709 3921 798 3992 apud]
810 3922 919 3978 Deum:
976 3919 1103 3992 recipit?
1118 3936 1223 3993 nempe
1236 3918 1284 3977 ille
1300 3920 1350 3993 qui
1364 3921 1642 3993 postcredulitatem
1653 3927 1682 3978 et
1692 3920 1803 3996 baptis·

95 4007 126 4063 st
138 4009 213 4063 enim
226 4009 392 4064 conscientia
412 4024 462 4064 nos
475 4026 532 4065 non
553 4009 767 4080 reprehenderit,
788 4011 920 4081 fiduciam
976 4025 1057 4064 rnum
1068 4008 1193 4065 audierit
1205 4010 1361 4067 Dominum
1372 4010 1535 4067 dicentem:
1553 4008 1803 4068 Dimissasunttilt

95 4096 229 4151 nubemus
243 4096 279 4151 ud
292 4098 389 4164 Deum,
415 4106 440 4153 et
460 4098 648 4171 quodcumque
659 4101 831 4172 petierimus,
846 4100 921 4156 uoci·
972 4106 1081 4169 peccota
1096 4096 1200 4168 (liuteis.
1217 4115 1255 4169 rx,
1271 4101 1307 4167 2;
1322 4099 1402 4155 loun..
1418 4116 1480 4167 νιιι,
1498 4100 1553 4171 ll),
1573 4115 1627 4156 nec
1641 4098 1723 4156 ultra
1736 4115 1801 4173 pee-

92 4183 201 4255 piemus
211 4184 246 4239 ot
257 4199 287 4240 eo
303 4184 325 4256 (l
335 4186 417 4241 loen.
430 4203 471 4256 ru,
486 4188 541 4259 21).
553 4186 661 4244 Verum
671 4188 774 4256 Adam,
786 4187 921 4260 quamvls
970 4186 1085 4252 ‚caveris
1101 4186 1152 4253 [lt.
1169 4188 1351 4259 peccaveritl.
1371 4187 1399 4244 si
1415 4192 1513 4244 autern
1528 4193 1596 4261 post
1608 4187 1761 4246 lavacrum
1774 4191 1802 4246 et

96 4272 265 4344 peccaverit,
289 4276 386 4329 tamen
412 4289 470 4329 non
498 4291 591 4347 usque
615 4277 668 4347 [At.
697 4276 920 4348 usquequaque]
975 4273 1088 4329 venium
1100 4274 1273 4331 delictorum
1285 4293 1388 4332 rursus
1399 4277 1435 4332 ed
1447 4277 1586 4349 pristinas
1598 4277 1703 4334 sordes
1714 4275 1801 4333 breri-

96 4360 131 4417 ad
148 4360 305 4432 perlectam
321 4361 463 4418 malitiam
479 4378 564 4420 mens
577 4364 642 4435 ejus
658 4363 768 4421 eorruit
782 4364 836 4435 [st.
853 4380 919 4420 eor·
975 4378 1041 4417 mus
1057 4363 1174 4431 reversi,
1191 4367 1220 4419 et
1234 4364 1330 4420 adbuc
1346 4365 1514 4437 imperfecto
1529 4382 1619 4422 seusu
1635 4366 1675 4422 ub
1685 4370 1801 4439 apostu-

95 4450 214 4523 ruerat]‚
231 4453 260 4507 et
274 4450 339 4507 ideo
355 4450 516 4508 absconsus
538 4451 595 4525 [tt.
613 4452 814 4523 absconditus]
840 4455 885 4509 est
903 4468 921 4508 a
935 4474 959 4540 fl
973 4449 1069 4506 lorum
1083 4451 1214 4524 vestigiis
1229 4454 1407 4526 recedentes,
1430 4459 1481 4510 aut
1495 4455 1607 4526 injusta
1620 4455 1800 4527 gesserimus

94 4538 167 4595 sacis
177 4538 237 4595 Dei.
247 4540 285 4612 (b)
297 4539 368 4595 Cum
380 4544 478 4597 autem
487 4541 615 4613 peccavit
623 4539 819 4612 impiissimus
828 4539 922 4597 iratri-
974 4536 1083 4610 aliqua,
1091 4544 1141 4595 aut
1149 4546 1225 4596 certe
1233 4541 1263 4596 in
1272 4542 1336 4614 ipsa
1342 4543 1355 4615 j
1360 4543 1462 4599 uetitis
1471 4543 1529 4600 sint
1539 4542 1640 4617 eliqua
1649 4544 1743 4601 mixta
1749 4542 1800 4616 [st.

96 4628 171 4699 cide,
188 4627 410 4685 animadvertite
425 4628 494 4700 quid
510 4629 629 4692 feeerit:
649 4629 778 4700 Epreesus
791 4633 831 4684 eet
844 4645 862 4684 e
876 4631 919 4700 fu·
975 4629 1053 4700 nata]
1061 4631 1262 4702 peccataquid
1270 4632 1413 4689 nobisuet
1422 4633 1654 4706 consideremus,
1663 4636 1801 4690 utrumne

130 4841 169 4914 (a)
181 4840 363 4897 Cohurenter
373 4842 409 4897 ad
418 4841 550 4899 Graecum
558 4846 669 4900 textum
681 4869 688 4911 3
701 4848 732 4899 ut
741 4843 777 4900 ab
788 4843 795 4900 i
799 4861 851 4917 pso
860 4844 921 4901 lau·
1010 4847 1043 4920 (e)
1057 4847 1159 4918 Voces,
1175 4845 1208 4902 de
1221 4846 1372 4918 profundo,
1392 4864 1427 4904 sn
1443 4848 1553 4904 Rabani
1568 4852 1664 4905 vetere
1679 4848 1801 4906 lectione

95 4913 181 4994 datur
193 4913 327 4985 Origene,
339 4912 480 4966 ἀπαιτοῦσι
495 4915 544 4983 τὴν
560 4916 652 4990 ψυχήν
669 4935 716 4968 coe
733 4914 785 4969 ἀπὸ
801 4919 858 4983 σοῦ,
875 4933 919 4973 re·
974 4923 1003 4976 et
1018 4936 1090 4975 mss.
1108 4917 1205 4990 Regiis
1221 4919 1297 4990 opud
1312 4919 1460 4988 lluetium,
1479 4937 1535 4976 nou
1552 4925 1696 4978 renuente
1705 4925 1799 4978 Grues

96 5000 248 5056 posuimus
260 5001 295 5040 ex
304 4984 414 5040 liubani
427 4984 559 5055 lectione,
572 4991 696 5042 aruinum
711 4995 788 5043 tuom
801 4990 920 5059 repetent
975 4996 1054 5046 textu
1070 4990 1250 5046 suffecimus.

95 5063 158 5110 ote:
171 5055 422 5124 quemadmodum
431 5058 554 5112 recurrit
564 5056 611 5113 bic
623 5055 834 5130 locusetpsulo
842 5061 918 5130 post.
1010 5062 1049 5134 (d)
1060 5061 1160 5116 Denuo
1170 5061 1320 5117 cultuboni
1331 5061 1455 5118 lectione
1465 5062 1693 5120 suffecimushie
1704 5063 1798 5131 verbs,

97 5127 230 5253 lnoeantea
245 5124 371 5198 vulgatis
385 5132 457 5190 erat,
475 5131 570 5184 animo
590 5132 637 5184 tae
655 5134 765 5201 repente
777 5132 921 5201 sisteretur
974 5133 1269 5257 getietiprgorisquod
1281 5132 1651 5206 etOrigenessoripsit,s‹bv
1660 5133 1798 5212 προτέρων

96 5215 114 5253 (l
156 5239 162 5252 ·
1015 5223 1064 5257 ott
1125 5223 1190 5256 utut.

132 5265 487 5350 (tlnconoinniorll'sbani
497 5269 582 5327 lectio
593 5270 735 5335 videatur,
751 5271 820 5327 dum
830 5279 921 5328 uutmn
995 5221 1047 5346 H(e5
1057 5225 1148 5331 sillae
1158 5276 1685 5349 luterpretibusLXXpnrumaquum
1695 5275 1801 5360 prabet

98 5341 277 5411 impressimus
285 5338 436 5408 fratricida
446 5342 921 5468 animaduertiquidssecerit,egres·
975 5345 1168 5419 Hleronymus
1181 5363 1188 5413 ;
1204 5346 1341 5418 quodque
1352 5347 1479 5419 mireris,
1493 5365 1558 5405 cum
1570 5364 1621 5405 eos
1633 5348 1671 5403 ad
1684 5347 1799 5403 lubitum

96 5426 142 5465 sus
162 5409 331 5492 est,·etc5·ln·
349 5426 420 5465 mss.
441 5427 509 5492 vero
525 5413 593 5484 lteg.
619 5413 696 5484 apud
740 5418 861 5485 uatium,
883 5416 920 5470 Tu
975 5418 1074 5474 omnin
1098 5422 1127 5474 et
1151 5422 1260 5473 temere
1280 5417 1451 5474 detruncare
1466 5420 1668 5491 conqueritur,
1683 5414 1801 5494 Origenl

95 5489 199 5563 nutem,
210 5495 390 5551 nnpussnuus
397 5483 550 5557 pernotata,
561 5483 760 5557 aninsudusrtn
773 5485 840 5558 quid
850 5488 920 5559 seue·
975 5488 1037 5561 ipse
1053 5489 1148 5546 eliens
1162 5493 1191 5545 et
1205 5489 1306 5563 spuria
1320 5489 1444 5564 affinxit,
1459 5506 1545 5548 voees
1559 5489 1627 5549 illas
1642 5491 1801 5551 nimirums

96 5553 145 5626 ret,
161 5549 312 5611 mendose.
974 5561 1085 5622 sicutet
1096 5564 1212 5625 emere.
1231 5560 1370 5621 domtus.
