3818 6104
104 238 202 304 fitur
746 242 779 304 s.
802 237 959 302 sussen
980 236 1203 303 umaourru
1352 300 1358 309 ,
1546 220 1552 239 ’
1750 240 1819 302 riu

122 372 422 444 brum,etvidebimus
431 373 577 445 quomodo
592 372 628 429 de
639 371 779 444 subjectis
793 370 940 444 gentibus,
955 369 984 436 Α
998 387 1065 436 uor,·
1079 375 1108 426 et
1121 371 1261 434 Romanis
1271 371 1465 444 potestatibus
1475 369 1619 439 subdite,
1631 369 1821 444 percutientur

122 476 189 518 oum
206 461 341 517 universa
355 461 495 533 perierint
508 460 538 516 in
554 477 604 517 oro
618 459 719 533 gladii,
735 476 840 516 aurum
855 464 881 515 et
896 476 941 515 nr·
997 459 1026 514 in
1043 459 1159 515 maxilla
1174 461 1269 517 tribus
1284 459 1384 516 lsrael.
1400 459 1532 516 Abstulit
1547 460 1632 515 enim
1644 460 1784 516 Dominus
1792 462 1820 517 de

121 552 253 623 gentum,
270 554 299 606 et
312 553 372 605 tam
389 550 424 606 de
440 550 622 616 hominibus,
648 565 737 621 quam
753 550 788 605 da
800 547 943 620 jumentis
996 548 1098 603 ludus
1113 553 1141 604 et
1155 549 1191 605 de
1206 548 1381 613 Jerusalem,
1397 550 1503 605 fortem
1520 554 1553 605 et
1567 547 1718 618 validum,
1743 554 1770 604 et
1782 565 1820 604 sa·

121 642 218 695 certus
229 638 331 711 prsds
342 655 484 695 numerus
497 637 621 694 Domino
632 640 819 693 eonsecratus
830 636 878 692 sit.
888 637 944 692 ile-
998 636 1125 708 piantem
1142 637 1344 706 architectum,
1369 642 1399 693 et
1424 636 1648 709 intelligentem
1675 636 1819 694 auditorem

122 727 212 801 nique
226 732 255 785 et
271 727 373 796 thor,
390 727 440 799 qui
455 727 491 783 de
507 726 691 783 anathemate
705 725 821 781 iericho
832 724 943 797 aliquid
998 724 1056 795 [Al.
1073 725 1269 795 adjutorem,
1295 730 1323 795 et
1347 726 1398 780 vis
1420 727 1485 796 ejus
1501 741 1602 797 usque
1619 724 1713 781 hodie
1734 724 1819 783 clause

122 821 167 873 est
181 817 305 885 iuratus,
328 815 511 872 conturbavit
534 815 687 888 populum,
713 820 742 870 et
766 830 801 870 ex
827 818 943 886 peceato
998 813 1820 887 suntetobseptae,naopotestegredideceptivitote;sed

121 904 234 978 valliiu)
243 920 349 962 nomen
358 903 529 976 impositum
538 907 592 971 est,
600 903 943 990 susoacaoufltbttpnll),
998 900 1158 957 durissimo
1170 901 1312 973 premitur
1325 902 1448 973 imperio
1460 902 1539 973 (leui.
1550 918 1597 969 111,
1607 901 1637 962 1.
1647 902 1689 972 2).
1701 902 1731 957 Si
1742 909 1820 958 anun

122 992 152 1049 ld
167 998 221 1060 est,
236 994 319 1050 uallis
335 993 479 1060 tumultur,
495 992 556 1048 sive
569 991 714 1047 turbarum
729 992 818 1057 (tenue
832 993 893 1059 vu).
908 990 945 1046 Ut
995 989 1080 1061 juxta
1089 991 1268 1064 superiorem
1278 988 1822 1046 sensumvoluerimusdelloclesirdio·

122 1089 219 1139 antem
235 1081 409 1152 scias?juxta
424 1080 496 1135 LXX
511 1079 696 1151 interpretes,
720 1079 770 1151 qui
787 1079 943 1135 dixerunt:
999 1083 1061 1134 tum
1074 1080 1217 1151 accipere:
1228 1080 1307 1134 Naue
1316 1079 1474 1135 obstruetur
1483 1079 1546 1149 filio
1554 1077 1820 1150 obstructione,illnd

123 1169 298 1228 Cerueerubir
310 1170 425 1226 Domino
440 1168 643 1225 multitudinem
654 1184 758 1235 eorum,
769 1171 794 1224 et
806 1169 890 1225 robur
900 1183 944 1223 eo·
999 1166 1109 1222 deOsee
1117 1167 1516 1238 proteramusexsmplum,in
1527 1183 1588 1239 quo
1597 1164 1820 1238 adulteraloqui·

121 1256 589 1321 memoriammemioriamr
600 1257 706 1312 bonam
718 1260 831 1328 partem
841 1255 945 1311 debere
1000 1260 1067 1310 tur:
1096 1254 1196 1311 Vadam
1216 1258 1277 1328 port
1300 1263 1435 1310 amotores
1459 1271 1545 1322 meos,
1560 1256 1627 1327 ,qui
1646 1254 1751 1310 dabam
1763 1255 1821 1310 uiti

121 1345 496 1419 aonip1300nssnratlonam:
512 1343 670 1401 'theodotio
681 1360 733 1417 pro
744 1343 943 1407 multitudine,
998 1359 1081 1415 panea
1105 1359 1188 1411 meos,
1216 1351 1242 1399 et
1258 1360 1359 1416 aquom
1370 1359 1471 1410 meum,
1486 1351 1513 1399 et
1527 1346 1702 1400 uestimento
1715 1359 1781 1414 meo,
1801 1346 1819 1398 d

118 1451 233 1493 munero
243 1435 396 1493 transtulit
412 1451 418 1491 :
435 1435 542 1500 Quinta
570 1433 668 1500 editio,
678 1433 900 1502 emolumentum,
915 1430 944 1488 id
1000 1433 1243 1502 linteumiuomea,
1256 1434 1346 1488 oleum
1356 1449 1456 1504 meum,
1468 1436 1494 1488 et
1508 1435 1610 1488 omniu
1620 1447 1689 1505 quae
1698 1433 1820 1504 mitipru

119 1529 175 1592 est,
190 1524 228 1597 (b)
244 1519 395 1601 aptium:
413 1522 618 1597 Symmachus,
644 1522 760 1591 lucrum,
786 1521 815 1575 id
837 1525 891 1586 est,
913 1519 944 1573 τὸ
998 1524 1062 1577 suut
1085 1520 1162 1593 (Osee
1185 1538 1217 1590 11,
1241 1522 1279 1592 5).
1305 1523 1339 1577 lu
1358 1526 1458 1594 postea
1473 1521 1552 1577 Deus
1566 1521 1677 1578 volens
1691 1522 1818 1594 impedire

119 1610 219 1668 αὑτῶν.
606 1664 609 1669 ,
998 1610 1203 1683 cogitationem
1218 1609 1388 1682 pessimam,
1409 1626 1469 1665 non
1485 1624 1553 1665 eam
1568 1609 1646 1666 feeit
1660 1611 1739 1682 quod
1754 1609 1818 1666 desi·

155 1702 236 1774 (Gap.
247 1698 412 1760 ll.-Vers.
423 1700 460 1770 l.)
471 1700 548 1755 Nune
560 1698 715 1764 portaberis,
731 1697 795 1768 filio
811 1698 943 1753 latronis:
998 1698 1080 1755 derat
1103 1698 1262 1770 adimplere
1279 1716 1286 1767 3
1316 1699 1366 1755 sed
1389 1699 1518 1754 obstruit
1533 1698 1599 1754 vias
1616 1699 1695 1771 eius,
1712 1715 1748 1755 ne
1761 1714 1817 1755 eon·

118 1789 286 1848 obridionem
296 1794 447 1860 posueruut
459 1802 541 1858 super
555 1801 623 1841 uos:
648 1788 679 1841 iu
693 1787 771 1856 uirpu
790 1787 944 1857 percutient
996 1791 1137 1858 sequatur
1161 1790 1306 1843 amatores
1329 1803 1411 1854 suos,
1440 1791 1469 1842 et
1495 1785 1634 1858 amplius
1660 1788 1814 1843 fornicetur.

118 1877 266 1934 masiliam
285 1875 389 1948 judicis
407 1875 500 1930 lamet.
518 1873 606 1929 LXX:
623 1875 701 1929 Nuus
714 1874 871 1928 obstruetur
883 1874 944 1944 filio
996 1877 1042 1930 Ait
1056 1873 1132 1931 488
1149 1876 1275 1947 quippe:
1292 1877 1439 1946 Propterea
1454 1890 1512 1931 ecee
1526 1890 1575 1944 epu
1599 1875 1748 1932 obstruam
1768 1878 1816 1931 oriar

120 1967 326 2023 obstructione:
351 1964 507 2034 aupurtiom
527 1964 618 2034 posuit
631 1977 712 2033 super
725 1978 796 2018 uer:
821 1965 852 2016 iu
866 1963 944 2034 oirpu
996 1965 1054 2035 ejus
1080 1966 1111 2019 iu
1133 1964 1256 2028 sudibus,
1280 1968 1307 2020 et
1327 1965 1466 2035 obsepiam
1479 1965 1541 2019 uiae
1558 1963 1644 2035 ejus:
1668 1973 1694 2021 et
1708 1967 1816 2021 oemdau

118 2054 360 2126 percutieutruper
368 2051 516 2106 maxillam
526 2052 614 2106 tribus
622 2051 715 2105 inruet.
723 2049 786 2106 Non
796 2051 873 2123 quod
886 2067 944 2106 una
995 2069 1074 2108 ruam
1084 2069 1139 2108 uou
1152 2054 1283 2119 inueniet,
1295 2056 1320 2107 et
1330 2061 1507 2124 persequetur
1518 2056 1669 2108 amotores
1682 2053 1736 2125 [Al.
1749 2053 1816 2109 addit

119 2141 215 2199 tribus
225 2140 368 2214 percutiat
378 2138 526 2195 maxillam
535 2139 724 2205 alterius,sed
734 2139 811 2209 quod
820 2138 869 2194 alii
882 2157 943 2212 per
995 2141 1091 2212 arros],
1115 2144 1140 2197 et
1155 2157 1210 2196 uou
1225 2140 1406 2212 apprehendet
1421 2156 1476 2208 eos,
1497 2144 1524 2196 et
1539 2151 1653 2213 quaeret
1666 2158 1721 2210 erre,
1735 2145 1814 2198 duos

118 2231 232 2289 cutiant
241 2229 336 2285 tribus
346 2227 434 2285 lsrael
443 2227 473 2283 in
487 2226 648 2283 maxillam.
661 2227 813 2283 Pollicitus
824 2227 942 2300 quidem
997 2231 1126 2297 inueniet,
1142 2232 1168 2285 et
1182 2231 1255 2285 dicet
1269 2247 1275 2285 :
1296 2229 1394 2285 Vadam
1408 2237 1434 2285 et
1448 2234 1571 2285 revertur
1581 2231 1623 2285 ad
1636 2233 1728 2286 uirum
1737 2247 1813 2287 mesu

117 2318 172 2375 tibi
182 2333 284 2386 sum,o
296 2315 357 2372 fllia
366 2316 533 2388 Sion,quod
544 2320 700 2371 venturum
711 2315 750 2372 sit
758 2320 875 2389 tempus
886 2334 943 2388 quo
995 2320 1116 2390 priorem
1129 2320 1195 2390 puio
1208 2318 1274 2373 bene
1287 2317 1358 2373 milti
1370 2326 1429 2373 erut
1452 2317 1580 2390 (ibidem,
1606 2336 1649 2386 vr,
1663 2335 1717 2376 sec.
1732 2319 1810 2387 tii).

116 2410 308 2465 cornutuum
321 2403 943 2478 ponamterreum,etungulastuasaereas,
998 2407 1203 2462 Animadverte
1229 2422 1303 2478 opus
1326 2406 1441 2462 Domini
1474 2406 1662 2479 proiecisse:
1687 2407 1811 2464 Adultera

115 2500 146 2554 et
158 2494 341 2554 comminuta
352 2493 519 2549 daemonum
533 2492 732 2561 multitudine,
744 2493 848 2550 offeras
861 2496 946 2568 quid.
998 2496 1076 2552 enim
1089 2512 1146 2551 non
1157 2495 1307 2550 inveniens
1321 2495 1398 2550 viam
1414 2511 1510 2564 suam,
1527 2511 1581 2551 neo
1592 2495 1697 2553 valens
1707 2512 1809 2570 pergere

114 2584 187 2659 quid
203 2582 246 2640 illi
263 2585 332 2639 ante
346 2582 538 2654 possederant
553 2581 675 2637 Domino
700 2583 786 2654 (Rom.
811 2586 851 2655 ιιι)
876 2586 942 2640 uni·
998 2601 1056 2658 quo
1067 2584 1189 2649 volebat,
1197 2582 1368 2639 necessitate
1378 2582 1517 2640 obstricta
1529 2584 1565 2640 ad
1578 2585 1722 2642 maritum
1735 2602 1810 2642 rever

112 2689 205 2731 versu
214 2676 308 2728 terrs.
320 2670 376 2726 Sed
387 2670 457 2742 quia
468 2668 522 2725 hoo
532 2674 602 2725 tuno
615 2670 747 2726 futurum
758 2677 812 2739 est,
825 2675 943 2744 quando
996 2674 1069 2730 titur
1081 2674 1217 2746 priorem,
1227 2679 1256 2728 et
1266 2675 1430 2744 cantitetur,
1441 2671 1547 2728 melius
1558 2672 1618 2728 sibi
1632 2674 1663 2731 in
1674 2676 1759 2731 domo
1767 2673 1809 2728 viri

114 2760 329 2820 subintraverit
342 2759 474 2833 gentium
490 2757 651 2831 plenitudo,
676 2762 704 2814 et
730 2761 827 2816 omnis
854 2761 943 2818 lsrael
996 2779 1060 2819 esse
1076 2762 1191 2834 prioris,
1220 2778 1308 2833 quam
1325 2763 1472 2833 quondam
1488 2761 1567 2834 apud
1583 2768 1734 2821 amatores
1753 2779 1809 2820 suos

115 2849 247 2908 selvmus
260 2847 365 2905 fucrit:
382 2863 461 2926 nuno
476 2847 594 2903 interim
610 2864 661 2919 pro
672 2848 784 2904 meritis
795 2849 854 2905 tuis
866 2850 939 2907 187
997 2851 1102 2918 fuerat,
1113 2849 1420 2921 tribulationibusque,
1430 2853 1459 2905 et
1470 2849 1564 2922 plagis
1576 2848 1669 2907 lsrael
1681 2852 1807 2908 eruditur.

115 2942 242 3010 vastare,
258 2937 319 2994 sive
335 2935 412 2992 utin
427 2934 546 2991 uebraeo
561 2935 695 3007 habetur,
717 2938 868 2994 concidere.
887 2940 942 2995 Ne·
996 2939 1078 2995 Unde
1092 2943 1121 2994 et
1135 2938 1171 2993 ad
1187 2938 1239 3009 (Al.
1256 2938 1301 3009 dol
1320 2938 1405 2993 David
1422 2941 1477 2994 sub
1491 2942 1561 3010 typo
1574 2939 1686 2996 Christi
1704 2940 1807 3013 mystico

115 3043 266 3101 quaquam
276 3024 355 3083 enim
363 3025 448 3097 juxta
460 3024 633 3096 Apostolum
648 3026 763 3097 (Philip.
776 3029 819 3095 ιιι)
831 3028 941 3084 vocaris
996 3027 1117 3082 dicitur:
1127 3025 1430 3097 Sideretiqueriutfilii
1437 3027 1495 3098 ejus
1505 3028 1594 3096 lepem
1602 3031 1807 3094 meametiuiu·

117 3114 316 3186 circumcisio,
340 3114 391 3170 sed
414 3111 564 3168 concisio:
590 3129 644 3168 neo
667 3116 697 3168 te
719 3113 834 3187 appello
849 3115 940 3171 filiam
956 3104 977 3167 G
995 3115 1077 3172 dicito
1088 3115 1605 3186 meisnouombuluveriot‚rijustttiur
1613 3121 1806 3190 meurprosaro

116 3221 224 3276 meam,
240 3205 291 3261 sed
306 3200 429 3259 latronis
444 3199 547 3268 tiliam,
573 3202 651 3272 quod
670 3201 807 3259 llebraice
821 3204 938 3276 dieitur,
990 3203 1803 3277 ueriot,etpraeeeptcmeauouemtodieriut,uiritoboiauirus

115 3311 185 3352 arra
196 3309 290 3351 nabun
306 3291 381 3364 (urs
392 3290 456 3362 nu),
473 3290 566 3347 idest.
578 3289 686 3345 diaboli
700 3290 736 3345 ad
748 3292 938 3362 praedaodum
993 3295 1153 3364 iniquitates
1165 3309 1268 3364 eorum,
1280 3300 1305 3349 et
1314 3294 1344 3347 iu
1355 3293 1473 3363 depellis
1481 3299 1598 3364 peccatu
1611 3311 1727 3351 eorum:
1741 3299 1805 3351 mise

114 3377 706 3456 semperaocinoti.Feoistienimdomurn
717 3382 939 3453 menmspelun-
991 3384 1141 3439 ricordium
1155 3384 1245 3437 autem
1267 3397 1356 3436 meam
1379 3397 1434 3436 uou
1457 3382 1622 3456 dispergam
1637 3385 1671 3439 ob
1685 3401 1716 3440 eo
1732 3382 1803 3454 (eut.

112 3488 178 3529 cam
193 3471 353 3537 latronum,
370 3464 541 3540 repugnasti
554 3467 710 3523 adversum
723 3483 780 3535 me,
793 3468 883 3524 elfilii
894 3470 937 3526 tui
992 3489 1125 3537 mxsvm,
1142 3472 1174 3526 31
1191 3472 1276 3542 sepo.)
1295 3469 1528 3526 Tribulationem
1545 3487 1617 3544 ergo
1633 3473 1727 3544 posuit
1740 3471 1802 3526 Deus

111 3560 294 3618 obsidionem
310 3559 474 3630 posuerunt
488 3571 577 3628 super
593 3571 648 3622 me,
671 3561 700 3611 et
715 3572 804 3628 super
818 3557 936 3627 Filium,
991 3559 1186 3633 supersilium
1203 3558 1301 3629 lsrael,
1328 3563 1357 3613 et
1372 3559 1536 3630 percutient
1551 3577 1620 3616 eam
1635 3560 1740 3634 Angeli,
1760 3559 1801 3631 qui

108 3653 139 3706 et
148 3648 293 3722 Spiritum
304 3647 338 3719 (e)
349 3661 459 3703 meum.
471 3647 514 3699 An
528 3661 585 3700 non
596 3644 776 3700 contumelia
786 3645 936 3703 Trinitatis
989 3650 1083 3722 plagis
1097 3648 1243 3721 prepositi
1258 3650 1337 3718 sunt,
1354 3647 1383 3701 in
1401 3647 1527 3702 maxilla.
1554 3655 1598 3704 Ao
1624 3666 1659 3705 ne
1672 3652 1738 3704 torte
1753 3664 1802 3702 ne-

108 3742 164 3805 ssi,
180 3737 298 3809 quando
311 3735 341 3790 in
357 3735 438 3806 virge
452 3739 481 3789 et
495 3732 619 3800 calamo,
630 3738 657 3788 te
668 3733 801 3803 faciente,
816 3749 934 3805 percus·
989 3739 1080 3794 scires
1094 3753 1158 3809 quae
1174 3741 1250 3792 esset
1267 3735 1336 3800 filia,
1351 3752 1413 3808 quae
1424 3736 1592 3793 obstruitur
1603 3737 1798 3804 obstructione,

107 3842 171 3883 sere
182 3825 305 3882 Romani
319 3828 406 3896 caput
416 3821 527 3893 judicis
540 3820 639 3888 lsrael,
651 3822 799 3877 dicentes:
815 3823 933 3895 Prophe·
989 3833 1018 3884 ot
1032 3828 1152 3900 ponitur
1165 3826 1196 3881 in
1211 3825 1357 3897 angustia,
1373 3825 1472 3880 statim
1489 3824 1629 3894 insertur,
1652 3833 1680 3884 et
1694 3826 1797 3888 dieitur,

105 3913 263 3980 lisonobre,
275 3914 393 3982 Christe,
405 3912 466 3983 quir
478 3915 518 3966 est
528 3912 613 3982 quite
620 3912 754 3981 percussit
767 3913 840 3979 (Met.
855 3928 931 3982 xxvi,
987 3918 1076 3972 tribur
1092 3915 1192 3972 irruet.
1208 3915 1266 3969 Nos
1281 3919 1378 3969 autem
1394 3930 1498 3968 sumus
1519 3913 1622 3985 lsrael,
1646 3916 1695 3988 qui
1718 3918 1797 3972 mente

106 4001 177 4072 aab?
200 4001 261 4056 sive
279 3999 397 4070 quando
413 4015 490 4054 unus
505 3999 541 4053 de
556 3999 700 4055 ministris
714 4001 774 4055 tuis
790 4002 932 4073 percussit
988 4002 1796 4076 cernimuslleum,adquorumdistinctionemApostolnr

106 4102 174 4143 eum
198 4087 229 4141 in
254 4086 414 4157 maxillam,
440 4086 540 4142 dicens
556 4103 562 4140 :
588 4086 633 4143 Sic
647 4089 794 4159 respondes
807 4091 932 4161 pontifici
986 4092 1135 4165 loquitur:
1156 4091 1245 4146 Videte
1261 4090 1346 4145 Israel
1360 4091 1510 4146 recuruum
1518 4108 1634 4147 caruem
1644 4091 1666 4164 il
1681 4093 1738 4148 Cor.
1749 4107 1794 4152 m.

106 4176 200 4243 (locu.
216 4173 381 4244 xv111,22)t
397 4178 457 4230 Hoc
469 4175 555 4246 juxta
569 4175 755 4245 Hebraioum,
778 4178 824 4232 oui
841 4178 931 4234 inter·
987 4183 1041 4253 18).
1057 4181 1225 4251 Numquam
1241 4179 1320 4234 enim
1334 4183 1450 4235 vocaret
1465 4195 1607 4237 carneum
1634 4182 1729 4248 lsrael,
1751 4178 1794 4234 nisi

106 4261 261 4334 prolationi
276 4261 383 4340 Aquila
398 4265 426 4318 et
440 4263 646 4335 Symmachus,
663 4269 692 4319 et
707 4266 878 4335 Theodotio,
903 4272 931 4325 et
986 4271 1073 4327 sciret
1087 4284 1152 4324 esse
1167 4266 1254 4322 etiam
1273 4266 1465 4340 spiritualem.

105 4347 195 4406 sditlo
210 4350 314 4422 quinta
328 4350 526 4407 consentiunt.
541 4351 557 4407 J
562 4357 630 4407 uxta
640 4352 709 4408 LXX
723 4359 821 4410 autem
837 4357 930 4414 multo
1022 4358 1114 4427 (Vera.
1126 4357 1166 4428 2.)
1182 4358 1219 4410 Et
1234 4359 1274 4421 tu,
1291 4356 1428 4411 Bethleem
1442 4356 1575 4427 Epirota,
1591 4359 1725 4430 paruulus
1736 4359 1792 4412 estu

105 4436 146 4511 (d)
161 4436 248 4494 altior
261 4454 367 4495 sensus
387 4445 442 4508 est,
454 4445 482 4497 et
497 4439 580 4512 quasi
596 4457 613 4496 a
627 4443 743 4513 proprio
756 4443 931 4517 intelligitur
983 4448 1108 4503 millibus
1119 4445 1193 4501 luda
1204 4461 1213 4498 :
1225 4461 1261 4499 erc
1272 4447 1297 4499 te
1308 4443 1381 4498 mibi
1389 4444 1542 4513 eprerlietur
1552 4448 1601 4518 qui
1610 4450 1649 4504 sit
1659 4447 1793 4505 touuour

104 4525 232 4583 exordio.
245 4527 328 4584 Nune
338 4529 502 4585 obstruitur
511 4545 660 4602 synagoga
670 4532 885 4590 obstructione:
901 4539 930 4590 et
983 4540 1013 4593 iu
1022 4535 1116 4599 lsrael,
1125 4538 1150 4590 et
1160 4549 1285 4603 epreasus
1297 4533 1353 4604 ejus
1365 4535 1400 4588 ub
1411 4534 1516 4588 tuition
1526 4534 1626 4592 diebus
1638 4533 1790 4593 semiruti.

103 4613 259 4688 dicentqui
267 4616 297 4673 in
305 4632 339 4675 ea
349 4615 440 4674 clausi
451 4618 573 4674 luerint:
582 4620 743 4689 triporticum
747 4623 839 4693 posuit
845 4639 928 4697 super
982 4626 1072 4682 LXX:
1088 4626 1120 4680 Et
1129 4626 1170 4694 tu,
1184 4623 1323 4678 Bethleem
1332 4621 1427 4676 domur
1441 4621 1576 4693 Epirota,
1586 4626 1622 4697 (e)
1638 4626 1748 4680 minima
1759 4637 1788 4689 u,

137 4848 176 4920 (a)
190 4846 324 4904 Diximus
339 4849 369 4904 in
385 4849 462 4905 notis
477 4851 513 4906 nd
531 4851 606 4908 libr.
625 4852 777 4916 Locorum.
794 4854 845 4926 qui
861 4871 927 4911 oon·
981 4857 1144 4912 dationibus
1156 4853 1239 4910 libris
1251 4854 1310 4909 hac
1320 4870 1384 4909 esse
1397 4855 1485 4909 tradit
1496 4858 1647 4924 S.t)octor,
1661 4852 1785 4930 ὀλιγοστὸς

101 4920 178 4974 staro
204 4919 334 4975 nominis
353 4920 458 4977 allusio
475 4922 570 4977 debet.
980 4921 1787 4999 elnodriumivprierint’loiduOuamquamnondilfitenrur

137 4988 174 5061 (b)
192 4989 397 5046 AdditVictor.
410 4992 439 5046 id
455 4997 500 5048 est
514 4987 589 5067 δῶρα
603 5009 609 5050 ;
627 4998 654 5049 et
671 4994 923 5061 mastaurorum·
979 5017 1047 5054 oum
1059 4992 1338 5072 negandi'particuln
1351 4994 1388 5068 pi,
1404 4993 1549 5069 ὀλιγοστὸς
1561 5000 1668 5073 legisse
1677 4998 1786 5072 'lheodtr⁴

101 5073 174 5114 ’'ltm-
979 5072 1080 5138 ritum,
1097 5072 1198 5142 sicque
1214 5069 1347 5141 praeierre
1361 5069 1565 5125 barberinium
1590 5072 1729 5134 codicem,
1750 5082 1784 5122 ou

134 5128 173 5272 ξιξ
188 5131 250 5186 Duo
265 5147 351 5214 mss,
367 5135 393 5187 et
407 5134 543 5204 Spiritum
556 5139 691 5189 seudum.
979 5146 1077 5197 tamen
1089 5143 1123 5196 od
1134 5157 1215 5196 oram
1228 5140 1385 5220 apponitur
1397 5135 1553 5212 ὀλιγοστὸς,
1563 5143 1677 5214 absque
1690 5143 1724 5214 pi,
1735 5140 1784 5195 :de

145 5197 163 5253 d
184 5197 238 5280 l’ro
247 5201 345 5282 altior,
357 5218 421 5274 quie
432 5220 498 5260 vera
507 5210 552 5259 est
562 5222 634 5261 mss.
649 5210 814 5262 nostrorum
827 5206 921 5282 lectio,
978 5213 1066 5284 nique
1077 5217 1106 5267 et
1118 5230 1152 5267 ex
1164 5211 1273 5266 Latinis
1284 5211 1312 5265 S.
1325 5209 1504 5282 cyprianum
1519 5211 1569 5267 lib.
1583 5211 1784 5269 uTestimonio·

73 5290 77 5295 ·
98 5272 176 5327 uter
190 5286 254 5342 lpse
268 5268 364 5354 liquet
378 5280 523 5340 contextu,
538 5275 677 5332 haetenus
693 5277 920 5338 obtinuituliter.
977 5300 1055 5350 rum,
1070 5300 1124 5339 uon
1139 5285 1250 5352 eripuo.
1268 5280 1322 5337 Sed
1339 5298 1392 5336 nro
1408 5281 1480 5336 illud
1498 5284 1596 5348 retent,
1610 5291 1644 5340 ut
1658 5286 1698 5341 ait
1709 5284 1783 5339 licto

133 5341 170 5411 (e)
183 5340 449 5427 Palatinarum'ope
460 5348 592 5402 codicum
605 5349 799 5420 expunximus
810 5367 919 5421 vocem,
977 5355 1048 5419 rius,
1061 5355 1137 5426 quod
1149 5356 1177 5409 in
1192 5352 1326 5409 Matthiae
1339 5353 1522 5424 Evangelista
1532 5356 1717 5413 inveniatur:
1732 5367 1784 5410 cum

73 5464 77 5469 .
96 5426 132 5466 ue
153 5481 159 5493 ⁶
188 5427 279 5483 quum,
290 5430 354 5498 quse
365 5415 412 5472 hro
420 5419 661 5499 interserebatur.
675 5419 775 5474 eume
787 5421 921 5479 similiter
975 5428 1169 5499 llioronymus
1186 5424 1232 5478 bio
1248 5423 1323 5479 clare
1339 5431 1460 5492 asserat,
1478 5426 1685 5484 testimonium
1700 5425 1785 5483 illude

73 5550 80 5561 ·
96 5493 130 5536 co
152 5496 222 5548 roes,
233 5498 307 5556 quos
316 5485 464 5545 Victorius
476 5489 633 5563 consuluit,
645 5506 709 5547 cam
721 5507 779 5548 non
793 5493 919 5552 babent:
973 5498 1107 5554 Matthaeo
1118 5497 1250 5562 citatum,
1265 5511 1318 5550 neo
1330 5496 1481 5563 Hebraico,
1493 5513 1546 5552 neo
1556 5497 1746 5576 Septuaginta
1754 5497 1786 5551 in·
1847 5480 1850 5539 l

94 5554 920 5641 pequeporroipsetirucuatextuspujusverbainemen·
972 5569 1149 5647 terpretibus
1165 5567 1329 5631 convenire.
1356 5567 1488 5630 uetuisse
1513 5572 1615 5630 autem
1640 5571 1788 5651 inrupta
1846 5550 1850 5640 l
