3818 6104
654 234 912 301 nnonlrtonts
933 234 1252 302 utnnouttttltnn

103 395 116 425 e
130 375 226 428 harum
239 384 329 424 rerum
342 370 421 437 periti
430 372 510 435 atque
521 369 643 433 imperiti,
655 371 774 420 certatim
784 371 925 443 conquesti
940 375 966 441 Α
981 377 1008 423 et
1019 373 1119 422 tronum
1131 332 1427 433 habebamntpeccatis
1435 363 1505 419 meis
1513 363 1799 431 indulgereuaialiquid

102 461 116 489 c
130 442 193 490 sunt
204 436 374 487 acerbitatem
386 435 495 484 nimium
504 439 529 483 et
539 432 709 496 locoquidenr
720 434 844 484 alienam
854 447 925 481 rrros

101 522 114 550 a
129 502 220 550 doctos
235 498 361 559 effusam
371 511 425 561 qua
437 512 521 561 usque
531 498 600 545 adeo
610 496 754 544 delectatus
765 501 812 555 est,
826 500 854 545 ut
863 509 926 544 eron·

100 584 114 612 a
129 563 196 612 ricia
211 576 225 611 e
236 561 314 626 primi
323 560 468 610 voluminis
476 558 672 624 prolegomenis
680 563 791 617 resecta,
800 558 885 621 jussu,
897 562 927 606 ut

100 646 113 673 a
127 625 240 683 videtur,
250 624 438 687 protectorum
447 622 542 671 eruditi
550 620 831 683 ordinis,aliqnotpost
839 620 926 677 annis,

99 708 112 735 a
127 683 926 749 iraminimeplacata,reposneritinitiosecumli:eyrrrrdaudio

99 766 114 800 a
128 749 301 799 vehementer
315 750 394 798 etiam
410 748 461 796 illis
477 746 625 808 displicere.
635 746 689 805 Epo
705 746 834 802 nortonam
846 759 926 806 quem

101 832 114 860 a
128 811 289 862 nominatim
300 812 420 859 invectus
436 814 484 867 cst,
500 807 650 870 etquidem
665 807 801 863 acerrime,
813 820 927 855 neemia

101 894 114 921 a
128 874 199 935 loce,
209 874 277 937 cmpi
288 888 319 921 cx
340 872 436 922 endere
447 870 511 934 quid
526 870 588 918 novi
604 869 660 918 bmc
671 869 751 918 editio
766 869 855 924 ferret,
869 870 924 918 ani-

100 955 113 983 «
127 936 309 999 madvertiqne
321 887 457 983 flaminem
477 933 587 981 minimo
600 945 719 981 versasse
728 932 793 993 quid
805 933 873 979 terre
886 945 926 979 re·

101 1015 117 1049 c
130 1002 263 1057 casarum,
273 997 371 1061 quidve
382 994 627 1045 valerenthumeri.
637 996 695 1051 Qun
705 994 737 1041 de
748 1008 775 1041 re
786 993 929 1042 admouere

100 1077 115 1111 a
128 1062 202 1112 volui
213 1062 262 1111 boc
272 1059 409 1122 aponoculo,
420 1062 446 1108 ct
455 1056 646 1119 rempublicam
657 1056 811 1105 litterariam
822 1061 848 1104 ct
857 1055 927 1104 ordi-

101 1140 116 1174 a
130 1137 191 1173 nem
203 1122 442 1174 benedictinorum.
452 1120 575 1170 utvideat
584 1131 617 1166 ne
628 1118 691 1181 qnid
703 1117 772 1167 latria
783 1132 831 1166 sara
842 1117 929 1181 capiat

102 1204 115 1232 a
126 1182 594 1247 detrimenti,siejusmodilrominem
604 1181 721 1243 patiatur
732 1181 831 1229 diutius
839 1184 927 1229 conta·

103 1268 116 1295 a
130 1248 233 1297 minare
248 1247 346 1308 scripta
361 1245 518 1307 hieronymi,
533 1240 790 1292 contumeliosisillis
800 1248 927 1305 etparum

102 1325 118 1359 c
132 1309 216 1359 doctis
229 1309 398 1358 assumentis.
414 1308 512 1357 Eadem
527 1318 609 1369 opera
623 1307 706 1354 multa
720 1305 752 1354 dc
775 1305 928 1366 Hieronymo

102 1390 115 1417 a
129 1372 187 1434 lpse
203 1371 267 1423 diri.
278 1385 310 1420 ex
324 1371 421 1433 quibus
430 1367 621 1433 liquebitmale
636 1368 721 1417 iacere
732 1367 833 1430 eos‚qui
846 1380 928 1429 nsque

101 1452 114 1480 a
129 1434 196 1483 adeo
210 1433 382 1507 despicantur
417 1446 452 1481 roe
467 1446 499 1480 eo
512 1430 674 1480 recentiores
689 1430 802 1487 criticos,
817 1429 927 1491 utquasi

102 1515 115 1541 o
130 1509 215 1547 caecos
229 1496 265 1546 illi
280 1446 529 1545 collatosbabeent.
546 1492 572 1540 Si
586 1492 643 1541 haec
660 1493 763 1554 prosint
784 1491 816 1540 ad
834 1490 927 1540 contir-

103 1576 116 1604 α
130 1558 238 1617 mande,
255 1558 430 1621 augendaque
441 1558 572 1606 bonarum
584 1567 773 1617 sacrarumque
784 1554 851 1603 adeo
860 1554 927 1602 litte·

102 1638 115 1666 a
130 1634 219 1671 rarum
228 1620 377 1682 studia‚erit
387 1619 561 1683 ‹puarnobrem
569 1617 708 1679 gaudeam.
718 1618 753 1665 lio
762 1616 928 1665 certeauimo

981 437 1049 497 mqrri
1061 436 1156 482 lenire
1167 448 1180 480 n
1191 434 1294 483 ianuae
1304 433 1402 483 Clerico
1418 432 1566 493 impetrare
1577 429 1800 493 potuissemb'nlla

981 512 1045 548 saue
1055 492 1801 559 apudimperitumspesmetenebatimpetrandirenian,

981 561 1043 623 quia
1051 559 1153 622 jamdiu
1166 559 1319 609 audiveram
1330 562 1356 608 te
1366 558 1446 607 nimis
1454 555 1621 607 iracundum
1631 555 1661 605 in
1672 559 1803 618 repreben-

981 637 1063 677 sores,
1080 626 1106 670 et
1120 622 1146 670 in
1163 635 1271 670 ornnem
1287 620 1469 670 adversarium
1485 619 1594 669 saevire.

1013 686 1155 746 sternamus
1164 685 1280 735 tandem.
1292 687 1322 731 nt
1331 697 1363 731 ex
1374 683 1523 745 posteriore
1536 680 1664 754 prooemii
1672 684 1753 730 nostri
1761 697 1805 734 ser-

981 761 1061 796 mone
1070 746 1423 809 doceanrusobjurgatorem
1433 745 1564 793 editionis
1573 756 1655 793 novae
1663 745 1805 796 mendacem

982 822 1040 859 esse
1049 824 1079 857 ac
1090 809 1241 871 imperitum
1252 824 1257 856 :
1270 808 1424 871 expendens
1435 808 1507 857 enim
1520 805 1587 870 quid
1599 806 1664 853 nom
1674 805 1750 856 terret
1758 808 1807 859 bec

982 871 1074 929 editio,
1090 875 1186 932 praeter
1198 871 1373 919 temeritatem
1389 883 1476 919 meam
1489 873 1516 918 et
1533 868 1647 918 indocta
1658 876 1807 928 assumento,

982 934 1048 983 nilril
1067 938 1157 982 notatu
1174 933 1283 993 dignum
1294 933 1405 989 invenit,
1417 932 1449 980 de
1460 945 1514 994 quo
1526 932 1684 979 universnm
1694 932 1806 982 litterato

982 1010 1041 1045 rum
1051 996 1189 1044 hominum
1199 994 1388 1057 rempublicam
1394 991 1806 1055 ordinemqueBenedictinorum

983 1058 1128 1107 admonere
1143 1057 1265 1106 voluerit.
1282 1059 1316 1106 llt
1329 1057 1403 1120 prius
1418 1060 1592 1105 estnostrnm
1605 1057 1759 1115 proaemium
1766 1058 1806 1107 ad·

981 1120 1129 1170 monitione
1137 1121 1213 1168 ioan.
1224 1120 1324 1173 Clerici.
1336 1120 1398 1179 quia
1407 1120 1481 1181 prius
1491 1118 1662 1176 antidotum,
1673 1123 1808 1179 postesse·

982 1195 1097 1232 uenum:
1109 1182 1171 1231 novi
1182 1195 1297 1244 namque
1307 1181 1371 1244 quid
1381 1181 1447 1231 ierat
1457 1181 1542 1231 editio
1552 1185 1660 1237 nostra,
1671 1184 1805 1242 generatim

981 1245 1024 1294 itis
1036 1245 1124 1293 verbis
1140 1257 1341 1293 conrnrouemns
1353 1248 1407 1292 tam
1430 1243 1591 1292 litterariam
1614 1243 1806 1304 rempublicam,

982 1320 1062 1371 qrram
1073 1307 1194 1356 ordinem
1204 1306 1448 1357 Benedictinornm:
1461 1305 1516 1353 Hoc
1526 1305 1720 1368 exspectatione
1729 1307 1753 1353 iu
1761 1310 1807 1364 pri·

982 1371 1031 1418 mis
1044 1371 1175 1431 promenti
1187 1368 1305 1427 orcadum
1315 1369 1456 1417 emittimus
1465 1366 1657 1429 Proteyomena
1667 1369 1694 1416 in
1704 1368 1806 1417 elucida-

982 1432 1075 1481 tionem
1090 1431 1183 1480 dietas
1199 1431 1273 1493 trojae
1288 1431 1315 1478 S.
1331 1430 1479 1493 Hieronymi
1494 1428 1675 1487 bibliothece,
1691 1444 1744 1493 yae
1755 1436 1809 1480 onte

983 1497 1097 1543 nostram
1111 1497 1211 1542 etatem
1226 1494 1313 1542 claram
1328 1496 1353 1542 et
1366 1494 1487 1556 iynoroto
1500 1491 1564 1541 bene
1573 1490 1662 1540 molto
1670 1494 1810 1555 patefaciet,-

981 1559 1134 1618 scriptorum
1151 1570 1181 1603 nc
1196 1556 1320 1604 librorum
1334 1570 1434 1604 errores
1448 1553 1480 1602 od
1496 1554 1597 1602 unionis
1606 1554 1758 1609 minorita:
1772 1571 1808 1604 aa·

982 1619 1080 1682 erisque
1100 1617 1273 1667 Volumniam
1288 1619 1315 1666 in
1339 1619 1468 1671 Latinum,
1493 1631 1550 1665 cum
1567 1632 1582 1666 e
1600 1616 1699 1669 erere.
1720 1623 1770 1666 turn
1783 1633 1809 1667 cr

102 1702 116 1728 ιι
131 1697 147 1733 a
160 1696 203 1733 me
219 1683 316 1745 scripta
329 1686 401 1732 sunt.
418 1682 462 1730 Sin
479 1682 578 1738 tatinus,
588 1679 667 1728 aniani
677 1679 769 1728 saltem
780 1678 861 1740 hujus
877 1678 928 1726 mei
983 1681 1086 1729 Heln-reo
1101 1681 1226 1729 corrosuris
1236 1679 1380 1729 obduratio
1390 1681 1553 1741 Hieronymo.
1568 1679 1712 1727 Ecclesium
1726 1679 1808 1730 cornu

104 1764 117 1791 a
132 1759 175 1795 me
190 1758 336 1807 numquam
351 1744 492 1807 poenitebit
517 1742 588 1791 Vale.
600 1762 612 1785 o
946 1745 969 1809 Β
983 1743 1087 1792 ditabit.
1099 1744 1174 1791 Drino
1189 1743 1343 1805 hujusmodi
1354 1756 1401 1804 pro
1411 1741 1709 1791 nibiloducitcterieus
1720 1748 1807 1802 noster,

133 1808 225 1859 Noluit
238 1808 353 1857 Clericus
361 1810 451 1855 noster
459 1807 516 1854 siue
527 1804 577 1853 nlla
587 1803 792 1866 premonitione
803 1802 931 1850 orationis
986 1807 1047 1869 quin
1057 1806 1124 1855 nibil
1135 1805 1205 1855 aliud
1216 1805 1373 1866 lrabctquod
1387 1805 1466 1864 enitet
1476 1805 1504 1853 in
1515 1807 1621 1861 mente,
1632 1808 1808 1864 preteriens·

101 1870 193 1921 invehi
204 1870 604 1930 insnumlinrtianenmqnmn
616 1863 932 1935 relrcrncnterdolctedi-
985 1869 1089 1917 ritatem
1104 1881 1199 1925 meam,
1215 1872 1242 1917 et
1256 1868 1425 1917 acerbitatem
1440 1867 1467 1914 in
1486 1879 1549 1915 earn
1566 1865 1696 1915 etlusam.
1724 1868 1807 1916 l'erum

61 1938 68 1949 “
101 1936 189 1983 torem
204 1932 285 1981 inisse
296 1932 445 1993 Hieronymi
456 1931 564 1978 minime
576 1933 727 1987 parcentem
739 1927 931 1997 lteretretssnu·
986 1930 1055 1979 inter
1065 1930 1148 1980 marlia
1158 1930 1298 1979 maledicta
1307 1944 1367 1992 qum
1382 1930 1408 1978 in
1423 1942 1465 1978 ure
1476 1929 1580 1991 passim
1596 1929 1696 1986 enrisit,
1710 1931 1805 1979 scritate

101 1991 932 2055 onesimodoctorisemperintensissimisterumpretermissa
987 1993 1093 2042 tandem
1105 1997 1254 2055 superatam,
1271 1993 1361 2041 istlioee
1371 1991 1659 2052 scribereeompulsus
1674 1996 1715 2040 est
1731 1992 1806 2049 Ouas-

103 2057 229 2106 omnibus
239 2069 353 2118 quorum
363 2054 456 2103 Clerici
471 2054 657 2103 noniuterest,
667 2065 716 2100 nec
727 2050 932 2122 reipublictelil·
985 2056 1058 2104 tione
1072 2058 1097 2111 9,
1112 2069 1173 2117 pau.
1184 2056 1237 2104 ear.
1262 2052 1459 2117 «Nonposamn
1483 2065 1538 2102 non
1553 2053 1806 2103 laudareconsiliun

102 2118 208 2168 terarire
220 2120 344 2180 (quornm
357 2130 409 2165 nou
422 2116 542 2165 menduit
553 2115 638 2163 uralns
649 2113 733 2165 stolus.
746 2113 796 2161 nisi
805 2113 838 2161 ad
849 2114 932 2162 susci·
985 2118 1132 2166 Hor-limma*
1146 2118 1179 2165 de
1193 2117 1303 2167 edendis
1317 2117 1463 2179 Hieronymi
1476 2115 1665 2171 versionibus,
1691 2117 1806 2176 quemad·

102 2180 214 2230 tandum
223 2192 375 2242 pressuram
385 2178 497 2227 vinculis
507 2179 581 2239 meis)
591 2176 653 2240 quid
662 2189 709 2237 pro
718 2190 744 2224 sc
752 2179 932 2238 antiquaretur
986 2180 1095 2229 modum
1104 2185 1211 2229 erstaut
1221 2181 1247 2228 in
1260 2180 1449 2241 antiquissimis
1458 2178 1534 2227 libris
1545 2179 1608 2227 sine
1616 2179 1808 2235 mutationibus,

103 2241 448 2313 diligentiusinspiciamus.
456 2241 510 2303 Hya
519 2242 612 2297 nartem,
625 2239 718 2300 inquit.
729 2239 756 2286 in
767 2253 839 2299 quem
850 2239 930 2286 nomi·
985 2255 1045 2304 qnae
1060 2247 1152 2304 postea
1167 2242 1194 2290 in
1210 2242 1243 2290 iis
1257 2243 1332 2291 lacten
1347 2245 1418 2297 sunt,
1434 2254 1519 2303 coeptae
1533 2240 1646 2296 ordine,
1688 2255 1724 2290 aro
1746 2242 1807 2291 inre-

102 2307 187 2354 rmtrm
201 2304 313 2352 inuectus
326 2307 372 2362 est,
387 2306 411 2351 ei
426 2304 531 2366 quidem
550 2302 681 2357 acerrime,
698 2305 748 2350 etc.
761 2301 863 2356 Fateor,
874 2301 932 2349 Cle·
984 2305 1096 2353 niuntnr
1110 2304 1204 2353 iisdem
1215 2305 1243 2353 in
1254 2305 1336 2359 libris,
1347 2317 1400 2352 non
1410 2303 1516 2352 omissis
1531 2302 1659 2365 antiquis
1668 2256 1809 2353 ‘distinctio

102 2366 168 2425 rice,
177 2366 372 2416 consideratius
384 2370 470 2414 tecum
482 2364 554 2428 loqui
563 2363 696 2421 nolebam,
705 2377 784 2426 apuam
794 2368 820 2411 tu
832 2363 858 2410 in
872 2362 930 2410 Hie·
985 2367 1072 2421 nibus,
1083 2382 1144 2430 qum
1156 2367 1182 2415 in
1197 2367 1229 2415 iis
1240 2370 1394 2415 cernuntur.
1405 2366 1534 2414 Videmus
1550 2366 1627 2414 enim
1643 2366 1724 2415 nobis
1733 2366 1810 2416 ridere

102 2442 249 2502 ronpmum
265 2441 319 2477 uon
336 2442 390 2477 uno
404 2432 463 2477 loeo
479 2428 598 2477 invectus
611 2441 648 2475 es.
659 2427 715 2474 Tun
738 2427 778 2473 est
800 2424 931 2473 acerbitas
985 2441 1031 2477 eas
1040 2431 1185 2483 versiones,
1197 2429 1289 2491 quales
1300 2444 1314 2473 a
1325 2443 1407 2477 manu
1422 2428 1575 2490 Hieronymi
1591 2428 1760 2489 prodierunt,
1775 2435 1811 2477 aut

103 2491 187 2543 nimis
200 2491 345 2540 verborum
360 2504 490 2548 meorum,
502 2492 608 2553 quaudo
622 2488 730 2550 quidem
745 2501 803 2536 eam
815 2487 930 2549 accepia
984 2495 1054 2540 rene
1070 2505 1151 2553 «quam
1167 2491 1276 2540 minime
1291 2491 1347 2540 fieri
1364 2491 1457 2553 proluit,
1474 2490 1645 2539 immutatas.
1656 2508 1670 2537 a
1687 2491 1810 2540 Habemus

102 2553 284 2606 Pentateucho
294 2559 339 2603 tuo
348 2554 473 2609 Mosaios,
487 2558 516 2602 ut
526 2552 650 2600 lectorem
660 2550 812 2598 eomnronui
823 2551 849 2597 in
864 2549 930 2597 tricis
984 2552 1026 2601 liic,
1042 2554 1214 2603 confitentem
1229 2567 1313 2609 reum,
1335 2567 1413 2615 qitenr
1438 2566 1569 2615 peragere
1594 2565 1708 2602 necesse
1730 2558 1776 2607 eat.
1789 2559 1813 2602 ut

103 2615 332 2673 annotationibus,
342 2629 407 2678 quas
417 2628 512 2678 parum
523 2614 615 2663 doctam
624 2613 824 2663 vocarcstudcs.
832 2612 895 2674 quio
905 2616 929 2660 le
984 2616 1098 2666 exsultet
1107 2616 1214 2665 taudem
1226 2629 1240 2665 e
1251 2615 1389 2679 republica
1399 2628 1471 2663 sacra
1483 2615 1627 2669 litteraria,
1641 2618 1669 2664 et
1676 2616 1732 2665 suis
1742 2617 1810 2665 edam

104 2675 931 2741 imperitumprobaminornnilmsllevolreipitnrcommenta·
984 2680 1090 2728 sordeat
1100 2693 1160 2730 cum
1172 2679 1295 2741 imperito
1310 2678 1378 2728 libro
1392 2678 1582 2736 Quaestionum
1599 2678 1812 2740 Hieronymiana·

104 2741 174 2791 rium
188 2754 279 2790 meum
295 2741 322 2789 in
336 2740 433 2789 librum
448 2739 481 2787 de
495 2737 652 2807 Haurinibus
668 2737 811 2789 Hebraicis,
828 2740 891 2784 torn.
909 2737 929 2783 ll
983 2754 1052 2789 rum,

103 2803 230 2854 editionis
244 2806 353 2864 nostrae¹
370 2802 415 2851 ubi
428 2802 485 2851 brac
499 2802 592 2850 eadem
603 2799 670 2848 dete
686 2800 782 2861 scripta
795 2799 929 2859 tenuntur.
1216 2848 1219 2856 ,
1477 2844 1481 2854 ,
1612 2845 1666 2856 ,,
1772 2847 1777 2855 ,

103 2866 141 2915 Ex
151 2864 193 2913 his
204 2865 345 2927 perspicue
356 2864 682 2927 apparet,iuqumn,qnaru
694 2861 928 2920 dispartueritliie-
1016 2850 1028 2905 5
1045 2860 1140 2897 uticii·
1159 2847 1195 2895 De
1210 2843 1479 2918 ¹⁷²1H0²'¹f²⁰⁸¹⁷²9!⁴{0”
1492 2844 1506 2893 ¹
1518 2846 1678 2908 ‘Hm-⁹²⁸&m
1686 2844 1786 2896 Imm*

103 2927 209 2991 ronymi
220 2927 450 2990 diligentiaqunu
465 2926 555 2988 dispar
564 2925 702 2987 ingenium
727 2927 754 2971 et
769 2924 886 2994 studium
902 2923 929 2970 in
1345 2906 1445 2957 Clt‘ttfl·

104 2990 185 3040 rebus
199 2991 290 3045 saeris,
306 2989 343 3038 illi
358 2990 430 3052 quod
439 3002 511 3037 nuuc
521 2986 753 3037 osterrtantGriliei
768 2986 849 3046 lnqus
863 2991 928 3033 tem·
1014 2987 1104 3036 Totam
1115 2988 1304 3048 lanceationem
1314 2986 1552 3050 llieronymianam
1562 2986 1810 3036 absolvitioandie·

102 3052 185 3115 poris.
196 3051 246 3101 Sed
256 3065 316 3100 cunr
325 3052 376 3100 hoc
385 3051 486 3105 dixero,
496 3051 602 3098 invidie
613 3049 701 3097 statim
710 3062 751 3096 me
760 3047 926 3103 insimulant,
982 3051 1054 3098 ricus
1064 3051 1091 3099 in
1102 3051 1332 3100 memeruditionis
1343 3048 1695 3111 vituperationemtprobet
1701 3050 1810 3111 peritiam

103 3117 150 3163 aut
164 3114 322 3162 amarulenti
331 3113 472 3175 Scriptoris
487 3113 582 3161 taniam
594 3113 707 3160 inurunt
721 3111 926 3171 imperiti.qnasi
943 3111 964 3176 C
983 3112 1081 3175 lingum
1092 3113 1199 3169 Latium,
1210 3114 1307 3161 Graecae
1316 3117 1340 3161 et
1349 3111 1484 3161 Hebraicis
1493 3110 1617 3160 defuisse
1625 3111 1810 3160 Martianaeoad

101 3175 197 3224 vitium
212 3188 272 3224 cum
284 3179 537 3237 personamutctur3
562 3179 588 3221 et
602 3173 672 3235 qrmd
697 3171 797 3219 Clerico
819 3175 927 3234 impunc
983 3174 1094 3224 feliciter
1104 3174 1238 3225 edendum
1252 3173 1537 3238 Hieronymumouanr
1549 3172 1634 3236 longe
1646 3174 1808 3223 veroaberra·

103 3236 182 3287 dcent
194 3240 286 3285 contra
300 3236 500 3298 Hieronymum.
512 3235 576 3282 mini
587 3247 635 3296 pro
650 3233 812 3295 Hieronymo
833 3248 885 3282 riou
897 3234 928 3281 li·
983 3237 1050 3286 verit
1064 3251 1079 3285 n
1095 3238 1231 3300 proposito
1243 3250 1300 3289 stro,
1311 3240 1452 3298 setpuenles
1462 3237 1661 3297 responsiones
1670 3236 1805 3285 docebunt·

103 3302 163 3349 oest
172 3298 445 3353 adversusClericmn,
458 3310 589 3345 novorum
600 3309 728 3344 sensuum
738 3300 764 3343 et
774 3295 927 3357 dogmatum
982 3300 1149 3361 nequeenim
1162 3299 1232 3361 quod
1241 3298 1519 3360 volebatargumeutis
1531 3298 1707 3360 eonrpmmre
1716 3298 1803 3358 potuit,

103 3364 272 3411 assertorem.
288 3361 355 3409 lluic
369 3359 541 3415 accusationi,
557 3359 578 3407 si
596 3358 702 3421 quando
718 3354 843 3412 creuerit.
861 3358 927 3407 nihil
982 3361 1027 3409 sed
1038 3362 1167 3424 turparem
1177 3375 1234 3410 sese
1245 3360 1363 3410 ostendit
1374 3358 1547 3422 adjudicium
1556 3359 1807 3409 terendumdenars

100 3423 187 3473 habeo
202 3423 274 3486 quod
289 3435 422 3485 opponam
434 3421 517 3471 innoc
528 3421 665 3483 Apologia,
678 3420 927 3482 praeterrerbasan-
982 3426 1072 3471 nostra
1095 3423 1221 3481 editione,
1237 3424 1497 3486 aptissirnnmsutem
1520 3423 1556 3471 ad
1577 3422 1746 3485 prodendam
1755 3435 1807 3484 pro

101 3484 653 3549 ctiHectoris,cujusgratiaeumsnscepi
673 3499 679 3532 :
702 3484 805 3540 Veritas,
832 3483 925 3545 inquit.
981 3485 1067 3547 priam
1078 3486 1246 3535 acerbitatem
1263 3500 1293 3534 ac
1314 3485 1482 3547 imperitiam
1498 3498 1563 3533 cum
1588 3489 1665 3534 recte
1681 3485 1752 3535 iactis
1766 3499 1809 3547 pro

101 3560 192 3598 amara
203 3549 248 3606 cst,
258 3561 356 3610 rupere
364 3547 459 3610 [roratis
468 3561 497 3594 oe
508 3547 595 3600 m'etis,
605 3544 764 3609 orslendityuc
774 3550 925 3593 ror-rector...
981 3548 1125 3606 gratiarum
1142 3548 1291 3597 actionibus
1306 3547 1425 3595 convicia
1437 3550 1562 3607 reponat,
1579 3552 1608 3596 et
1632 3560 1694 3609 ques
1718 3548 1808 3606 latine,

105 3609 205 3659 Veritas
219 3610 246 3659 iu
261 3610 334 3658 nobie
346 3613 380 3657 ait
395 3613 419 3657 et
434 3610 509 3658 since
518 3610 577 3665 itur,
589 3613 614 3656 et
628 3608 773 3656 auraritudo
788 3608 855 3655 illico
869 3622 926 3656 corr·
980 3610 1078 3661 Graece.
1090 3615 1169 3673 atque
1178 3609 1302 3659 Hebraico
1312 3609 1810 3672 veritatlcoupruenterameexptteata

101 3674 249 3782 sequentur.
264 3674 302 3721 lta
317 3671 358 3720 ilie
374 3671 420 3720 lib.
439 3685 446 3720 t
461 3672 588 3720 adversus
607 3671 770 3732 l‘elapianos.
981 3672 1115 3734 leguntur,
1131 3672 1222 3722 eadem
1236 3673 1291 3735 ipse
1307 3671 1427 3721 traducat
1438 3671 1563 3734 imperite
1575 3672 1606 3720 in
1616 3673 1671 3721 mei
1683 3676 1809 3734 contemp·

145 3734 197 3783 nde
212 3738 275 3783 sunt
290 3737 360 3783 noim
372 3739 398 3783 et
407 3738 557 3782 assumente
568 3746 628 3781 mea
643 3732 835 3781 corttumeliosa
846 3737 871 3781 et
881 3745 925 3794 pa·
980 3738 1047 3783 tum.

99 3809 159 3845 rum
175 3797 261 3853 docta,
277 3797 375 3858 quibus
391 3795 570 3845 contaminari
582 3795 682 3905 scripta
690 3794 847 3856 Hieronymi
862 3794 925 3844 inde
1011 3797 1124 3846 Primam
1138 3796 1229 3860 itaque
1244 3797 1417 3860 quaestionem
1428 3797 1556 3859 proponit
1570 3797 1600 3845 in
1611 3796 1810 3861 hujusmodiia·

100 3859 228 3908 acerbitas
243 3858 334 3915 nimia,
343 3873 422 3921 quam
434 3857 607 3920 conqueritur
617 3857 635 3905 C
646 3857 732 3906 ericus
742 3870 802 3904 iriam
812 3857 867 3904 stris
878 3857 926 3905 im·
980 3859 1124 3922 scriptione
1140 3864 1167 3908 et
1180 3859 1324 3923 epigraphe
1334 3876 1340 3909 :
1352 3859 1420 3918 Ouid
1430 3858 1614 3922 postulatoriis
1626 3874 1666 3917 eo,
1675 3862 1722 3924 qui
1731 3859 1809 3907 Hiero·

99 3919 925 3984 perilianltcunrtantasitapud<correctosveritatisamaritudo,
980 3932 1084 3984 uymnm
1095 3921 1203 3970 ederent
1225 3920 1639 3983 ueirlurtrarceyyrediniuricni
1650 3934 1808 3985 consequen·

99 3983 283 4056 quautanobis
294 3984 343 4032 erit
351 3983 378 4031 in
390 3982 536 4032 mendaciis
547 3986 573 4029 et
581 3981 925 4031 contuursliistoanuiscle-
978 3987 1019 4033 ter
1029 3984 1179 4047 subjungit:
1191 3936 1243 4033 ozi
1251 3984 1391 4040 «ananiam
1402 3984 1463 4032 baio
1473 3983 1750 4043 satistaciamusante
1759 3997 1810 4032 om·

99 4046 163 4094 rici?
175 4045 243 4095 Helle
258 4044 376 4116 proiecto
387 4045 503 4093 amarior
514 4043 577 4092 mihi
594 4057 705 4115 semper
713 4042 884 4114 initialsitas,
900 4047 927 4093 et
979 4046 1025 4095 nia
1039 4046 1136 4108 diqdex
1145 4046 1235 4095 anxilii
1247 4046 1462 4109 distinguendum
1471 4050 1628 4107 asinanum
1640 4061 1696 4110 quo
1706 4048 1810 4096 instruc·

98 4105 924 4157 omniaccrbrtateintolerabilior.ll‹ectunrenrnCrrtrconostro
980 4111 1036 4157 tum
1052 4121 1114 4157 eum
1137 4114 1320 4171 esseoportet,
1345 4109 1389 4170 qui
1408 4109 1596 4170 Hieronymum
1627 4110 1711 4159 edere
1737 4113 1809 4171 atque

97 4169 197 4231 saepius
212 4168 381 4229 dominatum
392 4182 442 4217 nec
455 4169 537 4217 olium
552 4169 607 4217 scio
618 4168 777 4231 Scriptorem
789 4168 836 4276 qni
847 4172 886 4217 tot
895 4182 925 4217 ac
979 4171 1113 4219 illustrare
1129 4185 1188 4220 eum
1203 4170 1279 4220 laude
1296 4170 1367 4220 velit.
1381 4171 1455 4219 l'rius
1465 4170 1544 4219 liceat
1554 4175 1810 4228 externumrocara,

97 4230 180 4279 taan
194 4229 310 4293 gaudeat
324 4229 476 4279 mendaciis.
494 4230 570 4292 Cupi,
595 4231 690 4292 iuquit,
706 4244 787 4291 sapen
807 4244 848 4278 ere
863 4231 927 4293 quid
979 4232 1050 4295 qnod
1067 4234 1145 4281 situm
1160 4233 1195 4281 sit
1207 4233 1234 4281 in
1250 4234 1327 4290 copia
1342 4233 1584 4295 manuscriptorum
1602 4234 1740 4292 coelicum,
1755 4247 1809 4282 cnm

97 4291 158 4341 novi
172 4291 225 4341 baec
239 4291 317 4341 editio
331 4294 420 4355 sorel,
438 4293 659 4365 oninmdecrir‘yae
679 4293 806 4341 nominem
821 4293 925 4341 minime
998 4295 1076 4343 nibus
1091 4294 1220 4344 editiones
1235 4296 1400 4357 antiquiores
1412 4300 1616 4357 comparentur,
1630 4302 1809 4360 atqueerpen·

98 4368 218 4412 emensae,
234 4353 299 4411 ataid
312 4357 382 4418 serre
397 4357 550 4413 recusarent,
572 4354 663 4418 pacatae
687 4354 800 4403 coierent
815 4353 922 4404 burrreri.
979 4308 1145 4406 danitrrHoc
1155 4357 1368 4420 septtleberrime
1379 4356 1634 4407 instruetnmiuisse
1644 4359 1749 4409 dictitat
1757 4372 1810 4421 pas-

130 4418 165 4467 at
176 4416 312 4480 quomodo
327 4417 392 4466 dicis
406 4421 432 4466 te
447 4418 604 4480 expendisse
617 4417 761 4466 editionem
772 4430 865 4473 meam,
877 4418 923 4480 qui
979 4419 1028 4467 sim
1039 4420 1147 4468 icorrner
1161 4420 1335 4477 Materianum,
1350 4419 1395 4481 qui
1409 4419 1488 4481 caepit
1502 4419 1585 4468 edere
1602 4421 1720 4471 Lutetiae
1730 4422 1809 4484 Opem

98 4480 258 4542 procamium
272 4483 347 4530 tomo
362 4481 370 4528 l
386 4480 524 4543 prunnon
541 4479 654 4528 necdum
666 4478 749 4542 legisti
760 4482 771 4526 :²
782 4480 833 4528 tut
843 4480 863 4527 si
879 4493 924 4529 er·
940 4472 964 4537 D
978 4482 1142 4545 Hieronymi.
1171 4481 1521 4544 uornmpriurumvolumen
1531 4480 1673 4543 publicam
1684 4483 1808 4533 lucenari-

97 4541 347 4605 pendeudoiegisti,
358 4541 847 4604 qrraredissinrnlasrersaaseme,quid
858 4541 925 4591 terre
979 4543 1019 4593 dit
1028 4558 1098 4594 anno
1112 4496 1178 4594 tend.
1189 4545 1245 4601 Qua
1257 4544 1283 4592 in
1300 4558 1335 4595 re,
1348 4543 1424 4592 sidem
1436 4543 1460 4591 ei
1471 4545 1606 4603 derogare
1619 4546 1810 4596 nolimb'erunt

96 4608 261 4661 recusarent,
274 4604 372 4666 quidve
381 4604 631 4654 valeceuthnmeri‘?
642 4604 773 4653 Attentius
784 4603 864 4679 igitur
878 4617 923 4652 ex·
979 4606 1011 4655 de
1027 4620 1059 4655 eo
1075 4606 1165 4655 auxilii
1198 4619 1279 4654 enere
1296 4607 1337 4654 bie
1350 4618 1427 4665 apere
1451 4618 1505 4653 non
1521 4607 1667 4664 constitui,
1682 4622 1747 4658 cum
1761 4620 1811 4656 non

96 4666 185 4776 §ande
194 4680 224 4716 ac
235 4665 371 4729 perpende
380 4667 463 4714 verba
473 4665 692 4727 isthacprocemii
704 4666 754 4714 urei
765 4664 855 4719 :botis
866 4679 923 4715 uero
977 4668 1077 4731 possim
1093 4620 1266 4716 oibtiodiecas
1280 4670 1374 4725 visere,
1384 4668 1412 4719 iu
1422 4667 1520 4729 quibus
1530 4671 1716 4743 manuscripti
1728 4670 1764 4720 illi
1773 4682 1810 4718 eo

118 4761 124 4775 .
136 4727 284 4791 Hieronymi
296 4727 409 4777 diuinam
417 4728 606 4788 Hrbtiotbeeeuq
616 4728 724 4776 ‹ruteiroc
733 4727 922 4784 ineditamuti-
977 4730 1048 4779 dices
1055 4731 1204 4792 Hieronymi
1208 4735 1363 4779 asserrrantu
1369 4743 1386 4777 r.
1392 4729 1523 4778 Posterius
1529 4731 1670 4782 auxilium
1677 4738 1810 4782 internum

97 4788 167 4839 tuan
178 4789 286 4853 publica
293 4791 481 4863 procurandum
496 4789 698 4851 erumpentibus,
710 4792 746 4838 tot
757 4792 877 4854 tantoque
886 4791 921 4839 io·

97 4849 399 4902 cumbuntmommarum
407 4867 492 4900 rerum
501 4856 668 4912 neomeniam
678 4851 829 4915 ntnyniiudo
839 4852 922 4915 operis

97 4913 212 4977 impositi
218 4928 270 4963 non
277 4914 359 4962 sotum
369 4915 589 4977 ceruicespremnt,
598 4915 643 4963 sed
651 4913 761 4963 anicani
771 4916 841 4976 fasce
848 4929 922 4963 rucu-

98 4975 160 5024 dum
170 4976 212 5033 sit,
228 4990 305 5038 quom
320 4975 466 5025 kuoudum.
481 4977 541 5037 (luis
553 4976 619 5025 enim
634 4978 921 5086 nortpertimescobetc.

97 5036 164 5089 Vide
178 5051 251 5087 nunc
265 5039 426 5102 quantssint
440 5039 580 5088 mendacia
590 5039 618 5086 in
632 5039 689 5100 ipso
706 5038 922 5096 irninetiumstio-

97 5111 164 5151 num
179 5104 286 5151 tuarum
311 5100 589 5166 Hieronymianarum,
616 5113 677 5149 cum
698 5099 867 5149 manifestum
888 5101 923 5149 eit

95 5175 218 5213 versasse
232 5175 275 5212 me
290 5163 354 5224 quid
369 5162 679 5226 ierrepossenthumeri;
694 5165 719 5210 te
731 5166 818 5211 autem
834 5175 922 5224 neque

96 5223 125 5274 ld
138 5224 368 5283 animadvertisse,
383 5238 471 5287 neque
486 5224 652 5287 expendisse,
672 5225 793 5286 quamvis
807 5224 922 5288 idipsum

95 5285 199 5337 Lectori
214 5285 329 5336 mendax
343 5287 463 5347 ingerere
478 5299 532 5336 nen
549 5287 728 5349 pertimescas.

127 5348 179 5397 Sed
189 5347 310 5410 jamnon
321 5349 444 5411 equidem
456 5348 528 5400 dete.
536 5347 804 5409 verumdeprudente
812 5350 921 5409 etaequo

94 5405 192 5457 lectore
225 5409 270 5458 uid
284 5409 404 5470 dixerim,
420 5410 618 5459 animadverte:
635 5408 689 5458 Sed
702 5424 796 5472 mayna
805 5424 852 5457 nos
865 5424 922 5472 spes

93 5467 144 5537 isto
153 5423 221 5539 19ηεῖ
229 5469 300 5533 opud
306 5485 407 5535 equum
416 5472 533 5522 lectorem
546 5487 552 5532 ;
568 5471 766 5520 veninmrciticet
776 5471 921 5532 nobirsoci·

95 5525 146 5575 ltus
159 5530 353 5594 arrdutyendom,
364 5534 446 5585 sicubi
455 5533 564 5582 iuretur
573 5538 715 5594 monierus
725 5533 920 5591 obscurioribus,

97 5592 146 5638 aio
162 5592 872 5659 nemincaddnctentatis,iliiusderideriononusyueyun
892 5610 923 5645 ue

93 5648 283 5721 retulerimus:
296 5656 413 5707 artearte
425 5656 449 5705 ai
461 5654 581 5725 nourribil
593 5656 735 5721 coquendo
755 5610 923 5706 scribentizua

93 5710 227 5769 camdeni.
237 5712 922 5825 quodomlotioresdsbyentiorerquabeudcffepisaet.

92 5774 147 5828 Hae
160 5773 348 5836 exspectatione
361 5776 389 5828 in
400 5774 497 5846 mimis
507 5780 640 5845 prouocati
649 5784 766 5845 quedam
781 5777 834 5829 emi
845 5778 924 5829 timus

94 5836 287 5904 memma,
294 5838 345 5889 etc.
351 5836 446 5891 lleest
456 5833 687 5900 armrltapnsiatus
694 5842 722 5894 in
728 5850 924 5901 massmannus

976 4792 1028 4840 diei
1036 4796 1209 4855 delectatque
1220 4792 1251 4841 ad
1263 4806 1308 4840 scr
1317 4791 1482 4855 potissimum
1490 4793 1582 4854 capita
1595 4796 1738 4855 revocari:
1748 4808 1810 4858 quo·

976 4867 1035 4902 ram
1047 4855 1161 4916 primum
1172 4859 1220 4912 est,
1233 4858 1261 4902 nt
1269 4866 1322 4903 non
1330 4858 1384 4902 tam
1392 4855 1547 4915 Hieronymi,
1557 4859 1713 4916 quamvari
1723 4869 1811 4907 amans

977 4916 1011 4966 sit
1020 4916 1078 4979 ejus
1092 4930 1202 4978 operum
1215 4917 1313 4975 editor,
1324 4917 1479 4973 secundum,
1491 4920 1520 4965 ut
1531 4921 1573 4965 sat
1584 4919 1714 4969 eruditus
1724 4920 1809 4969 Latine

975 4978 1018 5035 sit,
1034 4979 1152 5041 satisque
1177 4979 1334 5028 exercitatus
1350 4978 1377 5027 in
1404 4978 1517 5027 lectione
1538 4983 1680 5041 veterum,
1698 4986 1729 5032 nt
1754 4993 1810 5030 eum

976 5040 1131 5103 scriptorem
1143 5041 1226 5103 probs
1237 5040 1384 5099 intelligere
1395 5040 1490 5101 possit3
1501 5039 1630 5097 tertium,
1641 5048 1673 5093 ut
1683 5044 1720 5093 ait
1728 5043 1810 5092 arare

976 5102 1078 5161 doctus,
1095 5104 1131 5152 ita
1145 5106 1175 5151 ut
1189 5101 1263 5150 iacile
1277 5103 1535 5163 assequaturnneea
1549 5101 1673 5154 admista
1689 5106 1810 5168 operibus

976 5163 1135 5275 Hieronymi.
1152 5168 1178 5213 et
1191 5177 1251 5225 quae
1265 5177 1297 5212 ox
1312 5177 1344 5213 ea
1358 5163 1449 5226 lingua
1463 5163 1604 5214 transtulit
1628 5179 1695 5216 oum
1719 5166 1811 5217 Graecia

976 5239 1070 5288 exemp
1083 5225 1182 5284 aribus,
1196 5226 1217 5274 si
1239 5239 1348 5275 necesse
1362 5225 1405 5284 sit,
1433 5224 1598 5276 contendat:
1630 5234 1771 5291 quartum,
1784 5230 1811 5277 nt

976 5288 1129 5338 Hebraicam
1140 5287 1260 5350 linguam
1270 5286 1428 5345 teneat,sine
1433 5287 1510 5350 cujus
1515 5288 1678 5345 counitione
1682 5290 1810 5353 judiciam

976 5350 1080 5400 nullum
1091 5348 1159 5399 terre
1175 5353 1262 5411 potest
1274 5348 1306 5399 de
1321 5348 1360 5403 iis.
1372 5362 1432 5411 qum
1446 5348 1480 5399 de
1495 5348 1593 5399 eadem
1607 5350 1707 5415 lingua
1716 5352 1809 5416 passim

975 5411 1058 5462 habet
1072 5411 1258 5482 Hieronymus:
1278 5411 1409 5472 quintum,
1426 5414 1455 5459 ut
1478 5410 1537 5473 ejus
1550 5414 1776 5467 translationem.
1786 5416 1810 5463 st

976 5472 1477 5537 Septuagintanralem.Graecarumque
1492 5470 1612 5522 aliarum
1627 5477 1809 5527 recentiorum

974 5535 1140 5595 ffiaprneuta
1151 5547 1211 5582 cum
1222 5534 1352 5583 Hebraico
1361 5533 1452 5582 codice
1463 5546 1518 5581 non
1526 5534 1687 5587 oscitanter
1695 5540 1808 5590 naumis·

975 5598 1022 5646 rit:
1034 5602 1138 5646 sextarm
1148 5595 1272 5657 denique.
1283 5595 1670 5660 attrectandismannscriptis
1679 5600 1718 5652 ait
1726 5612 1809 5651 usus·

975 5663 1027 5715 tus,
1041 5656 1807 5725 exercendisqueomntnusperiticriticimuaertbualaaso

976 5718 1805 5774 usutritus.Siaexbiscsdotitrusinstruotussitaditorfliere

975 5778 1805 5915 namra

1237 5880 1245 5906 i
