3818 6104
101 321 165 407 tta
343 324 592 400 escussario
613 331 866 401 uouruaaou
889 325 1073 400 oereanls
1095 326 1136 398 ιιι
1157 325 1369 400 sanemus.
1390 333 1488 400 nou.
1509 333 1564 402 ιιι.
1747 335 1809 427 aaa

99 465 130 524 in
153 465 358 541 promptuario
381 485 436 529 saa
446 469 569 542 jubetur
583 469 701 539 intrare,
718 469 771 525 sed
795 468 924 540 ejusqui
940 470 1068 543 Amoati
1082 470 1139 540 isti,
1156 471 1192 524 de
1208 485 1265 543 quo
1281 468 1439 541 quesistis,
1455 471 1491 528 de
1511 487 1569 543 quo
1585 472 1808 545 proposuistiaa

97 555 192 629 jubet,
209 554 256 611 cui
271 555 413 628 pusillum
429 561 473 613 est
488 557 544 613 hoc
558 574 644 614 omne
658 557 735 629 quod
746 557 856 630 grande
870 559 925 613 est.
980 554 1074 613 dicetis
1087 559 1176 613 monti
1189 558 1254 614 truie
1269 576 1279 613 :
1295 558 1471 628 transmigro
1486 559 1560 626 hinc,
1576 561 1602 615 et
1620 563 1808 632 transmigra·

83 644 129 723 ‘Si
141 642 225 701 enim
239 644 331 700 donee
342 648 526 723 pertranseat
540 646 584 702 ira
595 645 772 719 Dei,oportet
782 646 926 718 quosdam
981 646 1029 714 bit,
1047 644 1076 700 ld
1092 649 1137 702 est
1152 646 1188 702 ab
1203 646 1322 703 homine
1336 647 1373 703 ad
1388 646 1486 704 locum
1502 646 1657 705 delinitum
1669 648 1736 705 sihi.
1753 648 1809 714 Qui

98 733 209 790 inuare
231 733 434 806 promptuaria
448 751 520 803 sua;
536 739 607 791 sunt
628 738 727 790 autem
742 734 801 804 alii,
817 734 928 806 quibus
980 749 1049 809 ergo
1064 735 1228 805 offendunt,
1240 751 1299 791 non
1315 735 1467 793 offendunt
1480 753 1568 810 super
1578 742 1693 794 montes
1707 736 1807 797 lucen·

98 838 157 879 non
172 821 561 896 suntdimittendapeecatn,
576 839 632 878 non
644 822 739 879 solum
750 822 927 896 inpraesenti
980 828 1034 891 tes,
1051 823 1102 879 sed
1130 840 1218 896 super
1241 827 1356 880 montes
1371 824 1551 892 tenebrosos,
1568 824 1594 881 si
1617 824 1726 883 tuerint
1740 815 1809 885 eum

98 909 269 977 seculo,sed
280 909 406 967 etiamin
418 911 925 985 loturo,munitestumest,pusillum
980 910 1094 983 zabulo,
1110 916 1139 968 et
1153 909 1265 984 angelis
1280 912 1345 982 ejus
1361 912 1512 969 montibus
1526 911 1700 970 tenebrosis.
1712 915 1809 979 Etrus,-

98 999 133 1056 ad
148 1015 184 1055 ea
194 998 385 1055 deferendum
397 1014 461 1071 que
477 999 615 1057 diximus.
628 1001 695 1056 Date
705 1001 797 1072 itaque
809 1001 926 1057 Domino
981 1000 1106 1056 tinebitis
1120 1001 1151 1056 ia
1165 1001 1268 1057 tumen.
1285 1004 1385 1057 Potest
1399 1000 1518 1072 quidem
1535 1001 1628 1073 aptari
1644 1001 1712 1063 baio
1727 1002 1807 1075 quod

98 1088 150 1144 Deo
170 1091 261 1143 vestm
284 1087 405 1156 pterim
419 1088 488 1160 (ter.
505 1103 566 1157 ιιιιι,
584 1089 639 1160 te).
657 1090 806 1154 Quomodo
821 1090 927 1146 damus
980 1087 1116 1145 dicitur:
1144 1091 1207 1145 oue
1226 1089 1347 1160 pieriam
1370 1091 1486 1152 Domino
1510 1091 1564 1147 Deo
1580 1093 1672 1147 nostro
1695 1090 1805 1163 (ierem.

100 1174 222 1232 Domino
237 1174 295 1231 Deo
311 1179 411 1232 nostro
421 1175 569 1249 gloriam?
584 1193 641 1231 non
655 1177 751 1233 verbis
764 1182 793 1234 et
806 1177 927 1235 vocibus
980 1194 1041 1248 aru,
1060 1177 1114 1249 16),
1131 1177 1185 1234 hoc
1211 1179 1288 1250 quod
1305 1179 1391 1234 modo
1419 1178 1508 1235 iulert
1524 1195 1531 1234 :
1547 1181 1580 1235 Et
1592 1179 1763 1238 sustinebitis
1777 1181 1808 1241 ia

97 1268 215 1321 tantum
239 1261 447 1336 glorificandus
469 1267 514 1319 est
539 1264 678 1320 Dominus
693 1283 699 1320 :
717 1265 848 1337 glorifico
870 1266 926 1337 [lt.
980 1267 1082 1324 lumea.
1098 1265 1127 1320 Si
1142 1265 1279 1322 dederitis
1294 1265 1417 1324 Domino
1431 1266 1489 1324 Deo
1501 1267 1742 1342 vestrogloriam,
1753 1284 1806 1325 an·

98 1351 228 1409 clarifica
241 1351 286 1406 bie
299 1353 326 1406 et
341 1351 428 1424 iutra]
439 1366 507 1407 eum
521 1350 550 1406 io
564 1352 706 1419 castitate,
720 1358 748 1409 et
758 1354 771 1425 j
776 1353 886 1421 ustitia,
897 1357 927 1410 et
979 1357 1100 1427 tequam
1115 1355 1363 1423 contenebrescat,
1379 1359 1408 1412 et
1422 1350 1582 1428 antequam
1597 1357 1745 1421 offendant
1760 1371 1809 1433 pe-

97 1439 291 1498 beneficentia
302 1456 309 1494 :
321 1438 453 1511 glorifica
467 1456 534 1496 eum
545 1439 574 1495 in
591 1440 926 1513 tortitudioepatientin,
980 1442 1031 1500 des
1045 1442 1134 1499 rostri
1149 1459 1238 1517 super
1252 1448 1367 1500 montes
1382 1444 1562 1511 tenebrosos,
1575 1443 1654 1500 haud
1669 1443 1806 1514 dubium,

96 1529 216 1604 pietate,
232 1528 388 1600 sapientia,
403 1528 577 1601 caterisque
587 1528 753 1585 virtutibus.
767 1529 804 1601 (a)
815 1531 863 1586 Sic
879 1547 927 1586 au·
980 1530 1049 1611 quin
1066 1530 1180 1587 etiamsi
1196 1532 1444 1599 contenebrescat,
1460 1535 1488 1588 et
1507 1530 1678 1589 sustineatis
1692 1530 1805 1603 lumen,

95 1622 155 1675 tem
171 1622 218 1674 est
240 1616 452 1691 glorificandus
466 1617 557 1686 Deus,
572 1617 597 1673 si
622 1617 767 1674 contraria
790 1618 925 1686 intulero,
979 1636 1031 1676 vos
1044 1619 1195 1692 suscipiat.
1209 1618 1292 1676 Alius
1316 1635 1383 1676 vero
1399 1619 1487 1688 dicat,
1502 1619 1600 1677 neseio
1615 1623 1715 1677 utrum
1730 1622 1807 1678 recta

97 1705 166 1782 uolo
181 1721 229 1762 me
244 1703 428 1762 arbitremini
444 1704 658 1778 blasphemare.
676 1706 802 1763 Exhibeo
818 1706 927 1780 quippe
981 1724 1018 1763 an
1034 1724 1197 1781 perperam,
1207 1707 1277 1781 quia
1289 1708 1355 1764 ethi
1366 1708 1416 1780 qui
1429 1709 1582 1765 offendunt
1594 1711 1808 1783 supermontes

95 1795 279 1865 Scriptorum
292 1810 399 1850 sensus
410 1792 467 1850 mei
478 1795 744 1867 testem,quomodo
755 1800 855 1853 castus
866 1795 927 1869 glo·
981 1797 1162 1864 tenebrosos,
1179 1800 1346 1869 exspectant
1360 1795 1519 1869 aliquando
1539 1795 1745 1854 misericordias
1760 1794 1807 1855 lu·

95 1884 199 1955 rilieet,
215 1882 386 1939 luxuriosus
409 1882 564 1940 inhonoret
579 1883 671 1939 Deum
686 1883 726 1956 (i)
743 1901 749 1940 :
768 1883 923 1958 Templum
981 1900 1058 1940 meu.
1076 1884 1134 1940 ‘loc
1144 1883 1222 1940 enim
1232 1884 1349 1941 videtur
1359 1885 1512 1941 ostendere
1526 1900 1533 1940 :
1548 1885 1581 1940 lit
1595 1885 1806 1943 sauiaebitisia

94 1973 173 2030 enim
189 1972 266 2044 ejus,
283 1971 368 2044 qussi
391 1971 671 2038 Nabuchodonosor,
687 1971 813 2029 destruit
836 1977 924 2046 atque
979 1973 1082 2028 taurea
1091 1971 1121 2029 Si
1138 1976 1236 2028 autem
1244 1973 1311 2045 quis
1327 1973 1438 2029 venerit
1448 1973 1484 2029 ad
1496 1977 1611 2031 montes
1625 1974 1807 2042 tenebrosos,

94 2059 270 2132 corrumpit,
286 2062 314 2116 et
328 2059 491 2115 secuudum
505 2058 678 2133 Apostolum
689 2075 741 2133 per
752 2062 923 2134 praevarica-
977 2060 1043 2116 vide
1059 2059 1129 2132 quid
1145 2060 1185 2116 ibi
1209 2061 1347 2118 inveniat.
1364 2061 1415 2117 list
1429 2058 1489 2117 illie
1512 2061 1618 2119 umbre
1632 2059 1747 2130 mortis,
1762 2059 1805 2121 ibi

96 2147 207 2207 donem
222 2146 306 2222 legis,
322 2147 414 2204 Deum
437 2147 593 2204 inhonorat
608 2149 694 2220 (Rom.
711 2166 742 2216 ιι,
759 2149 815 2223 23).
833 2149 925 2223 Igitur
978 2148 1126 2205 tenebrosi
1136 2148 1313 2217 montes,ibi
1329 2150 1435 2206 umbra
1446 2149 1550 2206 mortis
1565 2166 1600 2206 ex
1614 2149 1688 2222 ipsis
1698 2147 1807 2209 monti·

99 2237 241 2312 glorificat
254 2236 347 2293 Deum
356 2236 470 2308 justus,
488 2235 673 2293 contumeliis
686 2237 775 2293 afficit
789 2237 924 2310 quicum·
979 2236 1034 2292 bus
1050 2241 1209 2308 procreata.
1225 2238 1257 2292 lu
1278 2246 1416 2310 ponentur
1429 2240 1460 2294 io
1479 2239 1613 2295 tenebras.
1628 2241 1662 2295 Et
1686 2240 1744 2296 uisi
1756 2254 1808 2295 au-

103 2343 159 2401 qae
174 2329 306 2397 nodosior
320 2328 375 2381 est.
386 2328 460 2381 Nam
478 2327 507 2381 et
522 2323 594 2380 illud
612 2325 823 2399 quodquidam
839 2325 924 2382 dubi·
978 2324 1085 2382 dicretis
1099 2326 1209 2397 occulte,
1224 2326 1359 2399 ploriabit
1372 2328 1471 2382 anima
1484 2330 1575 2383 vestro
1589 2344 1607 2381 o
1620 2327 1693 2397 facie
1706 2330 1803 2385 eoatu

100 2417 211 2487 tant,an
225 2411 742 2487 sitprovidentiaDei,nullamatiam
754 2413 790 2470 ob
805 2429 925 2470 causam
979 2415 1068 2469 meliaa
1082 2414 1146 2484 (ter.
1160 2430 1225 2488 ιιιιι,
1242 2414 1296 2487 17).
1323 2415 1361 2470 De
1382 2413 1428 2470 his
1455 2413 1506 2487 qui
1529 2413 1665 2483 audiunt,
1681 2414 1803 2487 quidam

98 2503 154 2560 nisi
169 2503 207 2559 ob
216 2501 288 2559 vitia
302 2500 443 2557 nascitur.
455 2500 545 2557 Aufer
559 2518 604 2570 ea,
616 2500 765 2558 abstulisti
776 2502 887 2574 pariter
896 2503 926 2559 st
979 2501 1090 2558 occulte
1101 2501 1226 2558 audiunt
1238 2518 1244 2556 ε
1258 2502 1377 2574 quidam
1389 2517 1532 2558 varocum
1541 2501 1676 2574 audiunt,
1689 2519 1747 2559 nou
1759 2519 1807 2565 oo·

100 2589 924 2664 causasprovidentiaedestrueudaesursumacdeorsum.
979 2589 1056 2646 culte
1083 2589 1216 2647 audiunt.
1242 2589 1315 2659 Quid
1340 2594 1384 2647 est
1409 2591 1507 2663 itaque
1536 2589 1648 2647 occulte
1671 2589 1808 2648 audire?

101 2680 153 2748 Qui
170 2680 329 2737 adversum
344 2677 558 2750 providentiam
571 2679 733 2752 disputant,
744 2679 924 2736 hecdicuui.
980 2695 1085 2752 nempe
1099 2677 1175 2734 illud
1190 2695 1196 2733 :
1213 2679 1266 2736 Sed
1285 2680 1423 2751 loquimur
1435 2681 1603 2751 sapientiam
1613 2680 1666 2736 Dei
1680 2681 1710 2736 ia
1730 2695 1808 2751 mys·

100 2769 194 2834 Quare
205 2767 281 2824 tanti
289 2766 529 2839 adulteritquare
540 2766 743 2824 tantimolles‘i
752 2784 842 2840 quare
851 2765 927 2824 tanti
981 2770 1050 2824 terto
1065 2768 1243 2825 absconsam:
1258 2785 1342 2840 quom
1360 2770 1568 2841 praedestinavit
1588 2770 1659 2827 Deus
1671 2772 1736 2825 aute
1749 2783 1809 2828 ste·

100 2855 352 2930 sacrilegiiquare
362 2855 435 2911 tanti
447 2855 600 2929 irreligiosi
612 2856 928 2928 sentiatqueitaeou·
980 2856 1047 2913 cuia
1061 2856 1221 2928 ingloriam
1244 2861 1368 2913 uestram
1392 2856 1428 2928 (ΙΙ
1450 2856 1511 2914 Cor.
1528 2874 1560 2925 ιι,
1575 2857 1615 2929 7).
1633 2857 1667 2912 llt
1689 2872 1809 2915 rursum

99 2945 237 3002 tumelias
252 2944 283 2999 in
307 2942 531 3016 providentiam,
547 2946 575 2999 et
590 2944 718 3000 offensas
734 2943 763 2999 in
781 2949 882 3011 Deum,
898 2947 928 2998 et
981 2944 1050 3002 alibi
1064 2945 1181 3017 dicitnr,
1193 2945 1261 3018 quia
1275 2945 1358 3018 pluro
1368 2962 1480 3018 operum
1492 2947 1540 3002 Dei
1553 2954 1617 3003 suat
1627 2947 1658 3002 io
1671 2945 1811 3003 absumis

101 3032 320 3095 criminationes
330 3031 360 3088 iu
370 3034 536 3089 Creatorem
546 3036 712 3104 peccatores
722 3037 872 3104 generant.
886 3032 928 3088 llx
982 3034 1213 3107 (Eccl.xv1,22).
1230 3035 1257 3091 Si
1276 3032 1362 3090 audio
1379 3034 1486 3108 legem,
1503 3039 1555 3092 aut
1578 3033 1695 3092 occulte
1711 3032 1813 3103 audio,

102 3122 208 3197 quibus
222 3120 335 3195 liquido
344 3123 464 3193 apparet
476 3120 549 3176 alios
559 3121 628 3176 darc
641 3120 700 3178 Deo
715 3119 928 3194 gloriam,alios
983 3127 1034 3180 aut
1049 3139 1107 3179 uon
1121 3121 1244 3180 occulte.
1261 3122 1380 3179 iudaeus
1391 3123 1461 3196 quia
1472 3123 1577 3196 Legem
1593 3140 1650 3180 uon
1667 3123 1749 3180 audit
1760 3138 1810 3180 oc·

102 3209 452 3278 conviciumiaeere,dum
464 3208 774 3282 passionibusetvitiis
787 3209 927 3265 serviunt.
944 3197 965 3263 C
984 3211 1071 3282 culte,
1091 3208 1121 3266 in
1145 3210 1300 3267 manifesto
1326 3211 1559 3280 circumciditur,
1574 3211 1708 3269 nesciens
1731 3211 1813 3279 uu

102 3302 165 3358 Date
174 3300 298 3373 pieriam
306 3299 420 3354 Domino
435 3299 487 3354 Deo
499 3307 587 3354 uestro
597 3300 743 3370 autequam
752 3298 927 3365 tenebrescat,
990 3317 1057 3357 eum
1073 3299 1123 3372 qni
1139 3298 1169 3354 in
1184 3299 1339 3356 manifesto
1358 3299 1587 3367 circumciditur,
1602 3299 1738 3357 iudaeum
1753 3315 1813 3358 non

102 3394 127 3446 et
140 3397 289 3461 numquam
311 3387 457 3460 offendant
469 3387 550 3459 pedes
570 3389 656 3442 uestri
679 3389 710 3441 in
729 3391 927 3442 montesteae-
983 3405 1057 3456 esse,
1070 3404 1164 3460 neque
1180 3403 1245 3443 eum
1256 3404 1319 3460 qun
1331 3387 1361 3443 iu
1377 3387 1475 3460 palam
1486 3391 1531 3444 est
1542 3387 1571 3442 in
1588 3403 1674 3444 carne
1684 3387 1814 3445 circum·

104 3480 193 3538 husos
216 3479 283 3551 (ier.
298 3493 361 3543 xru,
389 3475 442 3548 16).
459 3479 534 3531 Sunt
558 3474 607 3530 alii
633 3479 747 3531 montes
771 3473 928 3542 tenebrosi,
983 3475 1134 3533 eisiouem.
1151 3475 1203 3541 Qui
1220 3474 1388 3531 auditorest
1401 3486 1500 3531 autem
1516 3473 1748 3531 circumcisionis
1763 3490 1811 3533 oo-

104 3567 150 3625 alii
176 3568 320 3623 lucentes.
342 3563 552 3620 Verumtamen
580 3563 650 3635 quia
674 3563 792 3635 utrique
815 3566 930 3621 montes
984 3563 1079 3635 cultra,
1092 3567 1120 3619 et
1135 3563 1165 3618 in
1180 3561 1293 3619 occulto
1304 3563 1530 3619 circumciditur.
1545 3562 1597 3627 Qui
1611 3561 1693 3619 audit
1704 3562 1815 3634 Legem

103 3656 178 3715 888
192 3656 264 3712 sunt
279 3653 388 3725 magni,
405 3655 519 3709 montes
534 3651 664 3708 lucentes
681 3657 752 3708 sunt
767 3650 862 3724 angeli
878 3651 941 3707 Dei
984 3651 1098 3709 occulte
1111 3652 1147 3707 de
1161 3649 1308 3723 mysteriis
1324 3650 1453 3718 Paschae,
1468 3667 1519 3707 ove
1534 3649 1662 3706 vescitur
1674 3649 1793 3715 Christo
1805 3667 1824 3718 ς.

104 3750 129 3803 et
151 3742 302 3820 prophetae
319 3759 326 3798 :
343 3741 437 3797 Moses
464 3739 593 3797 lamulus
619 3741 693 3812 ejus,
711 3740 834 3812 apostoli
859 3739 930 3798 iesu
986 3741 1089 3796 Pascha
1104 3738 1345 3812 quippenourem
1356 3739 1515 3796 imawlatus
1529 3741 1569 3795 est
1583 3737 1708 3794 Christus
1719 3737 1815 3810 (lCor.

105 3831 221 3900 Christi,
239 3831 275 3886 de
298 3828 406 3902 quibus
430 3827 555 3885 arbitror
571 3828 629 3884 dici
645 3844 652 3884 ε
668 3828 859 3886 Fundamenta
872 3828 932 3901 ejus
985 3846 1012 3897 v,
1027 3829 1077 3899 7);
1094 3827 1190 3885 sciens
1216 3842 1333 3882 carnem
1358 3826 1445 3883 Verbi
1462 3826 1510 3883 Dei
1524 3842 1590 3883 vere
1616 3826 1716 3884 eibum
1739 3841 1815 3900 esse,

108 3922 135 3976 ia
154 3919 292 3979 meatibus
317 3920 418 3975 sanetis
441 3918 684 3990 (Ps.uxxxv1‚l).
711 3917 824 3973 Montes
847 3923 930 3973 tene·
985 3916 1114 3974 vescitur
1129 3933 1172 3972 ea.
1191 3914 1309 3972 Occulta
1332 3915 1441 3988 qnippe
1456 3916 1492 3972 de
1515 3915 1628 3972 Pascha
1643 3915 1765 3972 audivit.
1780 3917 1819 3973 ut

107 4007 183 4067 brusi
199 4012 270 4067 sunt
285 4007 335 4080 qui
360 4007 515 4080 eriguntur
538 4007 679 4063 adversus
702 4005 855 4063 seientiam
879 4004 932 4062 Dei
985 4023 1052 4062 vero
1075 4003 1254 4061 miserabilis
1277 4004 1396 4061 iudeus
1410 4003 1520 4062 ideirco
1540 4004 1698 4062 Dominum
1713 4005 1817 4063 lesum

106 4099 139 4171 (ll
155 4098 218 4155 Cor.
236 4114 265 4165 x,
283 4097 323 4169 5).
338 4095 465 4152 Zabulus
481 4111 565 4152 mons
589 4096 762 4152 tenebrosus
778 4098 832 4151 est.
848 4094 932 4151 Prin·
987 4092 1143 4160 interiecit,
1155 4097 1285 4165 eiusque
1295 4092 1325 4148 iu
1335 4097 1509 4165 {tressortem
1521 4093 1600 4150 diem
1612 4110 1680 4150 reus
1690 4097 1820 4153 estmor-

106 4187 184 4260 cipcs
199 4185 298 4243 saculi
314 4184 407 4254 hujus
416 4183 466 4256 qui
477 4184 678 4251 destruuntur,
691 4187 805 4240 montes
815 4186 935 4240 sunite-
987 4185 1025 4240 tis
1040 4185 1114 4256 ejus,
1127 4182 1267 4255 quianon
1282 4181 1393 4239 audivit
1403 4181 1515 4240 occulte
1529 4183 1632 4256 Legem
1649 4187 1676 4238 et
1691 4183 1820 4256 prophe·

107 4274 234 4333 nebrosi.
250 4272 432 4330 Daemonium
445 4272 577 4340 lunatici,
590 4277 747 4329 mouserot
761 4277 789 4328 et
799 4272 933 4328 tenebre·
987 4275 1043 4328 tas.
1059 4271 1089 4326 Si
1106 4271 1224 4343 quando
1239 4269 1320 4344 leges
1335 4270 1371 4327 de
1386 4271 1497 4344 azymis
1508 4277 1591 4344 potes
1606 4269 1706 4326 audire
1722 4270 1820 4327 occul·

107 4381 156 4421 ens
174 4380 181 4419 :
199 4379 286 4421 mons
309 4369 372 4419 erat
398 4361 435 4417 de
458 4377 515 4433 quo
543 4359 674 4417 Salvator
688 4361 751 4416 ait:
776 4360 806 4417 Si
825 4362 934 4417 diceris
988 4365 1026 4430 te,
1042 4365 1126 4432 potes
1149 4359 1252 4415 andire
1276 4359 1441 4416 manifeste.
1467 4358 1650 4430 Quicumque
1675 4357 1710 4414 de
1736 4356 1821 4415 vobis

106 4454 195 4512 monti
209 4451 368 4524 lruieiltat.
384 4468 456 4520 xvu,
473 4449 516 4523 19)
531 4467 537 4505 :
556 4449 592 4505 de
607 4449 736 4506 lunatico
752 4449 860 4523 quippe
874 4450 933 4506 dae·
988 4449 1088 4522 (prope
1114 4448 1224 4522 quippe
1246 4452 1289 4503 est
1314 4447 1436 4518 Pascha)
1452 4463 1554 4520 azyma
1576 4444 1775 4513 celebraverit,
1790 4443 1823 4507 id

108 4540 206 4599 monio
223 4540 278 4597 sibi
295 4539 414 4613 questio
430 4539 574 4594 inciderat
590 4563 597 4605 ;
614 4543 643 4595 ct
666 4538 833 4594 dicentibus
848 4537 935 4594 disci·
953 4563 977 4627 D
992 4541 1152 4610 est,azpma
1166 4536 1268 4610 hacto)
1278 4535 1512 4609 corporaliumne
1523 4534 1634 4590 audivit
1648 4532 1823 4589 mandatum

110 4631 187 4703 pulis
205 4646 212 4686 :
228 4630 288 4687 Noa
299 4631 441 4703 potuimus
467 4627 565 4700 ejicere
580 4626 660 4693 iilud,
677 4628 829 4701 respondit
842 4626 939 4684 Salva·
994 4624 1095 4681 dicens
1112 4643 1118 4680 :
1135 4625 1196 4681 Nisi
1208 4623 1354 4680 auduritis
1364 4623 1603 4696 occaluptoroiit
1616 4621 1819 4679 animavestra.

108 4724 152 4779 tor
168 4737 176 4777 ι
193 4720 226 4779 si
250 4719 402 4776 habueratis
426 4717 509 4789 fidem
524 4725 555 4772 ut
577 4732 695 4788 prauum
716 4717 830 4788 sinapis,
846 4716 941 4774 dicetc's
995 4714 1078 4770 [lide
1098 4713 1218 4770 sabbato
1234 4713 1369 4786 quadam
1395 4710 1570 4769 mulierculae
1594 4726 1652 4765 nou
1669 4708 1823 4767 audientes

140 4863 246 4937 (aJPre
270 4858 942 4932 oneudamsiconjunotionsmsuspicaturllue-
996 4856 1157 4921 inhonorat,
1171 4870 1240 4911 oum
1267 4859 1353 4911 autea
1374 4857 1461 4923 esset,
1475 4854 1676 4925 prevaricator
1698 4859 1725 4906 et
1738 4850 1826 4908 Deum

109 4935 177 5004 tius,
194 4938 228 4990 ut
243 4879 304 4989 iac
317 4931 506 5003 subsequenti
521 4933 660 5003 'ungatur
675 4930 942 5002 contentionemque
996 4925 1153 4982 irehonorat.
1171 4926 1279 4981 Praesto
1303 4930 1400 5007 autern
1417 4924 1497 4980 luere
1521 4925 1587 4995 post
1602 4923 1673 4978 ltab.
1691 4923 1825 5006 testimo·-

110 5003 264 5063 aeremia
291 5005 419 5060 Graeco:
455 5000 477 5056 et
502 4947 531 5055 ii
558 5004 642 5054 ταῦτα
673 4999 760 5061 οὕτως
797 4994 867 5076 iper,
896 5001 941 5055 act
996 4998 1079 5054 nium
1096 5013 1167 5052 mss.
1180 5012 1296 5068 quoque
1313 4997 1404 5068 Regu,
1418 5011 1492 5077 quos
1506 4993 1608 5049 laudat
1623 4993 1826 5066 lluetrus,qor·

111 5070 529 5146 οὕτωδαξάζειτιςτὸνθεὸν,ἐὰν
542 5063 834 5139 st'rrurciiraortc,ete'.
847 5072 941 5128 liuba·
997 5085 1053 5142 que
1069 5069 1098 5123 in
1115 5084 1148 5124 eo
1162 5072 1278 5123 tautum
1295 5068 1434 5122 altabaur
1448 5064 1572 5122 lectione
1589 5064 1827 5149 abludunt,quod

111 5165 166 5205 uus
174 5151 255 5205 atem
263 5145 347 5204 aliter
354 5144 467 5214 dividit,
481 5143 622 5217 legitque:
634 5146 673 5199 sie
683 5151 774 5199 autem
783 5144 943 5215 clarifican-
996 5157 1096 5197 vocem
1112 5140 1179 5210 lepis
1192 5154 1249 5194 non
1266 5136 1503 5210 agnoscunt.Sed
1515 5153 1573 5209 pro
1584 5143 1698 5193 cantens
1707 5140 1827 5193 Graecus

111 5221 162 5276 aus
176 5222 218 5275 est
234 5221 314 5274 Deru.
332 5217 363 5273 Si
375 5218 519 5274 mutroria
534 5215 662 5281 intulero,
679 5215 742 5270 nolo
766 5230 808 5270 me
824 5216 942 5271 arbitre-
997 5211 1125 5269 concinit
1139 5214 1236 5266 textus
1253 5208 1318 5264 :riv
1330 5207 1382 5332 peip
1395 5207 1588 5261 intonuisset»
1600 5201 1825 5295 ὡςΝαὸουχοδο-

112 5293 186 5347 mt'at'
211 5289 377 5360 clarifimre,
403 5289 448 5345 sed
472 5287 669 5357 blasphemare.
697 5287 819 5343 Exhibeo
844 5289 945 5359 quippe
998 5279 1364 5374 adcopaacacaptpep,auip
1383 5271 1825 5355 είρει...καὶδιὰτῆςπαραὸασεως

1371 5350 1376 5369 l

111 5364 293 5506 Scripturam,
310 5365 366 5417 eto.
997 5357 1046 5409 τοῦ
1059 5352 1145 5425 cepoe
1159 5372 1207 5406 roo
1218 5359 1282 5407 Θεον
1295 5354 1419 5423 usipetes
1436 5366 1444 5419 ·‚
1461 5348 1533 5420 λέξις
1549 5349 1605 5405 ἐστί
1619 5349 1664 5405 καὶ
1676 5348 1742 5418 αὕτη
1756 5348 1824 5404 ἀπο·
1874 5362 1880 5377 “

156 5434 174 5516 lv
200 5432 405 5516 lixpunximus
430 5430 478 5487 hic
500 5445 599 5486 rocem
627 5433 684 5500 qai,
700 5443 771 5511 sane
796 5428 943 5484 contextui
998 5425 1126 5494 στολική.
1880 5485 1886 5497 ι

112 5521 143 5561 re
154 5519 226 5586 aquo
246 5502 476 5569 incommodam,
492 5505 644 5571 totamque
666 5499 818 5573 periodum
834 5500 870 5554 ad
888 5500 944 5555 lla-
1034 5498 1068 5569 (c)
1084 5497 1226 5568 horrupte
1237 5498 1323 5551 antea
1334 5492 1716 5568 legebaturcorpora.ilrae.
1728 5510 1824 5566 cupu-

113 5577 225 5634 banrce
239 5572 373 5633 lectionis
387 5572 537 5648 exegimus
548 5588 695 5656 normam,
707 5576 794 5643 atque
805 5570 846 5655 ibi
861 5587 943 5626 cum·
997 5569 1070 5626 τικά.

113 5644 285 5722 ριίιιιὶι,ιι1ι1
295 5644 423 5722 legimns
433 5663 441 5705 ι
451 5661 503 5720 per
510 5645 771 5720 peramarum·
783 5642 851 5714 lenas
861 5643 946 5702 Dum
