3818 6104
103 244 162 310 lbi
720 253 751 311 S.
775 241 929 313 adsueti
951 242 1183 313 HIERONYMl.
1744 246 1804 310 108

102 374 279 451 Babyloniis,
292 379 335 438 vel
346 384 446 437 nostra
460 378 579 446 duritia,
589 381 802 453 perdiderimus
812 399 922 439 sermn-
937 386 964 450 A
980 384 1057 455 qnod
1066 400 1120 438 nos
1130 383 1436 453 ombipuumdiximus,
1448 386 1480 438 ut
1491 375 1666 453 decipientia
1676 380 1803 438 audien-

101 482 169 522 nem
184 466 245 534 Dei,
253 484 404 542 aquasque
416 485 474 525 non
489 470 686 527 meruerimus
696 470 803 526 habere
815 471 920 528 utiles:
977 477 1021 527 tes
1036 488 1106 527 suos
1121 472 1331 543 prophatarum
1344 472 1433 527 verba
1452 487 1619 527 noscamus.
1636 471 1687 526 Est
1701 474 1802 526 autem

99 557 171 610 tunc
181 554 318 613 indolere
330 559 358 611 et
365 555 496 628 penuria,
504 560 638 613 nostrum
649 574 801 615 sumemus
812 559 922 627 cibum,
977 576 1082 616 sensus
1093 559 1188 615 omnis
1199 558 1319 632 capituli
1327 559 1387 615 hic:
1400 560 1495 632 Supra
1503 558 1725 632 prophetaverat
1734 576 1805 616 con-

99 642 921 716 ettemaperdetmultitudinsmcredentium‚etcivitates,
975 652 1021 704 tra
1035 647 1197 721 prinoipem
1209 650 1259 721 qui
1274 653 1337 704 erat
1347 648 1377 703 in
1388 647 1562 716 Jerusalem,
1577 648 1682 704 deinde
1692 645 1802 720 populo

98 744 163 801 qua
178 731 208 786 in
223 735 283 787 toto
293 731 362 788 orbe
376 732 582 806 intelliguntur
594 735 921 806 ltcclesiae,desolahun-
976 736 1119 793 lamemet
1134 738 1268 793 ardorem
1280 736 1343 794 sitis
1359 736 1544 792 nuntiaverat
1557 740 1801 794 esseventurum.

97 821 156 885 tur,
172 822 201 874 st
214 824 292 875 terra
306 821 421 878 deserta
434 823 499 891 erit,
517 828 549 880 ut
563 841 665 881 omnes
680 825 775 881 sciant
789 825 859 897 quia
878 825 920 881 nl·
975 825 1056 889 Quod
1073 826 1228 882 multitudo
1245 843 1301 882 non
1318 826 1449 893 credens,
1465 830 1548 881 votus
1564 827 1734 882 assumebat
1745 825 1804 881 tri-

98 906 181 963 iensa
195 907 234 964 sit
247 908 374 968 Domini.
385 911 467 975 Quod
482 914 602 983 quidem
617 918 645 970 et
659 914 689 970 in
709 914 921 987 persecutionis
975 917 1097 985 tumque
1118 914 1303 987 proverbium
1320 933 1326 969 ε
1344 916 1374 969 ln
1390 914 1512 988 longum
1537 918 1653 987 tempus
1668 914 1803 971 differtur

97 999 230 1070 tempora
244 997 407 1071 intelligere
422 1016 591 1073 possumus.
974 1002 1162 1058 comminatio
1178 1002 1398 1074 prophetarum,
1417 1007 1446 1058 et
1460 1002 1557 1058 omnis
1580 1003 1652 1059 visio
1677 1003 1798 1075 peribit,

134 1084 229 1157 (Vera.
244 1087 277 1142 21
294 1088 389 1160 seqq.)
404 1090 436 1145 Et
448 1089 537 1160 [amm
552 1093 591 1146 est
600 1107 689 1148 senno
697 1093 808 1148 Domini
822 1092 858 1147 od
867 1108 919 1158 me,
975 1091 1045 1146 dum
1061 1090 1171 1147 frustra
1184 1090 1313 1146 cernitur
1329 1108 1335 1145 :
1353 1090 1396 1146 vel
1407 1092 1495 1162 juxte
1508 1091 1718 1163 Symmachum
1741 1087 1801 1145 δια-

98 1172 190 1231 dicens
204 1193 214 1231 :
228 1176 287 1234 Fili
300 1178 430 1246 bominis,
448 1179 518 1251 quod
529 1188 569 1235 est
577 1180 750 1251 prouerbium
764 1180 836 1236 istud
846 1181 921 1237 vobis
973 1177 1092 1247 πνεύσει,
1105 1180 1133 1234 id
1147 1181 1234 1249 estin
1244 1184 1354 1235 uentum
1363 1184 1391 1234 et
1405 1197 1504 1235 auram
1510 1188 1617 1235 tenuem
1627 1179 1802 1236 dissolvetur.

97 1264 129 1321 in
143 1272 218 1321 terra
231 1265 499 1323 Israeldicentium:
514 1271 547 1323 ln
559 1268 919 1341 lanqumdilierenturdiea
976 1271 1025 1325 Dic
1040 1285 1118 1341 ergo,
1135 1269 1241 1340 lnquit,
1258 1268 1310 1336 eis,
1326 1268 1403 1340 quod
1423 1285 1610 1341 nequaquam
1634 1284 1701 1325 msa
1715 1285 1801 1325 com-

57 1374 61 1383 *
100 1356 126 1407 et
130 1353 234 1424 peribit
243 1357 333 1410 omnis
347 1357 418 1411 cisio
428 1359 441 1408 l
451 1355 511 1412 ideo
526 1356 570 1412 die
584 1357 619 1413 od
633 1373 698 1415 eoa:
714 1359 777 1414 llaec
787 1358 855 1412 dicit
869 1359 917 1413 Do·
974 1358 1096 1414 minatio
1119 1359 1281 1425 dillsratur,
1303 1373 1356 1412 uec
1381 1358 1479 1413 divina
1503 1357 1578 1413 salsa
1603 1362 1691 1430 atque
1705 1358 1803 1413 ambi-

98 1443 193 1498 minus
207 1445 300 1499 Deus:
317 1444 752 1518 Quieseeresociomprouerbium
767 1447 861 1503 istud:
875 1463 920 1502 ne·
974 1463 1032 1519 gua
1047 1447 1210 1519 proteratur
1225 1447 1254 1501 in
1272 1445 1394 1519 populos
1406 1462 1471 1518 quae
1487 1448 1574 1502 linem
1589 1446 1694 1502 habeat
1708 1446 1804 1502 incer-

98 1544 151 1602 qua
163 1532 243 1602 vulpe
256 1533 364 1588 dicetur
377 1534 453 1589 ultro
471 1536 502 1590 in
515 1536 609 1590 lsrael.
627 1537 703 1593 tuo
719 1538 750 1593 Et
764 1538 872 1607 toquere
885 1535 921 1591 ad
975 1540 1049 1600 tum,
1066 1540 1098 1591 ut
1117 1536 1172 1592 alio
1188 1536 1303 1591 dicatur
1318 1539 1459 1607 tempore,
1477 1535 1533 1591 alio
1549 1534 1730 1607 impleatur:
1749 1535 1802 1592 sed

97 1635 151 1688 eos,
159 1619 230 1691 quod
239 1623 520 1694 appropinquaverint
534 1624 624 1680 dieset
639 1641 726 1681 sermo
740 1628 829 1681 omnia
837 1627 919 1680 uisio-
975 1641 1063 1692 nunc,
1079 1625 1190 1680 vivente
1204 1629 1243 1692 te,
1259 1625 1308 1696 qni
1325 1623 1466 1697 loqueris,
1482 1629 1511 1680 et
1530 1624 1577 1679 his
1593 1624 1643 1696 qui
1665 1621 1802 1691 audiunt,

95 1709 151 1764 nib.
167 1708 226 1764 Non
239 1711 314 1765 enim
323 1712 378 1766 erit
392 1712 565 1768 ultraomnis
576 1715 644 1769 uitio
656 1730 833 1785 consumoque
847 1714 919 1769 diui·
974 1714 1093 1770 verbum
1114 1714 1191 1785 quod
1206 1712 1321 1769 locutus
1346 1730 1423 1783 sum,
1439 1712 1629 1784 compleatur.
1647 1710 1802 1785 Significat

94 1798 171 1853 natio
186 1799 314 1868 ambipua
329 1801 360 1854 in
371 1800 460 1856 medio
475 1801 597 1871 filiorum
613 1804 708 1859 lsrael.
721 1805 791 1871 Quia
806 1820 853 1874 epo
868 1805 919 1857 lio-
975 1806 1072 1858 autem
1088 1802 1213 1858 vicinam
1224 1801 1420 1874 captivitatem
1434 1801 1699 1870 urbisierusalsm,
1713 1805 1741 1858 et
1751 1799 1802 1857 se·

95 1886 189 1941 minus
205 1884 312 1959 loquer,
330 1888 515 1961 quodcumque
536 1891 643 1947 loeutus
661 1896 739 1963 tuero
755 1892 878 1960 uerbum,
894 1896 921 1947 et
975 1891 1087 1948 deciam
1104 1907 1171 1946 cum
1191 1891 1297 1963 populo
1311 1890 1388 1946 iuda
1399 1891 1584 1962 jamjamque
1610 1889 1800 1962 capiendum.

95 1974 153 2045 fiet.
169 1976 573 2051 Nonprolonqcbituramptius
584 1997 594 2041 ,·
609 1981 692 2037 sedin
705 1980 800 2036 diebus
813 1984 918 2051 uestris,
975 1980 1037 2035 Non
1053 1980 1148 2036 solum
1174 1984 1271 2035 autem
1296 1978 1345 2035 illo
1370 1983 1511 2051 tempore,
1528 1979 1578 2034 sed
1594 1994 1689 2050 usque
1712 1977 1803 2033 hodie

96 2062 192 2119 domm
206 2079 383 2136 exasperans,
395 2066 492 2139 loquar
502 2070 656 2139 autumet
670 2071 775 2140 socium
788 2070 867 2137 iilud,
878 2071 919 2125 di·
974 2068 1269 2140 vulgusinoredulum
1281 2071 1310 2122 et
1319 2069 1393 2123 dura
1403 2068 1491 2123 corda
1502 2066 1670 2123 mortalium
1678 2066 1804 2139 prophe·

97 2153 136 2208 eit
150 2154 281 2210 Dominus
299 2155 422 2212 Deuade
434 2158 574 2229 [natusest
593 2174 681 2214 sermo
693 2160 807 2215 Domini
822 2159 918 2230 adme,
974 2157 1046 2212 tiam
1070 2156 1121 2213 Dei
1145 2172 1202 2211 non
1232 2156 1356 2228 recipit:
1375 2157 1425 2211 sed
1451 2155 1627 2227 omniaque
1652 2154 1802 2227 prophetas

97 2239 189 2298 arenis
203 2261 212 2296 ε
226 2243 282 2298 Fili
301 2244 431 2311 bominis,
445 2262 503 2303 ecce
524 2246 619 2303 domna
633 2246 722 2303 lsrael
746 2249 919 2305 direntium:
974 2246 1202 2311 comminantur,
1217 2262 1281 2317 quae
1297 2245 1436 2317 praedicat
1460 2243 1656 2317 Evangelium,
1672 2244 1702 2298 in
1718 2242 1802 2299 aliud

100 2330 395 2402 Vitioquambicuidet
404 2334 433 2388 in
445 2333 504 2391 dies
513 2336 622 2403 multos,
632 2345 658 2392 ct
670 2338 828 2409 intempore
839 2338 920 2408 lonpu
975 2340 1092 2407 tempus
1106 2335 1252 2391 estimant
1266 2334 1470 2390 differendum.
1483 2334 1674 2406 sciamusque
1686 2332 1734 2388 hic
1747 2350 1803 2405 pa·

97 2419 309 2492 intepropbetat.
321 2425 469 2495 Propterea
486 2425 575 2481 dicad
591 2441 653 2482 eos:
671 2428 734 2484 lieo
748 2426 815 2482 dicit
824 2428 920 2482 Domi·
973 2425 1106 2492 rubetam,
1116 2440 1179 2495 quae
1193 2441 1210 2479 a
1223 2423 1414 2495 Septuaginta
1429 2423 1557 2495 ponitur,
1569 2423 1661 2495 accipi
1678 2438 1731 2494 pra
1739 2438 1804 2494 pro-

95 2525 148 2565 nus
170 2510 241 2566 Deus
262 2528 273 2566 .·
293 2512 354 2567 Nou
375 2514 586 2584 protonqubitur
612 2517 686 2570 ultra
714 2517 804 2571 onznia
832 2532 919 2571 sermo
974 2514 1173 2584 verbio,juxta
1186 2512 1259 2568 illud
1276 2512 1353 2584 quod
1370 2512 1399 2567 in
1415 2510 1528 2583 psalmo
1544 2511 1739 2585 legimustct
1751 2511 1804 2581 sa·

56 2672 59 2682 .
94 2615 171 2657 meus
183 2617 195 2664 ;
209 2601 321 2657 uerbum
335 2602 405 2673 quod
419 2603 523 2659 locutus
536 2606 625 2675 fuero,
640 2604 840 2674 complebitur:
853 2603 920 2660 dicit
972 2609 1030 2658 ctus
1043 2618 1104 2657 sum
1122 2604 1163 2657 eia
1186 2603 1216 2656 in
1228 2600 1397 2673 parabolam
1411 2601 1498 2670 (Paul.
1516 2617 1613 2666 uxvrn,
1630 2600 1683 2668 12).
1710 2602 1746 2654 ut
1770 2599 1802 2653 in

96 2692 231 2748 Dominus
245 2692 325 2747 Deru.
336 2690 417 2754 Quod
430 2693 920 2764 nosfdiximusprouerbium,juxta
972 2690 1028 2746 hoc
1042 2691 1144 2746 eodem
1159 2690 1300 2762 propheta
1315 2707 1322 2745 :
1339 2689 1414 2760 Quid
1428 2697 1468 2745 est
1484 2690 1556 2745 uobis
1581 2688 1713 2761 parabola
1741 2689 1801 2744 ista

94 2778 317 2851 Symmachum,
342 2779 521 2850 omnesp'ssalii
546 2781 729 2852 interpretes,
756 2782 919 2852 parobolam
973 2780 1004 2833 in
1030 2779 1130 2850 populo
1158 2779 1252 2843 lsrael,
1282 2779 1432 2835 dicentium
1461 2797 1470 2832 :
1503 2779 1597 2834 Patres
1623 2776 1799 2833 comederunt

94 2855 914 2941 transtuleruntqueHebraiceappellaturMssaa(hurl2).
972 2885 1055 2924 uuam
1069 2868 1245 2933 mortemer
1264 2867 1354 2923 mutes
1368 2868 1489 2937 filiorum
1516 2867 1712 2938 obstupuerunt
1738 2866 1803 2936 (ln-

95 2958 225 3015 Rursum
237 2956 288 3014 ubi
298 2974 316 3013 a
326 2956 410 3013 nohis
419 2956 530 3013 editum
542 2963 605 3013 est:
621 2958 771 3029 Nequeerit
783 2958 919 3014 diuinatio
972 2962 1017 3029 tra
1031 2974 1110 3024 xvur,
1126 2957 1177 3024 tlt
1192 2956 1346 3012 Manifesta
1355 2956 1592 3030 perstringimus,
1604 2960 1636 3012 nt
1649 2957 1680 3010 in
1692 2956 1805 3011 obscu-

95 3045 622 3118 nmbipuc,vertereSeptuaginta,nee
633 3046 918 3119 divinansjuetapra-
973 3046 1100 3102 rioribus
1117 3045 1321 3102 immoremur.

96 3137 189 3193 tium:
205 3151 330 3209 proquo
350 3150 463 3201 omnes,
480 3135 619 3191 lubricum
643 3135 825 3208 interpretati
840 3139 920 3205 sunt,
938 3120 959 3187 C

664 3419 873 3514 LIBER
920 3416 1243 3529 QUARTUS.

140 3714 311 3776 nnn-¹22
332 3713 455 3783 Vellem,
471 3709 495 3770 si
520 3707 582 3767 llari
597 3711 707 3782 posset,
722 3706 927 3775 Eustochium,¹
1015 3703 1095 3777 (Cap.
1111 3701 1183 3759 xltt.
1200 3733 1235 3743 -
1248 3702 1329 3758 Vers.
1347 3704 1372 3770 1,
1388 3703 1428 3775 2.)
1440 3703 1474 3758 Et
1488 3705 1575 3774 suetus
1589 3709 1627 3758 est
1649 3717 1739 3759 sermo
1756 3704 1808 3759 uo-

104 3806 323 3882 sxplanationas
347 3803 376 3859 in
401 3800 580 3859 Ezechielem
604 3815 668 3876 per¹
679 3794 812 3870 singulos
836 3795 926 3852 libros
979 3795 1051 3850 mini
1065 3793 1168 3858 adme,
1184 3791 1276 3847 dicens
1290 3811 1301 3845 .·
1315 3792 1369 3847 Fili
1383 3793 1512 3862 bominis,
1528 3793 1680 3847 vaticinare
1696 3791 1731 3846 od
1739 3807 1808 3864 pro-

105 3895 232 3971 propriis
252 3899 348 3951 texere
373 3890 543 3965 prophetiis,
569 3893 597 3943 et
621 3887 698 3960 quod
722 3885 927 3941 vaticinatione
979 3884 1075 3956 phetas
1089 3882 1175 3939 lsrael
1190 3883 1238 3953 qui
1258 3881 1561 3953 propinquantium
1581 3880 1808 3952 prophetantibus

48 3997 52 4002 '
105 3986 296 4058 conjunctum
311 3985 366 4053 est,
377 3994 564 4052 nequaquam
583 3976 762 4048 expositione
775 3974 925 4029 dividere:
981 3972 1217 4029 decantetur:
1241 3970 1338 4026 Audite
1363 3968 1811 4026 uerbumllomini:liaeedieit

105 4079 138 4132 ut
152 4074 264 4132 lacilior
274 4066 610 4129 essetcursusdictautis
626 4065 735 4137 pariter
749 4062 926 4135 etlegentis;
982 4063 1115 4117 Dominus
1129 4062 1209 4116 Deus.
1225 4059 1284 4115 Hoc
1312 4059 1389 4130 quod
1404 4075 1457 4115 nos
1482 4058 1636 4131 posuimus
1653 4075 1659 4112 :
1677 4059 1731 4126 Qui
1744 4073 1810 4130 pro-

103 4163 286 4238 longumque
295 4152 768 4226 etimmcnsuminterpretationis
780 4151 834 4207 iter
843 4151 929 4206 certis
980 4150 1104 4222 phetont,
1121 4153 1147 4203 et
1169 4149 1241 4204 dices
1263 4149 1489 4220 prophetantibus
1504 4148 1545 4204 vdc
1559 4146 1637 4203 eorde
1659 4161 1717 4211 suo,
1733 4147 1812 4202 omi·

106 4251 209 4327 spatiis
220 4265 366 4323 separare,
378 4250 411 4303 ut
430 4245 514 4319 quasi
533 4242 626 4299 titulis
637 4247 666 4298 at
679 4240 835 4308 indicibus,
846 4244 883 4306 et,
898 4243 930 4295 ut
984 4255 1046 4296 scre
1062 4237 1140 4309 LXX,
1157 4241 1186 4293 et
1200 4254 1251 4310 pro
1266 4254 1299 4293 oo
1317 4238 1394 4310 quod
1411 4254 1469 4293 non
1491 4237 1616 4293 habetur
1631 4237 1660 4292 in
1677 4235 1807 4303 hebreo,

106 4340 243 4415 proprius
259 4338 372 4411 loquar,
389 4333 572 4409 argumentis
582 4330 766 4387 ostenderem
776 4328 846 4401 quid
863 4327 929 4383 libri
984 4328 1211 4397 adulterante
1234 4327 1417 4399 prophetabis,
1430 4335 1456 4382 et
1477 4326 1549 4382 dices
1564 4325 1599 4381 ud
1613 4340 1667 4381 eos.
1684 4324 1736 4380 Est
1760 4340 1815 4380 au·

106 4427 216 4502 singuli
241 4426 433 4483 continerent.
461 4424 514 4479 Sed
543 4420 613 4493 quid
641 4418 755 4486 luciam,
776 4434 843 4473 cum
868 4417 930 4472 alia
984 4422 1044 4474 tem
1061 4433 1156 4497 sermo
1172 4422 1273 4471 contra
1287 4415 1548 4489 pseudoprohetes,
1561 4414 1610 4486 qui
1627 4411 1815 4485 decipiebant

46 4576 50 4579 .
108 4514 383 4592 prophetia'hreves
398 4512 467 4579 sint,
484 4510 545 4567 alia
561 4509 653 4581 longa
670 4526 676 4563 :
694 4510 727 4563 ut
742 4523 818 4574 sape
830 4521 930 4561 ncces·
945 4479 969 4544 D
985 4506 1137 4581 populum,
1155 4509 1192 4572 et,
1210 4509 1310 4560 contra
1324 4505 1375 4561 Dei
1391 4504 1541 4570 mandata,
1557 4502 1638 4558 aliud
1655 4501 1815 4574 propheta·

65 4595 69 4598 ⁸
106 4609 192 4665 sitate
207 4620 347 4679 cogamur
360 4606 388 4658 et
399 4600 497 4675 plures
510 4600 641 4655 inunum
653 4596 928 4661 librumooorctare,
984 4593 1315 4666 bautNecquempiam
1327 4589 1814 4665 moveatquodprophetaeappel-

107 4702 136 4755 et
150 4713 240 4754 unam
256 4694 286 4750 in
302 4691 411 4749 multos
434 4688 581 4745 dividere?
595 4687 676 4743 Unde
691 4690 719 4742 ot
734 4701 812 4741 nnnc
828 4687 930 4740 contra
985 4685 1084 4740 lonlur
1100 4700 1106 4737 :
1124 4684 1199 4738 hano
1214 4683 1290 4738 enim
1306 4683 1394 4738 habet
1411 4689 1512 4738 sancta
1527 4682 1677 4752 Scriptura
1692 4695 1813 4736 consue-

106 4786 264 4861 prophetas
279 4787 307 4841 et
322 4779 501 4856 prophetias,
513 4778 549 4834 ad
566 4777 695 4833 seniores
706 4773 931 4847 quoquepopuli
985 4774 1128 4842 tudinem,
1145 4775 1178 4826 ut
1204 4788 1445 4843 unumquemque
1469 4767 1685 4826 vaticinationis
1709 4785 1770 4826 suas
1785 4771 1813 4824 et

107 4875 194 4932 lsrael
210 4876 284 4931 etad
295 4878 402 4931 terrem
415 4883 602 4943 superquam
615 4865 794 4922 inducuntur
806 4868 932 4938 quatuor
985 4861 1309 4933 sermonispropbetam
1326 4865 1475 4932 nuncupet
1491 4877 1498 4914 ε
1513 4859 1590 4916 sicut
1600 4857 1749 4931 prophetae
1762 4875 1809 4931 ap·

107 4963 199 5037 plaga
213 4964 358 5036 pessima,
374 4966 404 5019 et
417 4961 452 5017 dc
472 4959 552 5033 ligno
564 4956 643 5024 vitis,
660 4955 737 5028 quod
753 4971 820 5011 cum
843 4953 932 5009 luerit
986 4952 1132 5026 pellantur
1147 4949 1225 5019 Baal,
1244 4954 1272 5005 et
1287 4949 1432 5022 prophetae
1449 4949 1606 5018 idolorum,
1617 4952 1645 5002 et
1661 4947 1809 5020 propbeta

107 5051 268 5120 abscisum,
284 5051 386 5107 inutile
409 5054 454 5106 est
468 5049 544 5105 inter
559 5044 658 5103 omnia
672 5043 753 5117 ligna
779 5044 930 5108 silvarum,
986 5039 1176 5098 contusionis.
1189 5039 1270 5094 Unde
1280 5044 1308 5093 et
1319 5037 1468 5111 aposlolus
1484 5035 1592 5093 Paulus
1606 5040 1723 5108 poetam
1733 5035 1811 5091 Gra-

106 5133 931 5214 catalogumetiamvitiorumierusalemvolumusquarto
986 5129 1321 5202 cumprophstamvocat
1333 5145 1339 5182 :
1353 5126 1698 5199 Dixitquidamproprius
1708 5140 1811 5180 eorum

107 5229 182 5288 libro
197 5226 451 5301 comprehendere.
468 5227 559 5292 Quem
581 5224 650 5298 quia
666 5223 753 5279 unius
772 5220 931 5292 voluminis
987 5220 1131 5293 propheta
1147 5235 1153 5273 :
1170 5221 1320 5273 Cretenses
1340 5232 1456 5287 semper
1471 5216 1637 5280 mendaces,
1654 5213 1738 5270 malae
1762 5213 1812 5269 be-

106 5338 166 5379 uon
178 5318 291 5393 patitur
305 5317 451 5391 angustia,
468 5317 589 5373 alteram
612 5319 724 5387 partem
740 5314 805 5384 ejus
828 5310 931 5383 quinto
987 5310 1060 5374 stiae,
1076 5312 1190 5363 ventres
1207 5307 1282 5379 pigri
1297 5306 1361 5376 (Tit.
1379 5306 1410 5376 ι).
1426 5305 1461 5359 at
1476 5304 1504 5359 in
1522 5304 1592 5360 Osee
1607 5303 1734 5377 legimus
1747 5319 1753 5359 :
1766 5302 1814 5359 Si-

107 5408 441 5467 volumiuiressrvamus
452 5423 458 5461 :
468 5400 816 5478 prudentissimilectoris
826 5399 932 5455 sollici·
985 5400 1031 5454 cut
1044 5396 1176 5470 propbeta
1196 5396 1337 5450 insaniens
1364 5394 1441 5449 bomo
1455 5402 1569 5463 portans
1592 5394 1724 5464 spiritum
1739 5389 1815 5465 (Osee

93 5488 240 5555 vtudinem
264 5497 487 5570 praemonentes,
504 5496 536 5548 ut
550 5492 623 5549 scint
638 5491 708 5565 quid
731 5489 816 5546 nobis
829 5489 860 5544 in
876 5488 932 5545 hoc
986 5505 1025 5554 rx,
1040 5488 1079 5558 7).
1098 5484 1245 5558 Quidquid
1262 5487 1359 5539 autom
1375 5497 1409 5538 eo
1428 5487 1560 5555 tempore
1584 5479 1744 5538 israelitico
1759 5496 1814 5554 pc-

90 5592 93 5597 ⁴
109 5587 337 5664 explanandum,
353 5589 382 5645 et
396 5583 537 5660 quidslhi
551 5583 708 5658 legendum
723 5582 771 5640 sit.
987 5577 1056 5654 pulo
1070 5577 1234 5643 dicebatur,
1245 5573 1299 5631 hoc
1314 5588 1393 5630 nuno
1403 5573 1527 5631 retertur
1538 5572 1573 5629 ad
1586 5570 1747 5632 Ecclesiam
1760 5587 1768 5630 z
1782 5573 1815 5631 ut
