3818 6104
96 324 179 394 ¹029
488 330 862 398 COMMENTARIORUM
884 331 925 397 ill
946 332 1066 397 AMOS.
1087 329 1162 396 ulit.
1186 331 1225 396 ll.
1248 331 1334 396 GAP.
1355 333 1408 397 tv.
1719 335 1798 400 {030

95 466 196 520 autem
210 481 333 522 vernum
355 469 472 540 tempus
486 467 608 524 extremi
631 467 743 524 mensis
770 466 890 540 aprilis,
905 483 924 524 a
936 470 964 536 Α
979 483 1061 536 narn,
1077 467 1134 523 ista
1145 466 1211 539 jugi
1226 465 1362 523 ariditate
1378 466 1524 523 siccatur:
1556 470 1588 522 ut
1616 467 1666 539 qul
1682 468 1796 535 eitiunt,

95 567 157 623 quo
168 555 304 625 usquead
317 571 444 612 messem
455 556 678 627 frumenti,tres
689 573 805 612 menses
820 573 921 629 super·
975 554 1066 612 coacti
1083 555 1216 628 penuria,
1232 554 1351 611 veniant
1378 556 1414 611 ad
1443 555 1558 611 Domini
1588 555 1744 624 civitatem,
1762 559 1798 615 de

95 645 177 697 sunt.
211 642 316 716 Maius,
332 644 450 714 lunius,
464 645 572 702 Julius.
588 645 642 701 Pro
660 661 755 711 messe,
773 644 853 713 LXX,
867 661 920 702 suo
974 643 1797 717 quaegrediturlonslergissimus‚quiirrigattorrentem

94 745 190 797 more,
203 731 371 788 vindemiam
385 734 608 805 transtulerunt,
625 734 702 806 quod
719 736 796 791 ata
810 733 835 790 si
851 733 920 790 reci·
976 732 1139 805 spinarum.
1157 733 1215 788 Iste
1229 736 1327 788 autem
1343 738 1388 788 cst
1408 733 1472 788 lons
1502 732 1553 804 qui
1569 732 1639 789 dicit
1653 750 1705 806 per
1717 734 1797 792 Jere-

94 816 207 890 pimus,
219 821 338 877 omuino
354 821 442 893 juxta
464 822 591 878 Orientis
612 839 715 879 omncs
728 823 860 894 regiones
875 820 920 877 ia·
976 821 1459 892 miam:ldedereliqueruatfontem
1481 838 1560 892 aqua
1583 823 1663 890 utute,
1686 823 1797 894 etsode-

95 905 218 963 solitum
233 914 262 964 et
277 910 457 982 impossibile
473 914 527 967 est.
545 910 712 983 Numquam
728 911 807 966 enim
822 909 852 965 in
864 911 921 965 fiae
975 918 1040 966 runt
1053 909 1108 964 etot
1122 911 1197 965 lacus
1211 910 1352 974 contritos,
1369 911 1418 981 qui
1430 926 1516 981 aquas
1530 913 1730 970 continercnon
1740 929 1799 985 pos·

95 996 921 1071 mansistenii,siveinmenselulio,iahisprovinciia,
974 999 1213 1070 sanctarena,
1231 999 1284 1066 ll).
1302 997 1435 1054 tliclons
1464 997 1500 1053 do
1531 1001 1798 1073 unolonteproce·

95 1085 284 1157 maximeque
299 1086 328 1142 in
343 1087 455 1156 iudea,
472 1086 586 1161 pluvias
600 1087 738 1143 vidimus.
752 1087 881 1160 Denique
891 1086 921 1142 in
976 1086 1059 1153 dens,
1086 1085 1193 1158 triplici
1214 1085 1321 1142 unione
1345 1086 1492 1143 decurrit:
1508 1103 1581 1156 :quos
1596 1087 1690 1144 fontes
1705 1090 1799 1154 Patris

93 1177 210 1247 Regum
221 1174 304 1232 libris
310 1176 453 1249 prosigno
461 1180 665 1249 magnoatque
676 1179 809 1248 portento
818 1176 921 1233 diebus
976 1180 1005 1231 et
1020 1174 1083 1231 Filii
1099 1180 1128 1231 ει
1143 1174 1267 1246 spiritus
1282 1176 1376 1230 sancti
1394 1175 1424 1230 in
1439 1174 1515 1230 cervi
1535 1176 1663 1233 sitientis
1677 1179 1798 1237 modum

95 1263 207 1320 aestatis
220 1267 249 1319 et
264 1263 378 1332 messis,
395 1268 496 1321 orante
510 1263 657 1332 Samuele,
673 1263 777 1337 pluvia
793 1263 921 1322 coacita-
976 1262 1131 1320 psalmista
1146 1261 1285 1335 suspirat,
1302 1263 1421 1319 dicens:
1437 1263 1514 1319 Sicut
1541 1280 1638 1320 cervus
1663 1264 1801 1324 desiderat

94 1357 134 1409 ta
144 1357 215 1409 suat
225 1352 249 1424 tl
259 1353 323 1423 lico,
334 1353 395 1423 nrt).
409 1354 443 1408 Et
452 1352 792 1425 superlluumeratnunc
800 1352 922 1410 commi·
976 1352 1011 1408 cd
1024 1353 1117 1426 sontes
1132 1368 1288 1423 equorum:
1302 1353 1341 1407 ito
1356 1352 1493 1408 desiderat
1509 1355 1616 1409 ‘animo
1639 1371 1702 1412 meo
1714 1355 1750 1411 od
1763 1364 1798 1426 te,

95 1441 162 1498 nari
178 1441 289 1498 mensis
302 1440 372 1497 Julii
388 1441 559 1510 siccitatem,
571 1440 601 1496 in
615 1458 844 1514 quorumquam
857 1441 921 1514 plu·
978 1445 1052 1497 Deus
1067 1440 1123 1512 (Ps.
1149 1456 1206 1511 aar,
1224 1441 1260 1512 1).
1284 1440 1418 1513 Cumque
1446 1442 1509 1496 dua
1538 1446 1567 1497 et
1595 1447 1653 1498 tres
1669 1443 1801 1502 civitates

93 1529 160 1587 vias
174 1528 304 1586 dederat.
321 1529 474 1586 Prohibuit
487 1533 586 1587 autam
604 1530 739 1597 imbrem,
757 1534 790 1587 ut
805 1546 864 1586 noa
879 1547 924 1587 so·
977 1529 1013 1585 ad
1029 1545 1117 1585 unam
1132 1529 1309 1600 perrexerint
1325 1528 1483 1597 civitatem,
1499 1528 1528 1584 in
1559 1545 1618 1602 qua
1631 1548 1713 1603 aqua
1728 1537 1801 1589 suat

97 1618 162 1675 lum
178 1618 369 1692 indigentiam
382 1635 504 1690 panum,
516 1620 567 1675 sed
578 1624 606 1675 ει
616 1618 681 1675 ειιιε
692 1618 826 1675 ardorem
837 1620 865 1675 et
876 1618 921 1674 bi·
977 1619 1172 1684 abundantes,
1184 1616 1257 1688 spei,
1270 1616 1348 1683 fidei,
1360 1616 1525 1687 charitatis,
1534 1634 1590 1674 non
1600 1618 1798 1691 satiabuntur,

95 1707 564 1780 hendipsnuriamsustinerent.
593 1708 625 1763 ln
655 1707 702 1763 his
714 1706 792 1763 enim
807 1706 878 1763 locis
892 1706 922 1762 in
977 1705 1674 1779 quiaaddivinamgratiamrequirendam,non
1695 1711 1797 1766 volun·

96 1796 210 1870 quibus
220 1812 298 1852 nunc
313 1796 461 1869 degimus,
475 1799 692 1868 praterparvos
703 1795 809 1862 fontes,
820 1810 923 1851 omnes
977 1797 1047 1865 tate,
1064 1795 1113 1851 sed
1130 1793 1303 1850 necessitate
1318 1799 1469 1850 venerunt.

97 1885 296 1942 cisternarum
308 1887 481 1956 aquaesunt,
495 1888 524 1940 et
534 1883 559 1940 si
570 1883 679 1940 imbres
695 1883 923 1940 diviaairaaus·
1014 1883 1107 1951 (Vera.
1122 1882 1162 1954 9.)
1177 1883 1304 1938 Percussi
1318 1898 1362 1938 uos
1377 1885 1407 1938 in
1434 1886 1516 1940 vento
1544 1893 1647 1955 urente,
1663 1895 1690 1942 et
1704 1889 1735 1943 in
1748 1906 1800 1945 ou·

96 1972 923 2048 penderit,majussitisqoamlamispericulumsstzquod
978 1973 1086 2043 rupino.
1102 1970 1306 2027 Multitudinem
1320 1971 1462 2028 tortorum
1475 1980 1636 2041 uestrorum,
1666 1978 1692 2031 ct
1704 1978 1799 2034 uinco-

97 2067 128 2120 ct
137 2062 170 2118 in
182 2061 285 2119 diebus
296 2061 364 2119 Elise
376 2061 522 2135 prophete
533 2061 628 2118 tribus
645 2060 731 2118 anais
742 2065 771 2117 et
780 2077 831 2117 sex
841 2077 924 2117 men·
978 2076 1041 2115 rum
1057 2063 1221 2126 uestrorum,
1235 2061 1334 2116 oliveto
1347 2068 1439 2116 oestro
1453 2064 1479 2116 et
1492 2060 1569 2131 ficeto
1583 2065 1674 2119 uestro
1686 2066 1801 2122 comedit

97 2151 185 2209 sibus
201 2152 309 2207 lactum
325 2151 476 2223 Scriptura
485 2154 696 2206 commemorat
705 2149 756 2221 (ιιι
767 2155 830 2221 lieo.
842 2149 923 2221 xvir).
978 2164 1072 2214 emto,
1086 2155 1111 2204 et
1130 2166 1185 2204 mn
1199 2148 1309 2205 sedistis
1322 2148 1359 2204 od
1385 2164 1438 2220 me,
1464 2148 1531 2205 dicit
1554 2152 1686 2208 Dominus
1713 2153 1799 2210 LXX:

97 2239 134 2297 a:
149 2255 187 2296 ne
201 2239 325 2295 forsitan
340 2242 477 2311 putarent
505 2238 560 2295 hoc
574 2239 638 2312 lege
653 2242 774 2305 natura,
791 2244 820 2294 et
831 2242 924 2295 astro·
978 2238 1106 2293 Percussi
1116 2253 1162 2292 cos
1176 2238 1208 2292 in
1221 2235 1322 2293 ardore
1344 2246 1370 2292 et
1386 2239 1415 2292 in
1436 2239 1584 2312 aurugine.
1600 2240 1801 2313 Multiplicastis

97 2343 168 2385 rum
179 2343 277 2397 cursu,
288 2327 467 2384 acvarietate
476 2330 640 2401 temporum
650 2326 774 2382 urbibus
785 2330 814 2381 et
832 2343 924 2401 popu·
978 2325 1067 2381 hortos
1080 2327 1191 2392 vestros,
1205 2327 1299 2381 uineas
1313 2328 1429 2394 uestros,
1444 2335 1470 2383 et
1483 2326 1556 2397 ficus
1579 2336 1693 2398 uestras,
1708 2335 1735 2386 et
1748 2332 1800 2388 oti·

95 2416 136 2474 lis
147 2415 301 2481 accidisse,
312 2431 401 2488 super
411 2432 499 2471 traam
509 2415 612 2472 urbem
623 2420 651 2471 et
662 2431 748 2488 agros
760 2416 824 2486 cJus
836 2415 924 2471 lluere
978 2416 1038 2470 ueto
1051 2416 1139 2470 uestro
1153 2413 1267 2470 comedit
1282 2430 1374 2486 eruco,
1389 2409 1415 2470 et
1441 2430 1476 2470 ne
1489 2417 1531 2471 sic
1554 2416 1663 2487 quiden
1678 2421 1802 2476 conuersi

98 2523 133 2564 se
143 2504 227 2573 dicit,
239 2510 268 2561 et
295 2505 332 2560 ab
347 2504 438 2561 altera
452 2503 577 2560 imbrem
593 2504 785 2575 suspendere:
809 2507 842 2558 ut
860 2504 923 2559 due
978 2502 1043 2558 estis
1057 2502 1095 2557 cd
1104 2517 1157 2573 mc,
1168 2503 1234 2559 dicit
1245 2502 1385 2559 Dominus.
1396 2501 1459 2558 Non
1472 2503 1567 2559 solum
1578 2504 1619 2576 (o)
1630 2505 1799 2578 prioraieci,

98 2599 130 2653 et
141 2598 204 2651 tres
219 2593 348 2650 civitates
363 2596 485 2666 pergant
501 2593 537 2648 ad
558 2592 645 2648 eliam
661 2592 818 2658 civitatem,
835 2596 864 2647 et
878 2596 924 2647 ta·
980 2594 1013 2647 ut
1024 2607 1074 2646 vos
1085 2589 1260 2664 corrigerem
1273 2608 1281 2659 3
1292 2592 1343 2647 sed
1355 2590 1497 2663 quidquid
1508 2593 1653 2663 superfuit
1662 2594 1798 2668 siccitati,

96 2699 168 2739 meu
185 2699 243 2738 aon
258 2681 401 2738 satientur
416 2697 561 2755 aquarum
578 2680 705 2752 potibus.
720 2680 852 2752 Cumque
863 2679 925 2736 hac
974 2679 1064 2735 'vento
1080 2683 1182 2734 urente
1192 2678 1324 2750 percussi
1334 2682 1363 2735 et
1374 2679 1515 2752 aurigine.
1528 2683 1583 2735 Pro
1599 2685 1678 2738 uento
1692 2687 1798 2753 urente

95 2769 313 2839 retentacula
329 2769 514 2841 poenam,sed
525 2766 925 2841 inmedicioam,increpatia
980 2762 1179 2844 ἀνεμοφιιοριαν
1195 2765 1303 2838 Aquila
1316 2771 1345 2823 et
1360 2767 1555 2840 Symmachus
1583 2773 1612 2825 et
1640 2770 1800 2830 ‘theodotio

97 2858 211 2917 scelere
220 2863 428 2930 permanentes
440 2874 446 2913 :
459 2860 487 2913 at
513 2871 565 2912 nec
576 2857 618 2912 sic
629 2856 749 2929 quidem
770 2857 807 2912 ad
820 2872 866 2913 me
880 2872 925 2912 re·
980 2853 1161 2926 interpretati
1177 2859 1264 2911 sunt:
1282 2854 1474 2928 Septuaginta
1488 2853 1621 2931 πύρωσιν,
1644 2875 1733 2931 quarn
1746 2877 1800 2919 nos

98 2947 202 3014 distis,
212 2944 447 3002 dicitDominus.
459 2945 787 3017 Probihotquoquesive
794 2944 927 3018 reprimit
981 2944 1194 3000 combustionem
1207 2960 1367 3016 possumus
1381 2943 1488 3001 dicere.
1514 2944 1687 3020 auruginem
1701 2953 1800 3007 autem

101 3036 141 3092 ah
151 3035 296 3092 hereticis
304 3034 446 3091 Dominus
455 3032 569 3106 pluvias
581 3033 758 3106 spirituales,
770 3038 799 3090 et
808 3050 926 3090 omnem
982 3027 1199 3106 omnes‘larcpou
1212 3030 1348 3088 similiter
1356 3032 1582 3102 transtulerunt,
1591 3035 1702 3108 absque
1710 3036 1802 3094 'l'heo-

101 3139 200 3181 rorem
213 3123 318 3180 divina
330 3122 493 3196 sapientie:
504 3127 533 3179 et
544 3122 799 3179 mandatnuhihus
808 3123 881 3195 suis,
891 3139 927 3179 ae
981 3120 1108 3189 datione,
1120 3121 1171 3191 qui
1182 3120 1263 3178 solus
1273 3117 1490 3196 oppletamque
1500 3122 1634 3194 pallorem
1643 3124 1801 3197 significat,

98 3214 207 3288 pluant
217 3228 306 3285 super
316 3228 365 3269 ecs
384 3202 509 3267 imbrem
533 3213 667 3268 antetres
681 3227 797 3268 menses
808 3211 924 3279 messis,
941 3196 963 3263 C
981 3208 1189 3282 interpretatus
1203 3213 1257 3266 est.
1274 3211 1407 3282 Cumque
1421 3210 1578 3268 adversum
1599 3212 1673 3269 iram
1689 3214 1803 3271 Domini

98 3303 163 3360 sive
173 3300 339 3371 vindemie,
352 3304 384 3356 ut
395 3300 431 3355 ad
443 3300 556 3356 lructus
565 3299 855 3373 mysteriiTrinitatis
863 3316 927 3373 per·
984 3296 1213 3370 multiplicarent
1225 3297 1324 3355 hortos
1335 3302 1364 3354 et
1373 3298 1473 3355 vineas
1487 3304 1516 3355 et
1536 3300 1622 3355 licata
1643 3306 1672 3357 et
1687 3301 1802 3374 oliveta,

97 3390 202 3447 venire
214 3406 272 3446 non
284 3389 408 3462 possint.
419 3389 454 3444 Et
464 3388 609 3461 quomodo
623 3387 667 3445 sol
679 3388 744 3456 iste,
760 3404 848 3461 quem
864 3405 925 3444 cer·
980 3387 1080 3443 omnia
1089 3402 1175 3443 eruca
1184 3386 1377 3458 consumpsit,
1389 3386 1425 3442 de
1438 3403 1495 3459 qua
1505 3386 1535 3442 in
1546 3387 1607 3444 Joel
1624 3389 1740 3461 plenius
1759 3391 1803 3450 di·

97 3477 214 3547 nimus,
224 3494 496 3548 annuumcursum,
506 3477 642 3533 donecad
651 3475 807 3550 pristinam
817 3480 926 3532 metam
980 3474 1056 3530 citur
1069 3474 1148 3543 (icet.
1164 3475 1196 3546 ι).
1213 3473 1260 3531 21
1266 3478 1292 3530 4
1306 3474 1341 3529 Et
1357 3490 1393 3530 ne
1407 3474 1502 3547 plagis
1530 3475 1648 3546 quidem
1664 3493 1698 3533 ac
1714 3479 1803 3536 malo-

97 3567 212 3635 rcdeat,
222 3565 379 3622 duodecim
393 3564 488 3638 explet
509 3565 673 3631 mensibus,
690 3566 740 3636 qui
751 3563 860 3637 singuli
871 3564 926 3620 tri·
980 3579 1047 3620 rum
1063 3562 1189 3634 pondera
1200 3563 1235 3617 ad
1246 3562 1339 3619 Deum
1351 3562 1449 3618 venire
1463 3562 1628 3619 voluerunt.
1640 3564 1702 3630 Quo
1713 3567 1801 3641 dicto,

97 3655 182 3714 cenis
197 3653 486 3723 volvunturdiebus,
500 3657 529 3709 et
543 3653 614 3710 luna
628 3670 692 3726 qua
707 3652 927 3710 Hebraicetaar
981 3651 1199 3708 confundantur
1213 3650 1351 3718 heretici,
1369 3651 1418 3723 qui
1434 3650 1624 3724 disciplinam
1647 3653 1801 3725 creatoris,

96 3744 187 3816 (nat),
203 3743 303 3801 (irase
319 3743 392 3817 μήνη
406 3743 522 3811 dicitur,
533 3743 618 3815 juxta
628 3747 784 3813 utramque
793 3740 926 3815 linguam
980 3743 1020 3807 et,
1033 3737 1113 3795 utite
1123 3739 1229 3808 dicam,
1242 3738 1430 3807 medicinam,
1441 3738 1645 3796 crudelitatem
1660 3741 1802 3814 interpre-

96 3849 136 3891 ει
150 3848 208 3890 suo
223 3831 342 3889 nomine
353 3831 505 3888 mensibus
516 3847 623 3887 nornen
634 3830 724 3898 dedit,
736 3834 765 3888 et
776 3829 847 3886 solis
857 3829 925 3886 illu·
980 3831 1093 3884 tantur.
1109 3826 1237 3884 Pcrcutit
1252 3831 1351 3883 autem
1367 3826 1560 3900 spiritualiter
1583 3827 1733 3888 hereticos
1746 3831 1803 3887 Do·

97 3925 215 3980 stratur
229 3920 320 3976 radiis
335 3920 371 3975 ab
386 3934 421 3975 aa
434 3925 517 3992 parte
527 3935 585 3992 que
597 3919 623 3976 ei
633 3918 728 3975 vicina
739 3923 793 3989 est,
804 3917 848 3975 vel
859 3918 927 3993 plus
981 3917 1080 3973 minus
1091 3915 1242 3973 exustione
1250 3933 1284 3971 ea
1296 3916 1331 3972 de
1341 3931 1400 3986 qua
1410 3915 1518 3971 Paulus
1534 3917 1804 3990 apostoluszttettas

95 4008 146 4067 vel
157 4009 259 4066 minus
270 4025 321 4081 pro
332 4009 471 4064 varietate
482 4013 648 4080 temporum
658 4007 757 4064 lumen
769 4006 925 4079 accipiens:
980 4008 1030 4074 cst,
1047 4005 1153 4077 inquit,
1167 4003 1280 4075 nubere,
1295 4021 1379 4078 quarn
1392 4006 1439 4060 uri
1453 4004 1475 4077 (l
1492 4003 1552 4062 Cor.
1566 4005 1662 4078 vn,9).
1676 4007 1711 4064 Et
1721 4007 1803 4082 prla-

97 4098 145 4158 sic
153 4106 183 4156 et
194 4096 330 4169 Ecclesia,
339 4097 399 4154 veri
410 4096 486 4154 Solis
510 4096 665 4168 splendore
689 4097 834 4168 decorata,
851 4097 927 4153 duo·
981 4110 1050 4168 ceps
1065 4092 1284 4166 apostolorum:
1301 4092 1475 4161 Clarissimi,
1490 4095 1576 4151 notite
1586 4098 1761 4166 pecorinam·
1774 4097 1806 4153 in

97 4188 200 4245 decim
210 4177 313 4259 implet
328 4185 527 4258 apostolorum
539 4202 706 4241 numerum.
717 4185 799 4242 Unde
809 4190 838 4242 ct
852 4185 926 4242 duo·
980 4183 1089 4248 ardore,
1103 4183 1152 4255 qut
1167 4181 1203 4237 ad
1218 4183 1396 4238 tentationem
1423 4181 1500 4238 cotis
1529 4182 1630 4240 occidit
1651 4184 1674 4256 (l
1689 4186 1749 4241 Pet.
1765 4200 1805 4254 tv,

96 4275 200 4333 decim
210 4275 240 4331 in
253 4273 645 4347 lsraelappellanturtribus,
655 4273 926 4331 etintestimonium
985 4272 1043 4344 iti:
1060 4274 1088 4327 et
1103 4269 1248 4342 aurugine
1261 4285 1337 4342 qua,
1355 4269 1420 4327 lello
1435 4270 1553 4341 dilluso,
1583 4272 1721 4329 ruborem
1736 4289 1805 4330 saa·

97 4369 218 4423 eterna
236 4362 393 4427 memorie,
409 4362 445 4420 de
459 4362 597 4419 iordanis
621 4362 668 4420 21
674 4364 699 4419 8
722 4361 803 4418 alveo
818 4363 926 4419 duode·
980 4359 1080 4433 guinis
1095 4358 1125 4415 in
1141 4358 1283 4432 pallorem
1298 4359 1352 4432 [ll.
1370 4357 1491 4431 pallore]
1504 4364 1675 4428 commutat,
1687 4364 1716 4416 et
1730 4359 1804 4416 nihil

93 4451 159 4509 cim
170 4449 285 4523 lapides
297 4450 480 4521 autemntur,
490 4449 711 4521 utponanturin
721 4447 926 4507 locosecunda
981 4448 1011 4504 ia
1027 4463 1147 4521 corpore
1162 4448 1227 4503 sani
1242 4463 1306 4504 esse
1323 4447 1475 4519 permittit,
1506 4448 1652 4504 intantum
1669 4453 1702 4504 ut
1714 4449 1805 4506 etiam

93 4538 469 4611 circumcisionisltos.1v).
481 4536 667 4595 Pluitautam
684 4536 827 4595 Dominus
840 4553 928 4611 super
942 4562 966 4627 D
981 4536 1070 4595 mella
1085 4536 1265 4593 dulcissema
1280 4552 1379 4592 amara
1397 4537 1561 4593 videantur.
1577 4536 1612 4592 Et
1626 4537 1676 4608 qui
1691 4537 1804 4595 dudum

94 4643 194 4686 unam
205 4626 351 4685 civitatem
363 4625 640 4684 vereconlessionis
658 4625 827 4694 Ecclesiam,
838 4631 926 4683 etsu-
981 4626 1139 4684 audiebant
1154 4626 1184 4681 in
1203 4625 1351 4683 Ecclesia:
1380 4625 1488 4682 Gustctc
1515 4629 1541 4681 et
1572 4625 1661 4682 uidete
1674 4628 1806 4699 quonium

94 4731 154 4791 per
168 4713 292 4772 alteram
308 4732 366 4773 non
384 4715 468 4789 pluit,
486 4731 550 4788 que
565 4715 595 4772 in
611 4714 814 4772 hereticorum
830 4716 926 4773 conci·
979 4717 1072 4772 succis
1085 4723 1125 4772 cst
1139 4715 1271 4771 Dominus
1284 4732 1291 4769 :
1304 4714 1419 4787 ipsique
1435 4714 1571 4771 dicebant
1587 4731 1593 4772 :
1609 4717 1699 4784 Quam
1712 4715 1806 4772 dulcio

94 4801 224 4863 ltahulis
235 4809 289 4861 est.
302 4803 495 4877 Cumqueilla
505 4804 630 4861 imbrem
641 4803 761 4876 recipiat
770 4804 927 4879 sempiter-
980 4805 1430 4875 quiturimcoetoqusctuosuper
1440 4803 1802 4877 melorimeotPs.cxrrrr)l

96 4997 927 5152 atttittt:etinctumttbttttttttttt:
982 4999 1804 5144 ttttttttttttnttttttttittettlttttt

97 5157 236 5200 mamus
246 5142 332 5214 paulo
344 5147 419 5215 post,
430 5140 704 5268 quidquidsfferiuit
714 5143 927 5224 siccitati,uento
982 5149 1027 5199 εει
1040 5143 1096 5199 nisi
1111 5142 1186 5225 lellis
1203 5158 1372 5214 percorpus
1387 5143 1522 5210 suffusio,
1538 5144 1636 5216 regius
1659 5147 1695 5201 ab
1715 5162 1804 5218 appa·

97 5216 206 5272 orente
214 5215 347 5286 permissi.
363 5215 432 5270 Erat
445 5231 524 5270 earm
539 5230 568 5269 ra
608 5214 927 5283 artranerpuxtaEras-
983 5218 1048 5271 ratu
1066 5230 1155 5285 regio,
1167 5229 1225 5286 quo
1236 5219 1365 5283 curatur,
1376 5214 1458 5271 Celso
1476 5216 1582 5282 dictus,
1600 5220 1630 5272 ct
1649 5215 1758 5274 icterus
1768 5216 1805 5272 ab

96 5300 189 5345 mum
210 5285 346 5353 editione,
375 5286 439 5358 quid
458 5286 507 5341 uid
532 5285 614 5358 super
627 5285 678 5351 uit,
691 5285 821 5356 siccitate,
837 5289 926 5352 cedo,
983 5283 1804 5357 aveejusdemcoloris,quamreulumnostratesreatini

94 5363 158 5416 etc.
170 5355 340 5438 Depositam
353 5302 602 5413 nobisiectionem
626 5356 690 5428 ipse
709 5356 812 5437 probat
824 5356 853 5411 S.
871 5356 927 5439 Do·
984 5362 1089 5438 vocant
1100 5373 1107 5410 :
1119 5356 1276 5412 theodotio
1292 5353 1424 5430 ὠχρίασιν
1435 5360 1531 5430 uertit,
1543 5358 1572 5413 id
1583 5365 1637 5423 est,
1652 5359 1803 5432 pallorem.

95 5433 196 5488 emas
210 5433 375 5500 contextus,
390 5444 477 5500 quem
493 5427 529 5484 ad
546 5426 623 5482 hunc
644 5426 764 5481 modum
781 5426 927 5485 Victorius
985 5427 1099 5485 Dicitur
1109 5430 1206 5484 autom
1218 5443 1340 5500 aurugo,
1353 5428 1388 5483 ab
1399 5429 1555 5503 auroquod
1567 5430 1631 5501 ejus
1651 5430 1755 5489 coloris
1766 5430 1806 5489 sit

94 5499 250 5573 exposuit.
263 5499 413 5572 Loquitur,
424 5500 474 5565 nit,
486 5515 576 5570 supra
586 5499 662 5570 quod
683 5497 811 5553 siccitate
821 5504 927 5556 cuncta
982 5501 1125 5557 morbus:
1143 5499 1315 5570 diversoque
1331 5516 1384 5556 vox
1404 5506 1449 5557 est
1463 5502 1498 5557 ab
1528 5518 1636 5578 erugo,
1651 5519 1715 5578 que
1728 5502 1804 5570 aetla

94 5573 181 5631 Deus
191 5573 380 5644 percusserit,
392 5570 496 5643 pluens
508 5586 597 5641 super
615 5585 705 5625 unam
727 5569 883 5638 civitatem,
899 5576 928 5627 et
982 5571 1199 5647 corruptionem
1216 5569 1372 5647 significat.

95 5659 196 5723 super
209 5640 331 5704 alerem
346 5659 404 5703 non
419 5641 542 5723 pluens:
558 5658 626 5703 mox
639 5639 787 5704 subdidit:
802 5644 929 5706 Ptrctttti
