3818 6104
63 314 105 375 bb
387 306 762 377 COMMENTARIORUM
784 311 823 373 tu
845 306 1098 373 ausculationi
1120 306 1194 369 nte.
1217 306 1258 369 ll.
1280 306 1367 370 ute.
1389 306 1456 372 vlt.
1727 308 1768 371 db

64 447 116 518 qui
130 446 256 502 habitunt
265 447 295 500 in
312 452 385 502 terra
398 445 490 517 (Aper.
504 461 567 514 vni,
593 446 647 516 13).
675 444 800 500 Sanctus
814 442 889 499 enirn
906 440 1080 508 Anationes
1094 444 1161 496 tuas
1176 439 1283 496 sentire
1297 442 1325 495 to
1340 440 1436 496 faeiat.
1454 442 1614 497 Prvssumus
1628 445 1771 499 autemst

66 552 126 592 non
140 539 185 591 est
199 534 349 591 habitator
361 538 455 591 terrai.
472 534 522 589 sed
538 534 649 590 advena
663 538 750 603 atque
765 531 893 605 peregri·
946 530 982 584 de
997 534 1127 586 extrema
1142 528 1308 602 captivitate
1318 528 1503 602 dicerequod
1517 538 1581 602 post
1592 531 1768 587 interlectio-

65 640 140 691 nus;
156 623 305 695 dicitque:
323 623 502 679 1ldocuasurn
511 627 538 678 et
546 624 792 694 praecinuerunt
802 635 894 677 ornnes
948 635 1013 673 nem
1029 617 1145 688 Christi,
1156 618 1272 688 quando
1287 617 1365 673 venit
1379 618 1421 673 eis
1432 618 1499 674 finis
1515 624 1543 674 et
1558 619 1704 692 evigilavit
1717 621 1769 676 ad-

61 713 225 785 patresmei
239 712 460 782 (Psol.nxav1n,
482 711 536 783 13).
551 710 745 774 Quamobrem
758 715 786 766 et
807 709 893 764 llbra·
945 723 1063 763 versum
1088 724 1138 763 eos
1166 710 1327 778 peccatum,
1354 707 1506 779 impletum
1530 716 1574 766 est
1592 710 1675 781 illud,
1692 713 1770 784 quod

64 800 136 856 ham
155 802 302 868 llebreus,
318 800 414 868 idest,
430 798 548 872 περάτης
563 803 592 854 et
606 798 787 871 peregrimus
803 802 893 853 trans·
947 795 1088 867 scriptum
1104 800 1168 850 est:
1185 796 1262 850 Nunc
1273 798 1398 866 pertenit
1412 798 1442 850 in
1457 813 1500 851 eos
1524 800 1566 853 tra
1583 800 1630 855 ilci
1643 803 1674 856 in
1688 801 1772 870 finem

64 892 177 961 iterque
191 894 372 943 memoratur
384 905 391 955 ;
404 903 440 943 ne
451 887 586 959 presenti
598 885 703 941 secuto
714 886 749 940 ad
762 885 893 939 loturum
948 884 970 956 (l
986 885 1073 940 Tbesc.
1090 901 1110 951 1,
1124 884 1178 954 tn).
1195 884 1315 949 Quando
1337 902 1354 939 a
1369 885 1434 940 'lito
1449 889 1477 940 el
1493 888 1671 958 Vespasiano
1685 889 1770 946 Jeru-

65 977 196 1033 transire
211 977 364 1033 testinans.
382 980 541 1032 Possumus
557 974 636 1030 hunc
652 971 893 1044 locum,etspiri-
948 972 1039 1028 salem
1048 972 1445 1047 circumdataeatetadvonil
1455 973 1595 1032 desolatio
1603 978 1728 1048 ejusd!
1741 984 1772 1035 et
1877 1022 1882 1027 .

65 1065 190 1121 tualiter
204 1065 389 1136 interpretari
419 1069 520 1120 contra
548 1062 689 1136 populum
715 1062 893 1127 iudeorum,
948 1062 1102 1133 impletum
1119 1061 1266 1116 estzbvrc
1290 1062 1463 1133 relinquetur
1486 1064 1559 1119 trebir
1578 1065 1671 1123 demto
1685 1076 1772 1125 crura

65 1170 254 1226 superquam
270 1155 349 1209 venit
363 1153 432 1209 finis
451 1156 479 1209 et
493 1152 708 1208 consummatio
721 1168 739 1206 a
752 1150 895 1223 satignine
948 1150 1055 1206 deserto
1069 1148 1173 1220 (llattlr.
1190 1166 1272 1214 xxvvi,
1286 1150 1342 1219 illl).
1359 1151 1442 1206 'lunc
1466 1152 1590 1222 judicati
1606 1160 1676 1211 sunl
1687 1157 1773 1227 juata

64 1243 138 1298 Abel
152 1243 227 1314 justi
238 1259 334 1314 usque
346 1242 382 1297 ad
397 1241 572 1314 sanguinem
587 1239 730 1296 Zachariae
746 1238 796 1294 tilii
808 1239 896 1294 liora·
948 1240 1010 1295 vias
1025 1242 1136 1305 suaset
1146 1236 1467 1310 blasphenvias‚qrtibus
1482 1243 1640 1299 Dominum
1650 1262 1773 1319 negave-

65 1332 150 1395 cbire,
168 1348 257 1404 quem
271 1331 481 1386 interfecerunt
499 1334 575 1385 inter
602 1328 745 1400 tempium
762 1331 790 1382 et
805 1326 896 1382 altare
950 1332 1033 1394 vunt;
1048 1331 1240 1383 etsenserunt
1251 1326 1377 1381 tutorem
1390 1327 1438 1381 ttei
1448 1345 1455 1383 :
1466 1334 1493 1384 et
1503 1330 1600 1387 omnis
1612 1332 1773 1406 indignatio

65 1421 173 1489 (Hatita
191 1422 282 1489 uarii).
299 1419 444 1483 Quamdiu
466 1419 545 1474 enim
560 1434 617 1473 non
634 1417 778 1472 miserunt
790 1431 896 1471 manus
950 1413 1773 1493 ejussuperillosellusacstroceperuntquescelerasua,

64 1509 96 1564 in
113 1508 221 1564 Filium
237 1508 301 1575 Dei,
317 1507 486 1563 dormitavit
501 1506 645 1562 sententia
669 1506 712 1561 eis
728 1503 853 1572 Domini,
868 1508 897 1559 ot
950 1511 983 1562 ut
994 1508 1163 1578 permaneat
1173 1503 1278 1558 deletio
1289 1504 1388 1577 templi
1401 1508 1536 1576 usquead
1547 1513 1776 1569 consummatio·

63 1597 159 1653 dilata
173 1602 228 1652 est.
253 1596 376 1661 Quando
389 1612 456 1651 vero
471 1595 679 1650 interfecerunt
693 1593 847 1658 heredem,
864 1595 897 1647 ut
951 1610 1029 1651 nem.

63 1686 175 1757 periret
188 1685 346 1740 haereditas
358 1702 365 1740 :
378 1688 446 1739 tune
458 1683 604 1755 evigilavit
616 1683 770 1738 adversum
781 1697 841 1745 eos,
853 1685 896 1734 at·
987 1682 1080 1754 (Vere.
1102 1680 1143 1749 9.)
1161 1682 1194 1735 lit
1214 1695 1267 1735 rien
1289 1685 1381 1753 parcet
1405 1682 1503 1739 oculus
1517 1702 1604 1754 cneus,
1619 1704 1706 1760 neque
1720 1692 1774 1748 mi-

63 1790 123 1845 que
136 1772 264 1829 surrexit
274 1773 372 1828 omnis
384 1772 454 1827 ordo
469 1770 655 1826 miseriarum
667 1771 718 1825 (to
729 1773 817 1840 atque
832 1785 896 1840 per·
951 1771 1059 1827 streber-
1076 1788 1083 1837 ;
1107 1768 1154 1825 sed
1177 1770 1232 1824 trias
1256 1773 1319 1825 tuos
1342 1772 1481 1843 imponam
1495 1774 1568 1846 (sive
1580 1775 1661 1848 dabo)
1675 1779 1736 1844 tibi,
1749 1786 1776 1836 et

61 1861 180 1933 pierio,
197 1862 267 1933 quia
290 1877 348 1916 non
374 1859 550 1931 quesierunt
573 1858 711 1929 coelestia,
737 1858 787 1914 sed
812 1861 897 1913 torre
952 1861 1169 1916 aberninotioncr
1183 1859 1281 1913 turcia
1296 1859 1386 1914 medio
1400 1863 1548 1929 tuterunt,
1563 1867 1694 1923 rescietis
1710 1868 1777 1938 quio

63 1949 177 2005 haerere
192 1950 360 2020 cupierunt.
952 1963 1076 2019 eperum
1100 1948 1228 2002 Dominus
1239 1948 1404 2017 percutiens.
1435 1949 1545 2007 Causas
1567 1954 1729 2011 severitatis
1748 1960 1777 2012 et

953 2034 1214 2105 austeritatis,sive,
1228 2039 1261 2089 ut
1275 2034 1405 2091 Haeretici
1421 2040 1717 2109 putant,erudelilatis
1729 2044 1778 2101 Dei

102 2127 199 2199 (Vere.
213 2127 255 2197 t.)
280 2127 355 2181 l'rnit
370 2130 484 2197 tempus,
497 2141 582 2197 prope
602 2134 642 2180 ert
670 2124 729 2180 dies
743 2125 897 2193 occisionis,
953 2125 1029 2197 quod
1042 2141 1099 2180 non
1111 2128 1211 2195 pareat
1222 2123 1457 2193 oculusejusnec
1468 2126 1778 2202 misereatur,subJecit

64 2220 91 2272 rt
105 2233 165 2271 non
180 2215 276 2283 ploriae
289 2216 434 2269 montium.
451 2214 580 2270 Verbum
595 2212 770 2269 Hebraicum
785 2229 897 2269 ansam
953 2214 1053 2269 dicens
1070 2231 1076 2268 :
1096 2214 1156 2268 Vina
1171 2221 1232 2267 truta
1246 2213 1314 2268 dabo
1328 2213 1388 2279 tibi,
1403 2221 1430 2269 et
1443 2214 1660 2275 abominationes
1680 2224 1735 2276 turc
1747 2222 1778 2278 in

67 2304 153 2376 quod
171 2320 226 2359 nos
241 2304 269 2357 in
285 2303 343 2357 duo
366 2303 455 2357 verba
483 2301 621 2369 divisum,
652 2301 898 2373 primumanvtt.
952 2301 1244 2367 irrediotuierunt3ut
1257 2301 1441 2373 sentiasque
1454 2302 1778 2372 lecisti,etvidensnbo·

68 2393 239 2449 secundum
254 2408 322 2446 aava
335 2402 420 2455 ntra,
430 2392 516 2461 juxta
529 2389 770 2457 theodotionem,
782 2392 899 2461 gloriam
954 2388 1130 2445 minutiones
1145 2394 1211 2443 tuas
1227 2389 1270 2443 vel
1287 2390 1314 2443 in
1332 2397 1488 2463 conspectu
1505 2398 1565 2459 tuo,
1580 2395 1623 2451 vel
1639 2396 1668 2451 in
1681 2397 1778 2454 medio

69 2484 209 2538 montium
225 2482 404 2554 interpretati
426 2497 541 2546 sumus,
558 2480 752 2549 Symmachus
771 2480 853 2536 vertit
869 2479 899 2535 in
953 2478 1087 2533 omnium
1103 2476 1224 2548 positas.
1247 2478 1386 2533 emendes
1400 2495 1526 2536 errorem
1543 2484 1734 2553 poenitudine,
1750 2494 1779 2543 et

71 2568 477 2641 recrastinationem‚dixitque
494 2586 500 2624 :
517 2570 664 2639 Ettcmpns
676 2584 761 2640 prope
776 2567 900 2624 cst:dier
955 2566 1094 2622 recedens
1109 2583 1126 2619 a
1142 2564 1274 2637 pristinis
1298 2566 1445 2637 operibus,
1462 2571 1721 2643 comedensque
1738 2574 1777 2629 le-

71 2657 270 2729 festinationis,
287 2660 314 2711 rt
329 2673 384 2713 non
399 2657 653 2729 recrastinationis,
672 2656 760 2712 Porro
777 2656 845 2711 Lxx
859 2655 901 2711 ita
954 2655 1030 2721 cisti,
1047 2658 1116 2709 tunc
1132 2653 1243 2709 sentias
1257 2654 1335 2724 quod
1351 2654 1414 2726 ipse
1428 2654 1465 2711 sit
1479 2659 1618 2714 Dominus
1631 2661 1777 2732 (llebnn).

74 2744 288 2800 transtulerunt
303 2761 310 2800 :
330 2745 406 2800 l'enr't
414 2754 530 2816 tempus,
538 2746 767 2816 appropinquavit
776 2745 900 2809 ettennon
956 2743 1010 2807 Qui
1025 2742 1089 2798 ideo
1105 2742 1231 2814 pereutit
1241 2747 1273 2796 ut
1287 2743 1470 2811 emendet,et
1485 2747 1736 2819 castigalomnem
1746 2754 1780 2805 li·

76 2850 136 2888 runt
152 2834 368 2905 perturbatione,
383 2850 470 2905 neque
483 2849 547 2889 cum
560 2833 709 2904 doloribus,
719 2832 898 2889 theodotio:
956 2831 1040 2899 lium,
1058 2847 1144 2901 quem
1161 2829 1273 2902 recipit.

80 2924 160 2976 Venit
174 2931 370 2995 ternpru,propc
384 2922 490 2977 estdier
503 2920 695 2996 somisctnon
709 2921 809 2991 pterim
822 2938 900 2978 mon-
991 2919 1140 2990 (Vere-lit»
1170 2918 1402 2989 ¹1·)E⁶⁶tdt't·t‚
1426 2937 1485 2978 ecte
1507 2927 1591 2993 venit,
1615 2942 1721 2997 epte-tta
1741 2936 1781 2985 ert

84 3013 159 3065 tium.
171 3010 329 3066 Occisionis
339 3016 437 3066 autom
451 3016 577 3082 tempus,
589 3015 618 3066 ct
633 3010 718 3065 tamis
734 3027 812 3066 nunc
826 3026 900 3081 quo·
955 3009 994 3079 (b)
1007 3010 1153 3064 ceretroctio
1163 3025 1172 3062 :
1183 3010 1277 3078 floruit
1291 3010 1380 3080 vir-po,
1396 3013 1562 3079 penninatr't
1575 3014 1779 3085 superbialni·

88 3100 178 3168 quein
200 3098 321 3154 ludaico
338 3099 444 3173 populo
460 3098 677 3170 comprobatur,
704 3114 760 3153 non
777 3098 902 3154 turbante
956 3099 1044 3168 quitus
1059 3098 1181 3152 arti-rexit
1196 3100 1224 3153 in
1241 3099 1320 3166 uirga
1334 3099 1490 3171 impietatis,
1507 3118 1560 3156 non
1577 3118 1612 3158 ec
1626 3104 1677 3174 eis,
1688 3106 1714 3159 ct
1725 3120 1781 3161 nnn

91 3186 232 3257 prophetas
246 3204 300 3243 nec
316 3187 437 3244 verbnm
453 3186 514 3252 Dei,
531 3202 589 3257 quo
606 3187 705 3242 anima
719 3186 899 3242 credentium
915 3172 936 3239 C
955 3203 991 3242 ec
1002 3186 1112 3257 populo,
1122 3201 1254 3257 nequeas
1266 3187 1357 3242 sende
1371 3203 1463 3243 eorum
1480 3205 1487 3244 ι
1503 3198 1529 3245 ct
1542 3207 1597 3246 iton
1611 3194 1781 3265 eritrequt'cr

96 3275 220 3345 pascitur.
243 3280 357 3332 Montes
372 3280 469 3331 autem
486 3275 643 3347 magistros
658 3275 797 3348 intellige,
810 3281 838 3331 ct
851 3275 902 3347 qui
956 3277 1004 3330 eis.
1022 3273 1090 3329 tut
1107 3275 1190 3330 :Ecce
1203 3273 1259 3330 dies
1270 3277 1357 3346 parit,
1373 3292 1433 3332 ecce
1445 3278 1604 3348 finirttcnit,
1619 3297 1726 3353 egressa
1741 3286 1781 3338 eet

97 3360 203 3420 babeam
212 3365 346 3421 notitiam
356 3365 585 3436 Scripturarum.
599 3368 637 3419 tte
648 3364 756 3435 quibus
767 3368 795 3419 et
806 3365 833 3418 in
845 3364 902 3420 alio
955 3364 1117 3436 complecta,
1131 3371 1157 3417 ct
1166 3364 1259 3432 tior-uit
1273 3367 1361 3436 trirpn,
1371 3367 1537 3436 perpetuavit
1552 3371 1782 3441 supertransce-

99 3448 264 3509 lncodicitur:
273 3452 814 3510 illuminanttaratrabiliteramcntitres
822 3454 902 3507 aeter·
955 3454 1014 3507 tata
1025 3456 1064 3508 cet
1079 3453 1197 3523 injuria,
1210 3460 1236 3507 et
1248 3456 1367 3509 corrteret
1379 3456 1567 3525 tortitudinem
1582 3459 1712 3530 intentet
1726 3474 1780 3515 non

103 3542 214 3605 nullent.
230 3558 312 3609 nxav,
327 3544 366 3611 5).
382 3540 468 3597 Porro
480 3540 671 3613 Septuaginta
681 3540 730 3612 qui
746 3542 900 3596 dixerunt:
955 3557 1018 3595 cunt
1027 3541 1326 3612 perturbationemque
1335 3546 1680 3614 cantrestinattoaaetnon
1692 3563 1728 3603 ex
1738 3549 1781 3619 ip·

104 3642 142 3681 noa
153 3646 206 3685 mm
217 3630 434 3703 perturbat-ione,
447 3645 502 3684 non
516 3645 579 3684 curn
603 3629 752 3699 doloribus,
773 3628 846 3684 illud
862 3629 903 3685 si·
955 3631 994 3685 sis
1006 3634 1082 3696 eunt,
1096 3645 1184 3701 neqrre
1195 3630 1369 3701 pulchritudo
1385 3634 1414 3685 in
1439 3634 1480 3688 etc
1504 3637 1656 3690 Contracta
1669 3641 1723 3705 est,
1741 3636 1770 3691 in

104 3717 308 3791 gnificant,quod
324 3723 439 3774 tantum
455 3718 583 3773 habeant
597 3717 768 3789 ignorantiae
780 3718 902 3789 [.lt.tan·
957 3717 1029 3789 quit,
1046 3719 1108 3773 dies
1123 3722 1152 3773 et
1166 3718 1494 3791 abbreviata,instatque
1507 3721 1602 3777 vicino
1616 3723 1780 3793 captivitas,

106 3806 147 3860 ltin
160 3807 363 3879 ignorantiam]
380 3807 428 3861 tlei
444 3811 472 3860 ct
494 3805 585 3861 animi
609 3806 785 3873 caecitatem3
802 3810 835 3860 ut
850 3822 903 3861 nec
958 3805 1067 3860 l'loruit
1080 3806 1162 3877 virga
1176 3823 1239 3876 qua
1255 3806 1347 3861 multo
1358 3807 1440 3862 vobis
1455 3812 1586 3880 tempore
1600 3810 1780 3880 minabatur,

104 3896 232 3951 turbentur
242 3898 271 3951 in
282 3894 442 3952 sceleribus
457 3894 531 3967 suis,
542 3893 780 3965 necptenitentiae
795 3893 902 3951 dolori·
957 3899 985 3950 et
995 3894 1031 3948 da
1041 3894 1110 3948 llore
1120 3894 1248 3949 trucium
1259 3893 1411 3967 plagarum
1426 3896 1779 3972 parturiitlrll.parturit].

102 3977 144 4036 bus
158 3985 327 4040 crucientur.
956 3980 1098 4055 Superbia
1106 3986 1202 4038 vostro
1212 3983 1386 4054 germinavit
1396 3985 1472 4057 quod
1486 3987 1782 4055 merebaminiutsu·

957 4089 1008 4145 per
1024 4071 1135 4143 virgam
1144 4070 1305 4143 impietatis
1317 4078 1533 4146 reseratoque
1543 4078 1689 4147 subjectos
1698 4077 1780 4135 vobis

120 4160 205 4229 i'l'ers.
234 4162 274 4231 8.)
304 4163 382 4217 ll'urrc
410 4161 445 4215 tle
475 4161 628 4232 propinquo
660 4159 799 4233 effundam
830 4160 902 4216 iram
956 4159 1226 4233 impieoedebotis,
1242 4162 1566 4236 consurgatiniquitas,
1583 4182 1647 4238 que
1664 4169 1781 4224 nonest

91 4264 165 4305 nam
178 4266 262 4323 super
275 4254 339 4315 tect
353 4251 394 4321 (a)
411 4250 548 4321 replicabo
557 4253 678 4320 furorem
690 4266 782 4304 nucum
796 4250 825 4304 in
836 4254 902 4318 te,et
955 4266 990 4305 ex
1006 4248 1165 4304 miserabili
1177 4248 1294 4321 populo,
1309 4267 1403 4322 neque
1417 4269 1451 4307 ex
1463 4252 1505 4311 eis
1515 4253 1565 4325 qui
1575 4255 1670 4311 instar
1684 4256 1781 4312 bruto-

86 4339 203 4405 lulicabo
214 4346 242 4395 te
256 4341 336 4406 iacto
357 4340 417 4394 vinc
432 4349 503 4394 tuns.
517 4339 546 4393 Si
561 4355 579 4393 a
597 4339 700 4410 quinto
714 4356 790 4394 antio
808 4342 901 4394 trans·
956 4355 1020 4394 rum
1034 4336 1228 4392 animantium
1238 4338 1712 4416 ducunturamagistris,oequeex
1723 4343 1780 4402 cla·
1790 4384 1803 4407 .

85 4428 262 4497 migrationis
274 4426 509 4500 regislechonie
520 4444 613 4500 usque
623 4428 658 4483 ad
669 4443 779 4483 nonum
791 4443 901 4482 annum
957 4442 1037 4481 more
1052 4442 1153 4481 eornm
1169 4432 1197 4481 ot
1211 4431 1319 4494 sonitu,
1338 4443 1396 4498 quo
1413 4429 1522 4486 trustra
1536 4432 1779 4501 vociferabantur,

83 4518 153 4587 regni
167 4518 308 4586 Sedeciae,
317 4516 434 4588 quando
445 4515 522 4571 venit
530 4515 839 4580 Nabuchodonosor,et
850 4515 902 4571 ob·
917 4539 940 4604 D
956 4532 972 4569 a
983 4514 1184 4571 sacerdotibus
1194 4515 1705 4588 Pharisaeisqueseducti,utconsona
1711 4538 1781 4579 voce

81 4606 146 4660 tulit
159 4604 340 4669 Jerusalem,
365 4608 524 4677 supputare
551 4602 741 4671 voluerimus,
758 4608 817 4660 tres
832 4602 901 4659 anni
956 4602 1116 4659 clamarent
1129 4608 1158 4658 et
1170 4601 1299 4658 dicerent
1315 4620 1321 4658 :
1338 4605 1388 4660 68
1405 4606 1683 4679 Cr·ucitipe,crucifipe
1696 4609 1780 4664 talem

80 4701 158 4749 erunt
172 4692 276 4749 medii.
294 4692 376 4749 Unde
389 4693 583 4749 rcctedicitur
598 4709 605 4747 :
621 4692 901 4764 ltuncrlepropinquo
956 4693 1045 4762 (toan.
1060 4708 1119 4757 xva,
1131 4692 1170 4758 tt),
1188 4690 1267 4746 Unde
1283 4700 1341 4748 non
1356 4694 1412 4750 erit
1426 4695 1468 4751 eis
1489 4697 1613 4767 requies,
1630 4697 1680 4751 sed
1697 4700 1778 4752 reter-

76 4782 213 4851 effandum
228 4784 303 4836 irem
316 4798 408 4837 meam
420 4798 503 4853 super
516 4785 552 4836 tc.
564 4780 754 4852 Nequaquam
770 4780 822 4835 tibi
833 4798 901 4837 ven·
956 4796 993 4834 ua
1003 4780 1165 4851 captivitas.
1178 4779 1265 4836 Porro
1275 4781 1466 4855 Septuaginta
1470 4785 1553 4854 juxta
1562 4782 1644 4838 illum
1656 4799 1778 4841 sensum

76 4872 139 4925 lura
153 4869 324 4943 praedicam,
352 4885 404 4925 nec
423 4869 624 4926 comminabor
647 4885 711 4940 quac
736 4868 820 4942 longe
835 4872 902 4941 post
954 4867 984 4922 ia
1001 4885 1058 4940 quo
1073 4869 1211 4927 scribitur
1227 4888 1233 4925 :
1249 4875 1420 4943 ncqrteenim
1433 4874 1510 4927 scitis
1520 4873 1585 4943 quiet
1599 4881 1717 4929 centurn
1726 4891 1778 4946 pn·

74 4957 172 5013 tutona
186 4961 257 5014 sunt
272 4975 280 5012 ε
298 4975 376 5014 nunc
390 4958 420 5013 in
437 4964 463 5014 te
478 4956 629 5028 complebo
646 4957 772 5013 lurorem
788 4973 899 5013 meum.
953 4958 1011 5011 rint
1025 4957 1080 5012 dics
1097 4958 1189 5025 (t’rov.
1205 4976 1292 5027 aava,
1309 4962 1346 5031 )t.
1370 4961 1505 5015 dixerunt
1520 4977 1527 5015 ε
1543 4963 1607 5017 Ecce
1621 4962 1678 5018 dics
1690 4964 1777 5035 parit,

73 5046 314 5113 oriturarum
328 5061 513 5118 nequaquam
525 5044 637 5117 absquo
647 5043 761 5116 judicio
773 5050 818 5101 est
830 5063 836 5102 :
848 5046 900 5102 sed
956 5046 1032 5115 quod
1044 5045 1137 5101 multo
1148 5053 1215 5103 ante
1225 5055 1397 5120 conceperat
1410 5065 1416 5104 :
1428 5050 1552 5121 uenitque
1562 5053 1663 5120 riniaet
1672 5068 1779 5125 egressa

74 5142 106 5190 nt
120 5136 227 5191 reddat
241 5134 302 5190 vias
313 5140 379 5191 tuas
391 5136 420 5189 in
436 5137 524 5206 eaput
538 5137 666 5201 taenari
677 5150 779 5191 omnes
789 5134 899 5191 abomi·
953 5141 994 5190 est
1008 5135 1167 5205 corripierio,
1181 5150 1244 5207 que
1261 5136 1338 5192 mala
1350 5143 1445 5193 vestra
1460 5139 1558 5196 omnia
1568 5141 1778 5214 complectatur

110 5264 199 5330 :cll-{x
209 5260 341 5315 subnexa
352 5258 518 5331 Hieronymi
528 5257 771 5329 expositionc‚ubi
781 5266 898 5327 etnunc,
988 5259 1027 5327 (b)
1039 5260 1079 5314 lta
1088 5258 1315 5328 retinendum,et
1323 5262 1454 5317 subnexa
1463 5265 1604 5336 expositio
1620 5266 1732 5338 probat,
1748 5269 1778 5322 ot

72 5332 181 5404 inquit,
198 5334 230 5387 iu
245 5339 272 5387 te
285 5331 422 5387 rombtebo
434 5331 560 5400 furorem
573 5345 674 5395 meum,
687 5330 819 5385 videatur
831 5347 898 5386 oum
954 5329 1155 5411 tiebatt'tst'tt.
1164 5332 1240 5413 qued
1252 5332 1388 5413 circutum
1403 5340 1497 5391 sonat.
1514 5336 1545 5391 ln
1559 5336 1776 5392 Hieronautem

71 5403 202 5458 victorio
217 5403 373 5475 legendum
389 5400 534 5483 complebo,
551 5415 602 5472 pro
618 5400 766 5471 replicabo,
776 5402 899 5458 uiaaime
953 5401 1023 5456 edit.
1039 5406 1196 5472 contractio
1209 5402 1358 5458 scribitur.

69 5490 140 5531 ²⁰¹⁰
158 5475 241 5531 ¹¹⁸<st
262 5472 388 5545 Vulgata
419 5473 536 5528 merlin·
566 5471 654 5527 ⁰dlll0
670 5470 785 5539 bibitis
803 5473 899 5529 etHe-
990 5489 1025 5559 (c)
1035 5489 1081 5545 Sic
1092 5489 1227 5553 nostri,ct
1237 5496 1372 5563 quatuor,
1385 5509 1458 5566 quos
1468 5494 1575 5552 Victor.
1587 5492 1774 5567 laudaturae.

69 5564 172 5695 m:
202 5566 298 5621 textas
317 5547 407 5633 artabe,
437 5561 589 5623 Grecusve
618 5555 769 5617 revestiens
798 5578 898 5622 essen
953 5559 1360 5637 naturamnaturaim..
1376 5567 1578 5641 postlirasm,
1595 5567 1672 5645 quio.
