3840 6098
382 332 1104 411 conaturaatoauutunauuataus.
1126 337 1213 404 uua.
1237 334 1276 401 u.
1606 320 1697 403 aare

81 497 111 556 a,
122 497 182 557 qua
192 479 304 539 oeterh
315 479 439 537 faciebat
450 478 599 552 injuriam,
613 477 734 534 avertit:
751 480 802 531 eut
815 476 843 542 Α
855 476 1005 548 parabitur
1018 475 1222 533 umbraculum.
1236 477 1329 532 Portae
1338 474 1487 546 puetarum
1496 476 1686 548 aperteauut,

81 571 198 639 aeliam,
209 558 689 644 quamaheliiesustiaebattacoh,
699 566 803 622 avertit
859 572 885 624 et
900 569 1034 642 templum
1049 568 1084 625 ott
1098 568 1188 626 solum
1201 566 1326 622 directum
1344 568 1395 631 eet,
1410 573 1437 621 et
1459 567 1540 624 miles
1563 569 1687 640 captiuus

83 680 129 720 us.
140 660 196 718 Sed
209 660 281 716 mihi
292 660 406 715 videtur
417 658 523 715 melius
533 675 597 714 esse
610 662 643 713 ut
655 660 804 713 coutume·
857 656 990 715 abductae
1005 663 1055 726 etl,
1070 666 1096 714 et
1109 655 1221 713 omillae
1234 655 1294 727 ejus
1308 655 1496 735 minabuntur,
1508 665 1688 734 pemerateeut

81 768 147 810 uam
156 751 246 807 laceb
254 748 366 806 solebat
374 748 597 815 ceterisiucere,
607 764 623 802 e
633 746 757 803 Domino
766 744 805 800 sit
859 746 1002 814 columbe,
1017 754 1225 803 murmurantes
1240 747 1271 801 ln
1284 736 1487 802 cordibussuis.
1502 749 1574 805 LXX
1586 767 1593 807 :
1604 752 1689 810 Arme

81 883 88 898 .
103 839 166 897 tion
182 839 260 896 enim
276 842 363 893 tautae
376 837 493 893 virtutis
505 841 559 906 est,
574 837 610 892 ab
622 835 687 891 aliis
698 837 804 890 tactam
859 839 987 907 potentia
1000 838 1058 910 ejus
1073 835 1291 900 columinibus,
1306 835 1379 891 aima
1400 839 1484 908 sortes
1498 839 1643 898 illudentes
1658 844 1687 898 in

81 946 117 987 im
132 929 290 995 sustinere,
309 932 424 1000 quante
440 927 540 1000 gratie
555 925 669 982 Domini
680 929 735 991 eet,
748 922 807 996 pla·
860 926 924 996 iqne
935 925 986 996 (c),
999 925 1111 982 butenae
1121 942 1254 981 curruum
1264 941 1358 982 eorum
1370 927 1401 980 in
1412 925 1455 983 lie
1473 931 1686 999 praeparationis

81 1065 89 1092 ,
104 1018 218 1085 mitem,
234 1024 320 1089 atque
335 1016 540 1089 tranquillum,
557 1015 696 1086 injuriam
713 1013 807 1069 iecere
861 1014 929 1086 ejus,
945 1021 971 1070 et
983 1017 1087 1087 equites
1099 1015 1224 1071 tinebant
1239 1016 1268 1070 in
1283 1015 1422 1071 exitibus:
1443 1024 1469 1071 et
1482 1017 1689 1091 confundentur

81 1124 149 1167 tuse.
165 1106 319 1177 Quaeritur,
341 1105 489 1177 quomodo
514 1121 616 1161 averse
639 1108 684 1161 est
699 1101 808 1174 injuria
861 1119 969 1174 camus,
984 1112 1010 1161 et
1023 1104 1188 1161 collidentur
1199 1106 1230 1159 in
1242 1105 1352 1176 plateis.
1368 1104 1495 1178 depectus
1504 1122 1603 1164 eornm
1612 1112 1692 1181 quusi

92 1196 170 1255 sicut
186 1212 287 1251 aversa
302 1196 396 1250 iuerat
417 1198 446 1250 et
469 1193 569 1259 lsrael,
595 1198 750 1267 postquam
765 1190 808 1248 lu·
863 1192 1001 1265 lampades
1019 1194 1103 1265 ipnis,
1116 1198 1143 1249 et
1157 1195 1237 1265 quasi
1249 1194 1362 1266 sulpura
1376 1193 1569 1270 discurrentia,
1580 1202 1690 1256 etcum·

89 1290 134 1343 est
145 1284 235 1342 Jacob
247 1301 313 1340 cum
326 1283 440 1357 angelo,
455 1283 570 1341 Israelis
583 1300 688 1340 nomen
702 1282 810 1339 meruit
862 1282 1090 1338 memorabuntur
1103 1284 1246 1355 optimates
1260 1298 1366 1351 emuna,
1381 1291 1407 1340 et
1419 1287 1529 1356 sapient
1543 1287 1572 1342 in
1583 1287 1689 1360 diebus,

81 1375 229 1448 re(l1'enes.
242 1373 543 1445 xxx11)‚etquiavidil
556 1377 658 1438 Deum,
670 1372 808 1445 iujuriam
863 1373 889 1425 et
904 1370 1123 1440 infirmabuntur
1136 1373 1165 1426 in
1182 1372 1280 1427 itinere
1292 1387 1351 1437 suo,
1364 1381 1390 1429 et
1397 1373 1573 1448 seeunobunt
1583 1376 1623 1433 od
1632 1393 1691 1433 mu·

89 1463 222 1522 cessavit.
238 1463 319 1519 Sicut
333 1479 401 1534 ergo
418 1463 515 1529 lsrael,
533 1479 639 1519 sensus
649 1461 694 1519 vel
714 1462 758 1516 vir
768 1461 809 1517 vi·
863 1462 952 1528 rouel
961 1459 1539 1535 praeparabuntpropuqnoculnsuozportee
1550 1466 1692 1524 modulum

81 1554 174 1619 hum,
190 1557 219 1609 et
233 1568 349 1624 semper
365 1553 401 1607 de
418 1557 473 1608 Deo
493 1552 637 1624 cogitans,
653 1551 747 1607 lacere
757 1567 809 1606 ne·
864 1555 969 1618 oportue
976 1551 1050 1619 eunt,
1059 1557 1085 1604 et
1094 1549 1585 1620 requlioconcitterunl,etsubatontio
1592 1555 1693 1612 reuela-

81 1642 199 1716 juriam,
216 1640 258 1697 sic
274 1641 371 1697 omnis
395 1639 554 1713 procacitas
579 1644 608 1696 et
633 1637 811 1696 contumelia
865 1637 1692 1712 toesl3etipeuoecendebot,ctoueillaeejuednoelonturaicnl
1744 1709 1748 1717 ¹

81 1735 141 1789 ‚eet
155 1748 172 1786 a
188 1730 289 1800 Jacob,
311 1729 365 1785 hoc
385 1733 439 1798 est,
452 1746 469 1784 a
483 1727 715 1801 supplantatore,
726 1728 762 1784 ab
777 1743 810 1782 eo
864 1725 998 1784 columbae
1011 1727 1089 1785 m
1103 1727 1241 1798 loquentes
1255 1728 1285 1783 in
1298 1728 1427 1785 cordibus
1440 1733 1509 1786 auis.
1526 1733 1693 1793 Secundum

81 1820 134 1877 huc
142 1820 173 1875 ia
184 1819 345 1875 certamine
358 1816 472 1891 positus
484 1816 653 1890 supplantat
664 1817 809 1873 inimicos.
826 1847 851 1912 B
864 1812 1019 1871 historiam
1031 1815 1694 1892 adversumNiniveuordosequitur,etdeeori·

81 1924 132 1967 em
147 1908 287 1977 sciamus,
304 1907 450 1979 quomodo
466 1905 611 1977 injuriain
627 1905 735 1961 malam
747 1921 812 1977 par-
865 1901 945 1957 bitur
959 1902 1187 1976 Babyloniorum
1202 1905 1346 1962 exercitus
1361 1911 1463 1964 contra
1482 1925 1547 1966 eam
1563 1912 1693 1970 veniens.

81 1997 227 2071 teipiatur,
248 1995 386 2051 Salomon
405 1995 490 2051 testis
517 1999 570 2061 est,
596 1994 715 2050 dicens:
734 1994 813 2051 Oculi
866 1991 946 2056 Quod
955 1993 1695 2066 auumaitztpueaetatmaacarruuminridentibus

81 2086 165 2156 malm]
185 2085 375 2142 contumeliosi
403 2084 498 2154 linquo
527 2085 625 2155 iniqua
652 2082 742 2154 (Pron.
758 2082 810 2154 vi).
866 2078 1697 2168 loris,velocitatem(b)praeparantiumsigniticetetquaei

81 2175 240 2233 Menatem
252 2174 413 2229 secundum
426 2170 812 2244 utramqueintelligentiam
867 2165 1012 2238 tarracone
1024 2171 1251 2244 praeparantium
1263 2190 1294 2230 se
1305 2174 1340 2229 ad
1358 2174 1491 2248 praelium
1509 2194 1618 2254 pompe
1628 2198 1696 2239 uar-

81 2279 208 2321 aeversa
222 2261 263 2318 sit
277 2279 294 2317 a
307 2261 408 2332 Jacob,
425 2278 490 2334 quae
505 2261 588 2333 prius
604 2259 813 2334 aversa-luerat
866 2260 1695 2341 ratur.commixtimquenunedeisraelquaelimpassue

81 2351 379 2426 ael,sequenssermo
395 2350 542 2406 declarat:
561 2351 633 2420 Quin
646 2351 813 2407 cumtientes
867 2345 916 2414 sit,
928 2347 1269 2421 nuncdeAssyrioquod
1287 2351 1396 2420 lecerit,
1423 2370 1502 2410 nuuc
1525 2357 1696 2432 deBabplo-

81 2444 161 2500 emant
176 2457 230 2509 eos,
245 2444 272 2495 et
286 2440 401 2512 {lupello
416 2455 511 2495 eorum
525 2439 650 2495 demoliti
662 2443 737 2511 aunt,
752 2439 813 2495 eive
867 2436 924 2492 niis
935 2438 1197 2508 queexerceeutiu
1207 2440 1352 2513 Assyrios,
1362 2441 1692 2514 Scripturaoontexitur.

81 2539 177 2589 munt.
191 2530 268 2589 “2
292 2527 405 2601 Angeli,
422 2527 530 2601 iuquit,
547 2527 744 2601 singulorum,
761 2528 812 2600 qui
867 2526 929 2582 Nou
940 2529 1073 2600 estange,
1085 2527 1136 2598 atil,
1149 2527 1255 2584 mirum
1265 2528 1289 2585 si
1299 2534 1359 2586 tam
1370 2529 1506 2588 velociter
1524 2534 1561 2589 ad
1575 2539 1691 2593 vasten-

81 2617 334 2677 lieeidentiaeiem
342 2616 437 2672 Patris
448 2617 560 2688 (ruoitla.
572 2634 651 2688 xv111,
665 2617 719 2688 10),
731 2616 814 2690 quid·
868 2615 938 2670 dum
954 2614 1082 2686 veniant,
1105 2633 1171 2673 cum
1200 2617 1357 2691 egitetores
1385 2624 1413 2676 et
1441 2621 1530 2679 fortes
1545 2622 1588 2679 vel
1603 2624 1693 2684 Israel

80 2708 198 2768 ulacob
210 2713 239 2764 et
250 2705 336 2763 lsrael
348 2705 512 2762 adheserat
529 2705 667 2778 pulveris,
678 2722 814 2763 excusse·
868 2706 945 2771 ante,
957 2702 1001 2760 vel
1014 2707 1115 2776 postea
1124 2705 1309 2778 Assyriorum
1327 2706 1436 2764 fuerint
1454 2712 1607 2785 consopiti.
1619 2714 1693 2772 Rur-

82 2797 166 2856 Unde
180 2802 210 2853 et
225 2796 308 2852 Petro
327 2794 464 2850 lavantur
474 2796 561 2866 pedes
583 2796 671 2867 (loun.
691 2799 764 2864 xm).
783 2795 814 2851 ut
869 2808 995 2864 sumque
1005 2792 1040 2848 ad
1052 2793 1258 2867 descriptionis
1268 2795 1399 2852 ordinem
1411 2799 1696 2862 redieusz'l'eutaest

81 2885 226 2960 sephelam
237 2884 345 2940 dicitur
357 2902 366 2939 :
377 2886 480 2940 Excute
488 2884 640 2955 prolatorem,
655 2893 814 2957 eleuaurpe,
868 2881 965 2953 inquit
977 2880 1135 2940 multitudo
1145 2883 1336 2952 venientium,
1346 2890 1378 2943 ut
1386 2889 1577 2948 commixtum
1588 2908 1695 2966 agmen

81 2977 137 3034 lein
147 2976 226 3048 (leui.
236 2991 283 3029 aa.
294 2973 332 3046 2).
345 2971 503 3045 Discipulis
513 2989 631 3046 quoque
641 2990 657 3029 a
668 2974 816 3031 Salvatore
870 2970 908 3027 sit
917 2971 947 3026 ia
957 2971 1071 3039 itinere,
1085 2977 1113 3029 el
1123 2973 1250 3029 discerni
1261 2979 1393 3048 nequeat.
1410 2978 1484 3050 lpsee
1494 2995 1607 3054 quoque
1622 2999 1695 3056 qua·

81 3065 181 3140 ptiar:
212 3065 335 3120 umutile
360 3064 500 3134 puluerem
534 3063 636 3134 pedum
668 3067 817 3120 uestrorum
870 3059 959 3132 drigau
973 3060 1044 3115 dum
1059 3060 1135 3116 viam
1152 3077 1209 3116 non
1238 3063 1397 3134 reperiunt,
1426 3080 1484 3137 pree
1508 3066 1696 3129 multitudine

81 3153 263 3225 ·..x,1t).tit
285 3152 315 3207 in
340 3151 466 3207 Psalmis
492 3151 635 3223 scriptum
656 3156 719 3208 est:
742 3153 817 3209 Sicut
871 3146 947 3203 inter
960 3147 1182 3206 socelliduntur
1194 3151 1223 3206 in
1235 3150 1349 3223 plateis.
1369 3157 1697 3231 aspectusuabytonio·

81 3245 143 3303 pin
154 3258 241 3298 manu
252 3243 381 3314 potentie,
397 3243 437 3295 itu
458 3241 514 3310 filii
536 3257 714 3296 excussorum
729 3242 814 3314 (Paul.
832 3217 853 3284 C
873 3253 939 3292 rum
950 3237 1035 3309 quasi
1048 3237 1210 3311 lampades,
1222 3239 1306 3312 quasi
1317 3240 1434 3315 iulgura
1447 3243 1652 3317 discurrentia,
1668 3251 1702 3305 ut

83 3332 123 3406 t).
140 3330 424 3402 Aversaestitaque
449 3346 533 3386 meas
559 3330 820 3387 adooulumeliam
875 3325 1016 3383 antevisu
1028 3328 1209 3384 adversarias
1220 3334 1358 3396 terreant,
1369 3348 1459 3404 quum
1473 3342 1613 3393 muorobe
1632 3353 1701 3409 pro·
1745 3383 1750 3391 .

81 3425 133 3494 pte,
148 3437 165 3476 a
179 3436 246 3475 vero
261 3419 360 3486 laceb,
380 3424 408 3474 et
418 3436 435 3473 a
446 3435 513 3474 vero
530 3419 638 3474 lsrael:
652 3420 721 3491 quia
733 3419 821 3492 quid.
875 3417 1017 3471 sternant.
1028 3415 1110 3471 Tune
1123 3417 1324 3473 recordabitur
1334 3425 1429 3475 Assur
1438 3420 1557 3478 fortium
1568 3440 1700 3498 suoram,

82 3526 102 3566 n
111 3508 154 3566 eis
166 3512 315 3565 terrenum
328 3507 432 3572 tuerat,
443 3512 473 3563 et
485 3508 520 3563 de
538 3507 668 3563 inferiori
680 3508 739 3564 lece
753 3525 821 3564 con·
875 3506 903 3558 et
914 3505 1023 3575 qumi
1034 3517 1095 3569 0⁰⁸,
1107 3504 1157 3576 qui
1168 3503 1197 3559 1¹1
1206 3502 1362 3562 itineribus
1372 3513 1555 3578 corruerunt,
1567 3515 1595 3567 et
1603 3528 1702 3569 880611·

81 3614 112 3667 n,
127 3598 184 3654 hoo
199 3596 344 3653 ministris
360 3595 485 3667 angelis,
503 3596 566 3652 sive
580 3597 777 3654 monitoribus
788 3614 821 3653 ac
877 3589 1073 3648 delvelwiier
1083 3608 1184 3648 11¹⁰?OE
1202 3593 1314 3661 Ninive,
1336 3611 1369 3651 ³0
1387 3600 1505 3668 ΡΓΟΡῗθΡ
1520 3598 1701 3658 ⁰b³idi⁰¹¹0m

81 3687 141 3744 dria
153 3703 310 3744 excussam
326 3689 370 3742 est
386 3688 474 3757 atque
493 3685 682 3751 mundatum.
698 3686 748 3758 qui
764 3703 822 3742 nen
876 3678 1702 3758 (atlongissimamaddepellendosastuspreparabitum-

81 3795 87 3834 ι
103 3778 295 3835 excusserunt
316 3791 386 3832 eos:
404 3775 454 3832 sed
479 3774 539 3830 vita
559 3790 687 3846 quoque,
707 3792 770 3847 quae
786 3775 822 3832 ad
876 3768 997 3825 bracale
1006 3770 1062 3842 (Pe.
1074 3775 1179 3841 exau).
1198 3770 1253 3826 Sed
1273 3771 1345 3842 quid
1362 3772 1636 3844 predestedilioare
1650 3777 1702 3834 tto·

81 3880 121 3924 ms
134 3869 250 3921 mutum
265 3881 371 3922 sensus
386 3864 535 3937 voluptate
557 3861 734 3932 demulcent,
750 3870 779 3920 et
793 3864 822 3919 in
878 3874 970 3923 mum,
987 3858 1043 3914 nisi
1059 3859 1202 3915 Dominus
1217 3860 1424 3917 aedificaverit?
1437 3862 1511 3929 Quid
1526 3864 1607 3936 juvat
1622 3864 1702 3923 elau·

81 3952 324 4027 ‚mbagellorum,
340 3969 373 4008 ac
397 3952 604 4026 propaginum,
632 3969 696 4025 quae
712 3955 824 4026 absque
877 3947 945 4004 dere
964 3952 1073 4020 portas,
1090 3963 1164 4020 ques
1188 3947 1331 4005 Dominus
1353 3951 1487 4014 reserat?
1505 3953 1618 4025 Aperte
1633 3960 1704 4014 suut

81 4040 180 4101 tioliie
191 4042 367 4116 plenasunt,
389 4042 617 4115 dissipaverunt,
640 4042 755 4099 dicente
767 4043 823 4100 Do·
877 4040 968 4108 90¹4ae
983 4034 1096 4108 Ninive,
1113 4053 1176 4110 (1⁰ae
1191 4037 1227 4093 ad
1243 4037 1337 4094 instar
1360 4039 1516 4098 fluminum
1540 4043 1647 4102 habeat
1662 4046 1704 4103 οἱ·

85 4149 94 4189 :
111 4132 225 4192 Omnem
240 4133 430 4204 prowm
446 4146 509 4204 φη»
519 4133 548 4186 p„
560 4147 604 4186 me
614 4138 718 4198 mame,
730 4141 756 4188 ep
763 4135 824 4205 sm.
878 4125 958 4180 nium
969 4124 1201 4199 multitudinem,
1210 4127 1400 4201 ettemplum,
1409 4129 1437 4185 id
1446 4134 1631 4204 est,regnum
1640 4135 1704 4208 ejus

81 4220 167 4297 affert,
191 4222 273 4277 Pater
296 4237 373 4276 meus
396 4221 514 4276 mundat
536 4223 565 4275 ut
587 4222 710 4292 t'ructum
733 4223 824 4294 mauis
879 4214 1262 4282 destructumest,etmiles
1275 4217 1564 4290 captivusabduotue
1580 4227 1634 4292 eet,
1649 4223 1705 4282 hoo

81 4313 111 4368 t:
141 4310 319 4383 quatientem
338 4311 368 4364 in
390 4325 432 4366 me
453 4325 510 4364 non
536 4318 640 4378 monet,
664 4317 690 4366 et
703 4309 827 4383 {ructum
879 4306 935 4367 est,
944 4319 1047 4360 omnes
1057 4304 1135 4360 ducti
1148 4309 1218 4361 eunt
1228 4304 1258 4360 in
1283 4306 1470 4382 Babylonem.
1494 4310 1705 4371 Aneillasvero

81 4398 153 4475 pert,
169 4401 254 4456 Pater
274 4414 351 4454 meua
370 4397 512 4469 prandet,
534 4401 560 4454 et
583 4399 613 4452 in
635 4400 727 4470 ipnem
740 4401 828 4456 mittit
879 4392 981 4449 Ninive
990 4408 1042 4466 per
1052 4393 1253 4467 metaphoram
1264 4395 1394 4477 minores
1405 4396 1492 4454 urbes
1510 4402 1539 4454 et
1556 4398 1667 4459 viculos
1677 4406 1707 4460 et

81 4510 98 4547 ,0
113 4490 171 4562 ῃ),
879 4480 1000 4538 castella
1009 4481 1149 4556 intellige.
1162 4481 1213 4540 Vel
1232 4487 1310 4541 certe
1321 4484 1440 4558 captive
1458 4484 1596 4544 mulieres
1611 4489 1705 4546 mina·

81 4594 121 4637 η,
136 4578 164 4634 3.
182 4581 279 4650 seqq.)
293 4575 410 4650 clypeus
430 4578 545 4646 fortium
558 4576 617 4647 ejus
642 4578 757 4646 innitur,
772 4577 829 4632 uiri
841 4585 866 4652 D
879 4569 1279 4627 huntureateoravietorum
1294 4577 1472 4645 ;tantusque
1487 4570 1652 4650 terror'erit,
1673 4583 1707 4634 ut

81 4669 128 4726 'late
143 4668 174 4723 in
188 4666 341 4722 coccineis:
368 4669 456 4737 iqueae
480 4664 597 4723 bubenae
619 4682 716 4721 currus
741 4668 771 4721 tn
784 4665 829 4722 die
882 4657 955 4713 neiu
968 4657 1116 4733 singultus
1126 4660 1245 4733 quidem
1260 4663 1290 4716 et
1303 4660 1449 4718 ululatum
1464 4668 1600 4736 erumpat
1613 4665 1705 4737 dolor,

81 4757 208 4815 entenic
223 4756 302 4829 ejus:
328 4758 353 4811 et
378 4757 529 4824 opitulares
551 4755 684 4826 consopiti
706 4758 780 4822 eunt,
797 4755 827 4809 in
882 4747 933 4802 aed
945 4747 1022 4803 intra
1032 4765 1063 4805 se
1074 4748 1160 4804 tacite
1171 4752 1300 4821 gemant,
1312 4753 1341 4805 et
1351 4750 1476 4807 obscuro
1492 4768 1644 4811 murmure
1657 4756 1707 4812 de·

81 4845 143 4904 ibus
156 4844 313 4903 conturbati
335 4847 411 4916 aunt,
436 4843 576 4916 quadrien
590 4841 698 4901 collisae
719 4851 784 4900 sunt
798 4859 828 4899 m
880 4836 1136 4911 vorentlecrymee
1150 4836 1179 4893 iu
1194 4854 1304 4893 murem
1320 4839 1541 4897 mussitantium
1555 4841 1707 4901 oolumba·

81 4934 242 5008 aduectus
253 4950 424 5007 eorumquae
450 4932 598 5004 lampades,
616 4934 696 5005 quasi
714 4932 828 5004 sulpure
881 4941 958 4982 rum.
973 4929 1039 4982 Haeo
1054 4926 1140 4998 juxte
1158 4925 1330 4982 Hebraicam
1350 4926 1547 4985 traditionem.
1561 4929 1645 4988 Nune
1659 4948 1706 4990 ve·

81 5025 193 5081 mettin.
209 5023 405 5081 Recordubitur
429 5023 544 5093 tortium
564 5037 687 5090 suorum,
702 5024 782 5077 ruerat
796 5021 826 5075 in
883 5015 1001 5071 niamus
1013 5015 1050 5070 ad
1061 5014 1252 5088 Septuaginta
1259 5015 1459 5072 translatores.
1472 5019 1706 5092 decutimleelet),

81 5112 222 5179 mutuis,
237 5110 520 5168 uelociteroecendent
534 5125 628 5166 muros
638 5111 706 5181 ejus,
716 5113 742 5165 el
750 5125 827 5182 pre·
881 5104 932 5178 qui
947 5107 1138 5161 excusserunt
1151 5103 1241 5160 Jacob
1256 5108 1285 5160 et
1305 5105 1403 5176 lsrael,
1428 5109 1457 5163 et
1477 5105 1592 5181 llagelle
1605 5125 1705 5166 eorum

81 5323 825 5406 Noutrimss.iqneaetobenae,proinione,ete.,quod
881 5318 1036 5403 abcdu'pro
1052 5315 1145 5373 αὐτοῦ.
1244 5392 1249 5402 ⁴
1498 5393 1503 5405 .
1627 5396 1631 5406 Ι

89 5397 154 5473 ipse
173 5397 308 5471 preferre
336 5396 451 5452 llieroa.
481 5395 606 5450 videtur.
636 5394 712 5449 Tum
736 5394 825 5450 iidem
916 5391 1057 5537 &ladem
1067 5391 1705 5466 mss„uelocitatemproperualuumaiqmfieol.

81 5470 108 5527 ie
122 5467 266 5526 Brixiaais
277 5484 366 5542 penes
381 5465 554 5524 Victoriam.
574 5464 749 5537 Graecusque
763 5464 827 5537 ipse
961 5463 1106 5527 Martiam,
1118 5461 1295 5533 templatim
1306 5466 1706 5539 mss.ver0noumimumpra-

81 5538 491 5599 svooemcorumsultioiuut.
516 5537 582 5593 Mox
611 5552 728 5609 quoque
746 5551 826 5592 oam-
880 5536 988 5592 terunt.
1347 5596 1350 5601 ⁸

81 5626 179 5671 eonem
189 5628 267 5695 proc
321 5612 504 5669 substituunt
514 5606 607 5666 nostri
620 5624 692 5665 mss.
706 5611 827 5681 ;estque
916 5608 955 5680 (dt
968 5609 1062 5663 Penes
1075 5603 1249 5676 Victoriam,
1264 5605 1441 5663 Eemtiemm
1458 5615 1636 5666 temitanum
1649 5623 1706 5682 cot,

81 5682 145 5744 aia
159 5629 394 5758 aliquoffiraais
416 5679 644 5755 exemplaribus,
668 5677 826 5753 lauapualm
880 5679 909 5737 id
922 5684 975 5748 eat,
988 5676 1079 5748 local,
1099 5680 1154 5735 etc.

385 5849 391 5859 ι
