3840 6098
102 280 180 372 aliti
446 313 819 377 counanrnaruaun
842 311 880 374 nv
904 308 1131 372 arcananii
1155 312 1229 373 me.
1253 313 1292 375 ιι.
1309 312 1395 374 cna.
1413 311 1465 374 rx.
1728 309 1807 373 raes

101 439 370 517 credideruntquia
384 446 509 502 necdum
520 445 652 502 viderant
668 445 753 518 signa
768 444 923 517 alquevir·
937 442 967 510 Α
980 447 1005 498 ct
1018 460 1120 514 porcum
1130 445 1160 498 in
1175 445 1257 503 domo
1268 463 1330 502 naeu
1340 446 1564 514 elevationem‚ut
1575 458 1656 500 nemo
1667 445 1808 514 pertrans·

100 536 190 599 tutes,
207 536 308 605 pastea
330 533 463 589 viderent
478 550 529 605 per
552 531 699 604 apostolos
713 537 742 588 et
763 532 924 598 crederent,
981 536 1035 599 cot,
1051 535 1279 605 cinerescentia,
1296 544 1503 607 etneqnaquam
1517 534 1744 605 superveniateia
1759 532 1809 588 al·

99 624 257 693 essentque
268 619 460 678 beatitudinis
471 620 551 677 illius
561 624 813 693 compotes,quam
825 621 926 676 Domi·
980 632 1026 678 tra
1040 624 1154 678 abactor
1166 630 1191 678 et
1201 626 1327 680 eminans
1338 641 1344 679 :
1355 624 1421 695 quio
1437 638 1511 678 iruna
1524 621 1582 677 uitii
1596 623 1625 676 in
1634 622 1720 677 oculis
1729 623 1808 678 meis.

97 724 155 765 nus
169 709 468 781 repromittit,dicens
485 727 492 766 :
509 712 648 765 beatiores
662 712 712 781 qui
726 710 926 766 conciderunt
979 709 1103 766 Ascalon
1119 711 1328 783 interpretatur
1342 715 1416 781 ipnis
1440 710 1570 781 innobilis
1585 711 1645 766 sive
1657 710 1808 782 ponderato

99 802 127 854 et
141 797 318 855 erediderunt
334 799 423 868 (ioan.
440 799 549 868 xs,29).
567 800 661 871 'tyrus
678 803 777 855 autem
792 802 821 854 ot
836 799 925 853 Sidon
981 797 1034 871 [Al.
1050 800 1181 872 pomieno]
1209 818 1215 855 :
1241 800 1326 867 Gaza,
1342 803 1430 872 fortis,
1452 804 1503 856 aut
1527 801 1676 872 imperium
1690 818 1701 856 .·
1715 801 1807 856 Acca·

98 887 236 960 (quarum
261 886 352 943 altera
376 887 492 961 ωνοχή,
517 889 545 942 id
570 892 625 958 est,
650 889 778 960 angustia
801 905 811 942 .·
836 886 927 944 altera
981 905 1044 956 ron,
1060 889 1172 956 sterilis,
1189 890 1248 946 sive
1269 890 1409 946 eradicata
1427 908 1434 944 :
1451 893 1569 961 azotus,
1587 906 1649 962 que
1668 887 1807 946 Hebraico

98 975 232 1050 θήρευμα,
246 976 339 1042 idest,
355 976 699 1047 uenatio‚interpretatur)
710 977 856 1033 intantum
870 976 925 1032 sibi
981 976 1088 1032 dicitur
1099 994 1189 1034 ssaoa
1212 978 1344 1050 (tinen),
1361 980 1433 1049 ipitis
1457 977 1493 1049 (c)
1507 993 1651 1049 generans,
1667 982 1718 1032 aut
1732 978 1806 1047 ignit

100 1081 255 1138 sumpsere
279 1064 466 1138 sapientiam,
492 1070 525 1120 ut
550 1065 783 1138 sophismatibus
811 1065 875 1121 suis
899 1070 928 1121 et
979 1068 1084 1137 putrui,
1101 1066 1144 1122 vei
1168 1068 1243 1136 ipati
1266 1068 1422 1130 mumitlae,·
1443 1066 1605 1133 Jebusaeus,
1620 1067 1807 1123 conculcatam

99 1154 137 1227 (a)
153 1153 372 1210 dialecticorum
388 1154 501 1210 retibus
525 1158 554 1210 et
569 1153 768 1226 sophistarum
792 1154 925 1225 texturis,
981 1155 1059 1210 ssu
1084 1160 1178 1211 sonat.
1200 1155 1359 1211 Nominum
1383 1155 1582 1229 expressimus
1603 1153 1804 1228 etymologias,

100 1258 175 1314 quas
201 1241 392 1310 munitiones,
407 1242 559 1315 Scriptura
583 1249 803 1311 commemorat,
820 1259 925 1315 propo·
981 1248 1015 1299 ut
1029 1260 1149 1300 sensum
1165 1244 1289 1302 breviter
1312 1261 1529 1317 percurramus.
1546 1244 1656 1300 Videas
1678 1243 1804 1300 Ascalon

99 1331 336 1404 aeret(b)Tyrus
351 1331 508 1405 aenigmata
521 1331 678 1403 Salomoni,
695 1332 790 1398 idest,
804 1332 864 1404 regi
878 1349 927 1405 pa·
981 1336 1010 1388 et
1033 1333 1108 1388 Gaza
1130 1335 1160 1388 et
1186 1336 1326 1399 Accaron,
1353 1335 1430 1406 quod
1456 1331 1557 1389 dmath
1582 1337 1660 1389 esset
1682 1332 1712 1387 in
1740 1330 1808 1388 ssni·

99 1420 632 1492 cifico,etargentumsuum,nitorem
643 1419 925 1492 videliceteloquen-
981 1421 1037 1476 bus
1061 1420 1207 1486 Damasci,
1232 1426 1261 1477 et
1285 1423 1395 1496 Tyrum
1422 1426 1451 1479 et
1475 1423 1623 1485 Sidonem,
1650 1424 1807 1494 postquam

98 1508 156 1579 tie,
172 1511 201 1563 et
216 1524 333 1576 aurum,
350 1524 490 1565 sensuum
508 1508 706 1577 calliditatem,
718 1510 813 1565 instar
826 1510 927 1582 pulve·
983 1526 1126 1581 percusse
1142 1512 1255 1566 suntin
1280 1511 1414 1580 circuitu,
1431 1517 1459 1567 et
1474 1528 1561 1567 omne
1576 1527 1677 1567 earrrrn
1693 1510 1806 1579 ianam,

98 1595 139 1652 ris
154 1599 183 1652 et
197 1594 251 1651 luti
271 1597 348 1668 quod
365 1596 395 1652 in
411 1596 513 1670 plateis
538 1615 571 1653 ac
586 1598 640 1654 viis
654 1604 708 1666 est,
724 1602 924 1672 congregaret,
981 1597 1071 1672 ligna,
1087 1604 1116 1654 et
1139 1599 1248 1671 stipula
1269 1600 1406 1656 incendio
1434 1600 1633 1674 conflagravit,
1655 1615 1807 1672 possessas

97 1690 130 1741 ut
148 1697 271 1757 ragnum
286 1684 460 1742 idololatriae
484 1687 561 1758 quod
578 1687 735 1753 munierat,
752 1687 925 1759 possideret.
982 1703 1046 1744 esse
1062 1705 1078 1742 a
1094 1688 1227 1754 Domino,
1244 1694 1272 1744 et
1294 1689 1364 1762 ipss
1379 1688 1485 1746 timore
1499 1706 1532 1745 ac
1547 1688 1645 1744 dolore
1659 1692 1688 1745 at
1703 1688 1773 1744 coal
1793 1717 1805 1729 ·

105 1772 161 1829 S'ed
177 1773 316 1830 adversus
336 1774 390 1830 has
409 1775 588 1831 munitiones
601 1774 757 1848 Apostolus
773 1774 903 1847 loquitur
918 1793 925 1830 :
943 1811 965 1875 B
982 1775 1063 1832 sione
1079 1776 1248 1848 perterritae,
1264 1782 1413 1850 coeperunt
1439 1794 1555 1850 sperare
1571 1776 1702 1834 meliora.
1719 1775 1806 1833 Deni-

102 1862 162 1918 Ntm
175 1878 253 1918 anna
268 1863 380 1920 militiae
403 1869 503 1920 nortrae
517 1880 572 1920 noa
586 1869 653 1920 sunt
666 1867 800 1930 cornutio,
816 1866 865 1919 sert
877 1880 927 1935 po·
982 1881 1039 1937 que
1053 1864 1187 1931 Ascalon,
1201 1866 1229 1921 in
1246 1882 1304 1938 qua
1318 1872 1381 1921 erat
1391 1864 1473 1938 prius
1488 1865 1633 1936 diabolus,
1644 1868 1807 1937 ignitique-

97 1951 187 2007 tentio
201 1954 266 2017 Deo,
281 1951 317 2007 acl
331 1953 544 2009 destructionem
556 1955 747 2009 munitionum
763 1969 770 2010 :
788 1952 866 2010 8th
880 1969 921 2009 co·
982 1954 1056 2018 bilis,
1074 1957 1102 2009 et
1128 1970 1221 2026 usqae
1244 1955 1280 2009 ad
1306 1971 1474 2010 mensuram
1490 1971 1523 2011 ac
1547 1955 1663 2027 pondus
1686 1959 1806 2011 venerat

98 2042 246 2110 nuntiarant
257 2040 589 2110 destruentia,etomuem
602 2042 778 2098 altitudinem
794 2043 928 2099 cntoilen-
982 2047 1178 2115 peccatorum,
1187 2059 1290 2115 pavore
1301 2043 1485 2111 contremuit,
1493 2061 1527 2099 eo
1537 2044 1616 2115 quod
1626 2043 1806 2101 habitatores

100 2135 155 2183 tem
168 2127 354 2184 sectantum
377 2130 521 2185 scientam
548 2132 600 2186 Dei
613 2130 648 2202 (ti
666 2129 725 2186 Cor.
749 2148 778 2197 x,
794 2132 821 2195 i,
837 2134 877 2200 5).
895 2131 928 2186 ut
982 2130 1090 2186 habere
1104 2130 1250 2186 desiverit.
1264 2130 1297 2185 ur
1312 2131 1387 2187 Gaza
1401 2130 1495 2186 doluit
1505 2131 1605 2197 nimis,
1615 2148 1706 2204 agens
1716 2132 1805 2205 poeni-

102 2215 157 2272 aub
173 2232 298 2290 persona
320 2216 423 2274 Ninive
445 2235 509 2291 que
534 2219 741 2291 interpretatur
755 2227 866 2287 ornatu,
882 2219 927 2275 vel
983 2219 1116 2275 tudinem
1132 2218 1276 2275 scelerum
1288 2220 1492 2292 pristinorum,
1505 2236 1568 2291 que
1584 2221 1733 2293 quondam
1748 2222 1806 2276 ior-

99 2304 310 2378 pulcbrainihil
322 2307 400 2362 enim
408 2308 660 2364 mundoornatius
670 2309 792 2380 est),t)ei
802 2326 853 2381 per
861 2326 928 2382 pro·
983 2308 1022 2364 tis
1037 2324 1070 2364 ac
1085 2308 1159 2363 dura
1174 2308 1267 2363 luerat
1283 2308 1481 2375 indomabilia,
1497 2312 1526 2364 et
1540 2307 1595 2365 sibi
1612 2325 1732 2380 regnum
1744 2325 1807 2365 om·

105 2394 223 2468 phetam
240 2400 342 2451 contra
353 2396 454 2451 mundi
467 2396 601 2453 homines
617 2413 713 2453 sermo
729 2397 865 2470 dirigitur
878 2414 885 2452 :
898 2399 929 2453 Et
983 2397 1067 2451 nium
1083 2397 1282 2468 promittebat,
1298 2413 1332 2452 eo
1359 2397 1435 2468 quod
1462 2413 1511 2452 rex
1525 2397 1590 2469 ejus
1614 2399 1643 2451 et
1660 2398 1806 2470 princeps,

103 2487 135 2539 tu
149 2483 306 2566 inebriant,
321 2487 430 2558 erisque
443 2485 575 2558 despecta,
585 2491 611 2541 et
624 2500 729 2558 queres
744 2488 883 2542 ancilium
895 2487 929 2543 ab
983 2502 1079 2541 sermo
1090 2485 1255 2540 contrarius
1266 2489 1294 2540 et
1303 2489 1431 2557 potestas
1442 2485 1656 2555 inimici‚suum
1668 2485 1809 2558 perdidis-

105 2573 218 2628 iuimico
235 2589 241 2627 :
257 2587 352 2629 onmes
366 2576 531 2631 munitiones
544 2579 601 2632 tum
613 2577 683 2631 sicut
697 2577 764 2646 ficas
776 2592 838 2631 cum
852 2592 928 2645 pror·
983 2578 1028 2629 set
1038 2573 1206 2645 imparium.
1217 2578 1344 2629 Accaron
1357 2589 1475 2645 quoque
1486 2573 1605 2643 sterilis,
1617 2574 1687 2646 quia
1697 2574 1808 2646 absque

102 2663 144 2717 sir
157 2662 215 2716 suit
230 2678 237 2716 :
253 2663 659 2734 riconcncstesaerint,codent
670 2665 699 2719 ia
710 2681 739 2720 oa
752 2664 926 2721 comedentis.
984 2662 1058 2734 Lege
1073 2665 1101 2718 et
1126 2662 1228 2717 notitia
1255 2661 1303 2717 Dei
1329 2662 1405 2719 filios
1431 2679 1489 2718 non
1513 2662 1649 2730 habebat,
1664 2662 1809 2719 eradicata

104 2752 140 2805 Et
153 2747 263 2822 Tyrum
287 2751 377 2823 igitar
392 2757 420 2808 et
444 2751 581 2808 Sidonem
597 2753 741 2809 Dominus
757 2754 927 2826 possidebit,
983 2757 1037 2822 est,
1055 2755 1086 2806 ut
1101 2751 1214 2807 audiret
1228 2750 1301 2806 illud
1312 2749 1515 2824 propheticum
1532 2769 1538 2806 :
1556 2753 1673 2820 baebtre,
1687 2752 1807 2814 sterilia

104 2841 249 2895 eumante
263 2841 439 2910 percusserit
454 2841 655 2897 tortitudinem
666 2858 766 2898 earum
783 2841 812 2897 in
826 2841 929 2899 salsis·
983 2856 1046 2914 quae
1059 2857 1115 2897 non
1127 2842 1217 2913 poris,
1229 2856 1341 2913 erumpe
1355 2844 1381 2896 et
1395 2841 1495 2907 clama,
1511 2856 1574 2913 quac
1586 2856 1641 2896 non
1660 2843 1783 2912 parturis
1799 2857 1806 2898 ε

109 2925 186 2985 aimo
200 2934 229 2986 et
240 2927 426 2985 amarissimo
443 2927 516 2985 mari
531 2928 622 3001 hujus
637 2929 746 2995 aaecuii,
762 2934 791 2985 et
807 2945 842 2985 ne
858 2930 929 3003 quid
983 2932 1115 3002 quoniam
1124 2930 1216 3000 plures
1226 2929 1405 2999 filiidesertae
1414 2930 1671 3001 magis,qnumejur
1682 2944 1744 3002 quae
1754 2929 1807 2986 ba·

104 3018 135 3073 in
150 3019 193 3077 eis
207 3022 337 3095 pristine
352 3023 502 3074 remaneat
512 3018 670 3089 sapientie,
681 3018 711 3073 id
722 3023 776 3090 est,
789 3019 929 3085 tumentis
984 3018 1026 3074 bet
1040 3020 1130 3074 airum
1146 3018 1221 3088 (isai.
1238 3034 1293 3084 arv,
1311 3018 1342 3088 ι).
1358 3018 1489 3090 Cumque
1502 3018 1627 3074 Ascalon
1647 3022 1675 3073 et
1689 3018 1765 3074 Gaza
1778 3022 1807 3075 et

105 3108 401 3183 stultitiae,perquam
414 3106 469 3162 sibi
481 3105 641 3162 imbecilles
651 3106 838 3178 munitiones,
846 3113 875 3163 et
885 3125 928 3163 ar·
984 3113 1113 3164 Accaron
1129 3105 1236 3162 Ararint
1261 3105 1428 3179 perterritae,
1445 3110 1473 3162 ct
1497 3106 1653 3173 doluerint,
1669 3124 1702 3164 eo
1726 3108 1805 3179 quod

106 3202 378 3270 gantumetaurum
389 3194 868 3270 lutosimiliacompararunt,igne
880 3176 966 3254 easc
985 3195 1027 3252 vel
1044 3195 1222 3252 habitatores
1247 3212 1304 3251 non
1320 3195 1487 3262 habuerint,
1503 3194 1547 3252 val
1563 3213 1659 3269 regem
1676 3195 1808 3269 perdide·

107 3292 250 3360 excoquet
264 3290 292 3343 et
306 3285 461 3342 mundabit
482 3284 518 3340 ad
535 3301 653 3356 purum,
670 3286 705 3340 de
730 3302 786 3356 quo
801 3285 933 3342 Salvator
986 3286 1054 3355 rint,
1071 3283 1113 3340 vel
1129 3299 1197 3355 spes
1212 3300 1260 3339 aas
1277 3284 1330 3355 [Al.
1347 3283 1460 3354 earum]
1472 3284 1612 3339 trustrata
1627 3284 1810 3358 sitpristina‚

106 3374 238 3449 loquitur
254 3375 283 3431 in
299 3372 473 3447 Evangelia:
484 3373 576 3444 lpncm
589 3374 654 3428 neni
666 3374 775 3429 mittere
789 3383 932 3445 superter-
987 3373 1155 3446 alienigenae
1179 3371 1322 3426 sedebunt
1349 3370 1378 3426 in
1398 3376 1497 3438 Azoto,
1514 3372 1563 3426 ubi
1588 3371 1666 3443 ignis
1680 3376 1810 3444 generat,

108 3481 180 3532 ram,
195 3467 221 3520 et
242 3481 324 3538 quum
339 3463 408 3529 voto,
424 3465 456 3517 ut
469 3460 550 3517 adeat
565 3461 641 3533 (Luc.
662 3477 713 3527 nn,
729 3461 786 3533 ts),
800 3462 886 3534 juxta
901 3461 933 3517 il·
987 3477 1074 3534 quem
1090 3460 1233 3515 Dominus
1247 3459 1328 3514 misit
1343 3475 1431 3530 super
1445 3463 1564 3525 terram,
1577 3464 1607 3514 el
1620 3459 1722 3514 ardere
1734 3459 1811 3515 desi-

107 3553 159 3611 lud
170 3553 248 3626 quod
260 3554 290 3609 in
301 3551 397 3608 Marco
407 3551 550 3622 scriptum
561 3553 624 3606 est:
642 3548 735 3605 Omnis
745 3551 809 3616 ione
818 3551 935 3606 salietur
988 3552 1070 3606 derat
1085 3551 1160 3616 (Luc.
1169 3549 1230 3620 xa).
1243 3551 1308 3619 ipae
1319 3548 1397 3602 enirn
1412 3546 1540 3618 baptizat
1550 3547 1579 3602 in
1591 3546 1700 3618 Spiritu
1711 3550 1813 3603 sancto

107 3641 202 3717 (Nara.
216 3659 255 3709 rv,
273 3641 328 3714 ts).
988 3643 1016 3696 et
1031 3639 1098 3711 igne
1121 3637 1234 3710 (Alaun.
1259 3636 1313 3706 nr),
1339 3635 1388 3691 uhi
1415 3635 1562 3691 fratruelis
1579 3640 1608 3691 et
1624 3638 1747 3707 patruus
1770 3638 1815 3691 est

144 3728 237 3804 (Veis.
252 3732 271 3786 5
285 3729 380 3803 seqq.)
403 3728 507 3784 Videbit
525 3725 654 3795 Ascalon,
669 3734 695 3783 et
708 3727 823 3798 timebit,
841 3737 866 3783 et
882 3729 935 3785 Ga·
989 3722 1151 3804 ἀδελφιδοῦς
1160 3724 1213 3798 [Al.
1230 3719 1387 3801 άδελφίδος)
1402 3722 1447 3777 nal
1462 3717 1663 3800 nntpibslpnc,
1680 3740 1768 3796 quem
1783 3722 1814 3779 in

108 3836 153 3894 aa,
169 3824 197 3877 et
209 3819 311 3876 dolebit
325 3819 429 3873 nimis:
445 3825 472 3873 ct
484 3818 616 3887 Accoron,
631 3817 764 3887 qnoniam
772 3817 886 3886 confuso
897 3820 936 3872 ent
989 3814 1409 3886 Gantieocanticorumsponsa
1421 3812 1569 3868 desiderat
1581 3829 1587 3867 :
1601 3812 1652 3867 ubi
1663 3810 1740 3885 ignis
1751 3827 1815 3867 ma·

108 3925 169 3983 apen
183 3910 293 3981 ejunet
313 3907 414 3981 peribit
435 3921 486 3962 ree
499 3905 532 3961 de
547 3905 629 3975 duaa,
645 3909 672 3960 et
686 3905 801 3961 Ascalon
815 3921 870 3961 non
887 3904 935 3960 io·
991 3906 1079 3962 milia
1093 3909 1138 3960 eat
1167 3910 1194 3960 et
1218 3902 1375 3976 largissimi
1403 3901 1512 3972 uberis,
1528 3903 1565 3958 de
1590 3917 1647 3974 quo
1667 3900 1697 3957 in
1713 3900 1815 3957 eodem

111 3999 252 4056 bimbitur.
268 3998 308 4053 Et
320 3996 421 4053 sedebit
435 3995 618 4068 reparatoria
632 3995 723 4063 Aucto,
740 3997 768 4049 et
782 3993 937 4066 disperdam
990 3995 1109 4052 Cantica
1125 3993 1251 4066 legimus
1264 4009 1271 4048 ι
1283 3993 1315 4048 ln
1327 3992 1421 4048 medio
1430 3991 1547 4048 uberum
1558 4007 1682 4046 meorum
1696 4005 1816 4046 commo·

109 4087 267 4161 superbiam
280 4086 502 4142 Philislinorum.
515 4087 549 4141 sc
561 4085 688 4154 naseam
702 4083 937 4153 sanquincmejus
989 4083 1099 4140 rabitur
1112 4081 1201 4154 (Cant.
1219 4099 1238 4148 ι,
1260 4080 1311 4151 ts).
1328 4081 1362 4136 stt
1385 4079 1415 4135 in
1430 4078 1568 4152 Apostolo
1586 4097 1593 4134 :
1610 4080 1663 4135 boc
1676 4079 1751 4135 uobis
1764 4093 1817 4151 po·

111 4178 145 4234 de
159 4193 205 4234 ore
217 4178 287 4249 ejus,
303 4178 330 4231 et
343 4175 566 4230 abominationes
585 4173 643 4245 ejus
658 4171 689 4228 (le
704 4171 794 4229 medio
809 4172 938 4228 dentium
991 4179 1050 4229 tum
1063 4171 1127 4229 dedi
1140 4186 1293 4226 nouercam
1306 4170 1328 4242 (l
1345 4168 1405 4225 Cor.
1417 4187 1460 4236 ιιι,
1473 4169 1512 4241 3).
1527 4168 1583 4225 Pro
1598 4184 1631 4225 eo
1642 4167 1721 4241 quod
1732 4168 1818 4240 juxta

111 4268 182 4338 ejus,
194 4269 220 4322 et
235 4265 408 4336 relinquetur
423 4265 505 4319 etium
516 4264 573 4335 ipse
588 4264 640 4317 Deo
656 4269 788 4328 restruet
797 4263 850 4317 erit
858 4263 939 4333 quasi
992 4260 1059 4317 htx
1075 4261 1203 4315 diximus
1218 4277 1224 4315 :
1238 4263 1263 4315 et
1277 4258 1618 4329 babitabantolicnipenae
1632 4260 1662 4312 in
1679 4262 1776 4322 Aeolo,
1786 4256 1817 4312 in

111 4357 172 4414 due
185 4355 215 4411 in
228 4352 309 4424 ludo,
325 4357 351 4410 ct
372 4354 490 4409 Accoron
514 4353 594 4423 quari
607 4350 755 4408 lebusaeus.
773 4355 805 4406 at
819 4352 937 4405 circam·
992 4351 1110 4407 Hebraeo
1126 4344 1448 4422 legitur‚bubitabit‚vel
1462 4345 1567 4402 sedebit
1579 4361 1697 4400 nnnzss
1710 4344 1817 4416 (itm)

112 4445 186 4502 dubo
199 4443 310 4500 demam
323 4458 413 4499 meam
426 4458 461 4498 ec
476 4441 519 4497 bis
534 4443 584 4513 qui
597 4440 668 4496 mibi
682 4441 814 4508 militant,
830 4447 935 4508 eunus,
991 4440 1022 4494 in
1036 4440 1128 4503 Aeeta,
1145 4452 1264 4510 proquo
1278 4451 1331 4491 nos
1346 4434 1511 4507 posuimus,
1521 4435 1547 4488 et
1560 4431 1660 4487 sedebit
1672 4436 1819 4501 reparator

112 4544 140 4592 ct
153 4535 329 4599 reuertentes,
345 4540 372 4588 et
385 4547 440 4589 non
461 4529 592 4587 transibit
613 4545 695 4599 ntpn
717 4544 761 4585 eos
786 4528 859 4583 ultra
873 4543 938 4584 euu-
954 4541 978 4606 Ι)
992 4531 1022 4586 in
1037 4528 1129 4583 dioto.
1145 4528 1346 4599 separatorem
1362 4521 1519 4578 Dominum
1535 4518 1677 4592 intellige,
1694 4518 1744 4591 qui
1759 4517 1820 4574 iru-

113 4631 171 4681 ctor
184 4641 194 4679 :
209 4624 275 4698 quia
298 4637 373 4678 iruna
387 4621 445 4677 aidi
460 4622 489 4676 in
517 4619 602 4676 oculis
616 4621 696 4675 arcis.
713 4617 787 4673 LXX
805 4635 811 4673 :
831 4617 943 4675 Videbit
998 4623 1129 4674 mentum
1145 4632 1162 4671 a
1177 4612 1268 4687 paleis
1292 4615 1407 4683 separet
1421 4610 1525 4682 (natta.
1539 4626 1572 4664 ιιι
1585 4617 1612 4665 et
1626 4609 1699 4680 xiii),
1716 4612 1745 4663 et
1759 4607 1819 4679 pis·

113 4712 240 4780 Aacabm,
257 4713 283 4767 et
297 4710 402 4766 timebit
415 4727 424 4765 :
439 4716 465 4764 et
480 4707 561 4778 Gaza,
571 4710 597 4763 et
611 4707 715 4763 dolebit
728 4707 813 4762 nimia
829 4723 839 4760 .·
854 4715 880 4763 et
892 4706 940 4762 Ac·
996 4724 1044 4762 ces
1058 4706 1151 4761 honos
1166 4720 1183 4758 a
1196 4701 1329 4774 piscibus
1344 4698 1440 4766 malis,
1458 4703 1488 4754 at
1502 4700 1656 4771 argentum
1671 4701 1700 4752 et
1714 4711 1820 4752 aurum

113 4816 211 4871 aaron,
226 4801 358 4873 quonium
372 4799 484 4868 censura
499 4804 539 4853 est
552 4797 587 4852 de
602 4812 649 4868 spe
661 4813 722 4863 cua,
738 4801 764 4851 et
777 4796 879 4866 peribit
895 4812 943 4852 rea
997 4794 1158 4851 asordibus
1168 4790 1321 4861 scoriaque
1335 4787 1634 4859 discernat.Cumque
1645 4786 1699 4842 hoc
1710 4781 1820 4853 iecerit,

115 4890 149 4946 de
164 4888 245 4957 Gaas,
261 4893 288 4945 et
310 4886 425 4944 Ascalon
448 4902 503 4942 nan
531 4884 711 4941 habitabitur.
728 4885 760 4939 st
783 4883 944 4941 habitabunt
999 4882 1142 4957 promittit
1155 4886 1183 4935 et
1194 4883 1297 4935 aaetera
1314 4875 1496 4948 :anerdam
1512 4873 1711 4947 injuriamve!
1726 4888 1822 4945 super·

117 4974 943 5048 alieuipenaeinnaoto.·etdestruomim'uriamalienigeno-
998 4976 1073 5030 biam
1097 4969 1336 5025 Philistbinorum.
1362 4971 1415 5021 Pro
1433 4965 1541 5038 quihus
1563 4963 1634 5019 LXX
1650 4963 1821 5034 alienigenas

117 5082 189 5128 rum,
204 5069 375 5139 clauseram
390 5067 556 5134 sanquinem
568 5079 662 5120 aonam
677 5062 709 5118 de
723 5077 770 5119 ore
783 5062 906 5129 illorum,
919 5065 945 5118 et
999 5057 1223 5117 transtulerunt.
1245 5054 1398 5110 Philistum
1413 5053 1641 5124 interpretantur
1665 5051 1695 5106 in
1720 5049 1823 5123 lingua

116 5157 336 5214 abominationes
358 5154 501 5212 eorumne
520 5153 609 5210 mettio
634 5151 757 5208 dentium
780 5152 904 5219 illarum,
919 5159 945 5208 et
1000 5145 1250 5214 contracertantes
1267 5145 1363 5215 poculo
1378 5140 1474 5197 :801
1492 5141 1570 5212 quod
1586 5142 1621 5196 de
1636 5139 1724 5196 calice
1739 5138 1821 5194 biba·

117 5246 300 5303 remanebunt
313 5253 340 5302 et
355 5247 404 5302 itti
417 5246 471 5300 lieo
485 5252 586 5314 nostro,
603 5245 628 5297 et
644 5245 724 5297 crunt
738 5245 768 5295 ut
782 5236 944 5315 χιλίαρχος,
1000 5237 1059 5293 rint
1075 5233 1242 5308 Rabylonis,
1258 5236 1287 5289 et
1311 5231 1446 5288 inebriati
1471 5231 1644 5287 corruerint.
1661 5230 1696 5283 Hi
1720 5228 1821 5299 itaque

119 5335 152 5392 id·
167 5339 224 5401 est,
239 5335 367 5391 tribunus
382 5335 412 5389 in
426 5333 496 5391 lutto
512 5349 519 5389 :
535 5338 562 5388 et
577 5331 696 5387 Accuron
709 5330 781 5385 sicut
794 5330 945 5398 lebetam,
999 5332 1130 5398 tempora
1140 5321 1299 5378 vocationis
1310 5321 1442 5394 gentium
1453 5325 1481 5376 et
1491 5320 1632 5394 adventus
1644 5316 1749 5374 Christi
1763 5331 1821 5372 aon

154 5495 194 5579 (a)
202 5494 350 5563 llrctor.,et
357 5495 509 5550 dialectiea
519 5491 622 5548 retibus
631 5486 871 5563 etcerpurtnmic)
882 5487 946 5542 tex·
1036 5488 1071 5560 (c)
1085 5483 1188 5541 contar
1202 5499 1266 5553 qua
1282 5481 1418 5555 superius
1437 5481 1627 5538 observamus
1641 5480 1678 5538 ad
1693 5477 1822 5553 Sophos.

120 5571 943 5719 ‘uiiibonnpeutnnsegia-menenius.nomentana
1001 5575 1064 5636 Μ’
1080 5573 1112 5628 u'
1128 5555 1182 5616 θοι
1198 5553 1262 5626 Μ’
1278 5558 1338 5611 m

281 5763 413 5830 Parnoi.
429 5761 522 5829 xxv.
1622 5753 1661 5820 tr
