3840 6098
116 350 193 421 1459
738 356 770 420 S.
793 355 948 421 ausustl
970 358 1193 424 cloacarum
1740 357 1818 426 {tou

115 489 169 547 ciri
178 491 226 562 qui
235 491 316 546 erunt
327 503 437 557 comeo,
450 484 487 546 od
495 488 693 563 deprecondom
703 491 802 562 sociem
812 490 931 546 Domini:
949 491 977 559 Α
990 493 1084 560 nium,
1099 498 1128 550 et
1141 497 1258 551 curatos
1272 509 1404 569 quosque
1416 496 1588 555 sanctificat.
1599 495 1764 571 Postquam
1776 494 1821 553 in·

114 580 272 636 utdicerent
282 579 466 635 sacerdotibus
476 579 570 637 domus
598 582 709 637 Domini
724 581 896 636 exercituum
910 584 938 635 et
991 572 1820 659 terrogaverantPersarumducespereosquosmiserant,

111 670 250 743 prophetis
266 670 421 740 loquentes:
454 669 593 741 Numquid
619 669 742 740 Necdum
771 673 810 723 est
824 671 894 724 mitri
908 670 938 723 in
992 674 1021 727 et
1030 671 1066 726 ad
1079 673 1244 728 sacerdotes
1255 677 1342 746 atque
1352 675 1510 747 prophetae
1525 676 1745 733 sciscitantium
1756 675 1821 732 tue·

115 760 211 830 quinto
223 774 315 815 mense
326 760 382 814 :oet
392 760 567 829 sanctificare
581 775 625 812 rue
636 757 726 827 debeo,
738 759 809 812 sicut
819 758 938 828 secijom
992 764 1037 816 rat
1048 759 1162 832 expleta
1172 761 1288 834 legatio,
1301 763 1334 818 fit
1343 781 1440 821 serum
1451 765 1566 821 Domini
1580 766 1616 821 ad
1627 765 1821 839 prophetam,

113 850 210 904 multis
221 849 368 904 onnistdt
377 850 527 918 tuctu-mest
537 848 938 903 ricrturnDominiecercituum
992 847 1141 921 imperans
1156 855 1189 904 ut
1203 850 1341 923 loquatur
1354 853 1390 908 ad
1404 853 1524 926 vulgum
1540 858 1569 909 et
1584 854 1620 909 ad
1637 854 1822 924 sacerdotes,

114 936 152 994 ad
165 953 218 1005 une,
234 937 346 992 diceus:
364 940 481 1008 Loquere
495 937 530 991 od
547 953 655 992 omnem
666 937 800 1007 poputum
811 943 903 1002 terre,
914 943 940 991 et
993 937 1062 1009 quid
1074 937 1177 1010 legatis
1187 939 1312 996 debeant
1323 943 1506 1013 respondere.
1523 943 1645 1009 Quando
1661 943 1825 1015 jejunaba-

115 1026 151 1084 u'd
164 1025 328 1097 sacerdotes,
345 1026 451 1082 diceas:
472 1025 539 1081 Cum
549 1027 715 1097 iejnnuretis
734 1029 760 1081 rt
773 1024 939 1096 ptonqeretis
991 1025 1031 1082 tis
1042 1031 1070 1082 et
1080 1026 1263 1101 plangebatis
1274 1030 1303 1084 in
1316 1031 1418 1101 quinto
1429 1046 1531 1088 mense
1541 1031 1724 1104 captivitatis
1735 1031 1825 1089 Jeru-

115 1117 145 1171 in
155 1119 249 1189 quinto
260 1123 285 1170 et
294 1115 556 1187 septimo(u)perbos
566 1117 740 1186 septucqinta
750 1130 848 1183 annos,
861 1131 939 1169 num·
993 1115 1094 1186 salem,
1108 1121 1136 1172 et
1145 1116 1175 1171 in
1190 1117 1315 1189 septimo
1326 1135 1438 1183 mense,
1449 1121 1566 1191 quando
1579 1119 1722 1176 Godolias
1734 1121 1825 1176 inter·

115 1204 182 1278 quid
190 1206 332 1277 ieiunium
341 1205 487 1276 jejunastis
502 1204 575 1258 milri
584 1204 597 1258 't
617 1211 643 1259 et
664 1219 727 1257 curn
741 1204 899 1258 comedistis
914 1207 940 1257 et
969 1202 971 1207 ’
993 1204 1085 1261 lectus
1097 1209 1142 1262 est
1152 1207 1188 1260 ab
1200 1205 1316 1276 ismael,
1328 1222 1381 1278 per
1391 1224 1484 1264 annos
1504 1209 1695 1281 septuaginta
1704 1208 1824 1265 desola-

115 1310 178 1350 cum
193 1294 323 1349 bibistis?
335 1293 474 1363 Numquid
488 1309 543 1347 non
559 1294 633 1348 cobis
647 1291 799 1347 comedistis
813 1296 839 1346 et
854 1291 939 1347 uoltis-
992 1293 1081 1349 tionis
1092 1292 1192 1365 templi
1204 1299 1233 1349 et
1256 1294 1456 1351 subversionis
1477 1296 1654 1367 Jerusalem,
1671 1295 1823 1370 numquid

115 1386 238 1456 metipsis
254 1381 531 1453 bibististNumquid
544 1398 599 1436 oon
615 1390 678 1437 sunit
692 1381 774 1436 uerbo
788 1396 851 1452 quae
866 1381 938 1436 locu·
993 1382 1065 1437 mihi
1077 1383 1212 1454 proderat
1222 1383 1300 1455 quod
1308 1383 1491 1455 jejunabatis
1515 1384 1563 1455 (lV
1586 1391 1654 1457 Nep.
1670 1402 1750 1442 xxv:
1766 1387 1822 1442 ier.

114 1475 158 1529 tus
175 1476 214 1528 est
226 1473 357 1527 Dominus
371 1473 401 1525 in
416 1486 503 1525 manu
516 1470 716 1542 prophetorum
729 1470 863 1541 priorum,
876 1486 939 1524 cum
991 1472 1048 1538 xm)
1058 1471 1072 1526 t
1082 1472 1117 1526 ut
1129 1471 1285 1538 contrario,
1298 1471 1323 1528 si
1334 1474 1450 1544 quando
1460 1474 1499 1544 (b)
1508 1475 1695 1530 mauducatis
1707 1475 1825 1532 etbibi·

114 1560 202 1619 nitor
210 1561 362 1617 ierusalem
376 1560 560 1626 dubitaretur,
572 1568 600 1615 et
611 1567 678 1615 esset
687 1560 831 1629 opulento,
842 1564 868 1614 et
877 1560 938 1630 ipso
991 1558 1040 1631 tis,
1051 1560 1194 1631 numquid
1207 1577 1266 1616 non
1276 1561 1359 1617 vobis
1370 1566 1399 1617 et
1409 1561 1565 1618 comeditis
1576 1567 1605 1619 et
1620 1563 1734 1635 potatis
1744 1564 1760 1618 ‘l
1769 1564 1824 1620 Ne·

114 1650 226 1708 eturlres
238 1651 314 1705 iilius
324 1649 421 1721 (Vulg.
435 1652 510 1704 tacet
522 1649 610 1720 iltius)
622 1651 652 1704 in
661 1650 781 1704 circuitu
790 1650 858 1719 ejus,
867 1656 893 1703 et
904 1648 939 1703 cd
992 1665 1049 1720 que
1061 1649 1139 1704 enim
1150 1649 1196 1705 his
1208 1650 1296 1705 rebus
1307 1650 1440 1723 placatur
1449 1656 1536 1717 Deus,
1554 1652 1605 1707 sod
1626 1652 1717 1708 bonis
1728 1654 1824 1726 operi·

114 1747 240 1795 austrum
248 1743 273 1794 et
281 1738 514 1809 irrcumpestribus
525 1737 723 1793 habitaretur?
735 1736 807 1791 LXX
818 1754 825 1791 :
836 1739 869 1792 Et
877 1739 938 1807 [oc-
992 1737 1060 1803 bus,
1072 1742 1100 1792 et
1111 1738 1136 1792 si
1147 1736 1227 1794 illius
1238 1739 1541 1811 preceptafaciamus,
1549 1738 1824 1811 quiaescanos'non

115 1830 174 1884 tum
188 1836 225 1883 est
242 1829 271 1882 in
296 1835 393 1897 quarto
419 1842 492 1880 ocrro
515 1827 564 1880 sut
591 1826 674 1881 Dorio
700 1841 781 1895 reqe:
798 1826 886 1895 (octus
900 1832 939 1880 est
992 1826 1180 1881 commendat
1194 1826 1262 1883 Deo.
1278 1826 1377 1899 Neque
1393 1827 1417 1882 si
1443 1844 1501 1883 non
1525 1828 1822 1901 manducaverimus,

114 1932 203 1973 sermo
217 1917 330 1971 Domini
344 1915 379 1970 od
393 1915 570 1983 Zoclrariom,
587 1923 686 1985 quartu
700 1914 745 1968 die
758 1914 859 1969 mensis
869 1915 938 1968 noni
993 1914 1165 1971 deficiemus
1177 1933 1184 1972 :
1199 1930 1294 1988 neque
1307 1915 1332 1972 si
1347 1916 1634 1983 manducaverimus,
1654 1917 1823 1974 abundabi-

114 2007 164 2076 qur'
177 2009 218 2059 est
234 2004 341 2074 Cosieu,
357 2011 383 2058 et
394 2005 473 2059 misit
490 2006 520 2058 in
543 2001 599 2071 (ΑΙ.
616 2003 663 2073 de)
675 2004 769 2058 neruo
785 2002 901 2058 Surosor
914 2009 939 2058 et
960 2038 965 2050 ·
992 2019 1069 2058 mus.
1087 2003 1236 2075 Numquid
1253 2021 1311 2060 uon
1327 2003 1388 2061 haec
1416 2008 1486 2061 sunt
1513 2006 1601 2061 verba
1627 2022 1706 2075 mea,
1725 2007 1823 2063 adhuc

113 2093 260 2149 Arabesser
273 2110 333 2160 rec,
344 2095 371 2148 et
384 2093 440 2148 ciri
449 2093 508 2163 ejus
519 2100 550 2147 ut
560 2092 771 2163 deprecarentur
781 2094 936 2158 Dominum,
992 2092 1069 2149 888
1085 2098 1179 2149 stante
1194 2093 1358 2149 Jerusalem
1369 2097 1398 2150 et
1407 2093 1531 2151 urbibus
1540 2094 1556 2149 J
1560 2095 1629 2165 ude,
1641 2112 1709 2167 quas
1721 2094 1822 2168 loque-

114 2182 259 2239 diceresed
272 2181 432 2237 Sacerdotes
446 2181 541 2237 domus
558 2182 667 2236 Domini
695 2181 898 2252 omnipotentis,
912 2188 938 2236 et
992 2181 1046 2237 bar
1058 2182 1093 2236 ad
1105 2197 1155 2236 vos
1167 2181 1195 2236 in
1208 2182 1346 2237 manibus
1357 2181 1565 2254 prophetarum
1586 2199 1737 2253 meorum,
1753 2200 1820 2240 cum

114 2271 151 2329 od
165 2271 319 2343 prophetoe,
330 2270 423 2325 dicens
435 2286 441 2325 :
453 2271 576 2339 lepre-ssu
587 2278 626 2325 est
637 2275 689 2326 nuc
700 2272 730 2326 in
742 2286 835 2326 mense
843 2271 938 2341 quinto
992 2270 1088 2326 adhuc
1097 2275 1189 2326 staret
1198 2268 1371 2339 Jerusalem,
1383 2276 1412 2327 et
1422 2272 1510 2328 urbes
1522 2271 1538 2327 J
1542 2272 1600 2327 uda
1621 2271 1714 2328 rebus
1724 2272 1821 2329 omni·

113 2362 305 2432 sanctificati03
311 2361 395 2430 jacto
410 2360 481 2431 quod
490 2361 684 2430 feceruntjum
699 2362 781 2415 cunm
790 2359 916 2431 pluribus
927 2377 938 2413 .·
992 2358 1047 2414 bus
1057 2359 1253 2429 abundarent,
1263 2362 1291 2415 et
1302 2363 1362 2414 tam
1376 2363 1517 2415 montana
1526 2360 1616 2432 regio,
1634 2376 1731 2431 quam
1741 2377 1822 2417 carn-

112 2458 139 2507 et
152 2453 242 2522 tuctus
252 2457 291 2505 est
305 2465 395 2505 somno
408 2451 522 2505 Domini
536 2451 670 2504 uirtutum
695 2449 732 2503 cd
756 2463 809 2518 me,
826 2448 917 2503 dicens
927 2466 937 2502 :
992 2446 1098 2519 pestris
1108 2447 1241 2520 frugibus
1253 2447 1440 2514 redundaret,
1452 2451 1480 2503 et
1497 2447 1643 2505 fidissima
1653 2464 1729 2519 paee
1740 2449 1821 2506 irus-

113 2540 166 2597 Dic
172 2539 212 2594 ad
221 2554 328 2594 omnem
337 2540 470 2610 poputum
477 2542 569 2604 terrra,
578 2547 604 2594 et
612 2538 653 2593 od
662 2537 819 2604 sacerdotes,
830 2537 935 2592 diceris:
991 2539 1072 2590 retur
1081 2539 1093 2589 i
1103 2535 1168 2591 use
1178 2541 1276 2591 autem
1287 2541 1371 2591 eraut
1380 2537 1468 2592 verba
1476 2536 1603 2604 Domini,
1615 2553 1681 2609 qum
1692 2555 1823 2612 sequens

115 2627 146 2686 Si
154 2629 302 2701 jejunatis,
319 2633 346 2683 et
359 2628 494 2699 ptonqitis
505 2628 535 2682 in
546 2628 650 2698 quintis
661 2630 687 2681 et
697 2627 830 2698 septimis,
841 2634 868 2681 et
878 2641 938 2682 ecce
991 2623 1141 2695 Scriptura
1150 2628 1285 2690 testatur,
1297 2624 1369 2680 velle
1380 2640 1410 2682 se
1422 2641 1523 2681 verum
1530 2624 1681 2697 judicium
1692 2631 1723 2684 et
1733 2628 1824 2685 mise·

113 2719 291 2790 septuoqinto
301 2719 381 2783 unni,
397 2716 533 2788 numquid
535 2717 678 2787 jejunium
679 2715 938 2787 jejunastismitriet
991 2712 1147 2768 ricordiam
1163 2712 1192 2767 in
1208 2711 1368 2784 proximos,
1384 2717 1413 2768 ct
1427 2712 1556 2784 viduam,
1573 2719 1602 2768 et
1616 2714 1783 2786 pupillum,
1794 2721 1824 2773 et

67 2869 72 2874 ,
114 2809 140 2862 si
148 2807 287 2863 comeditis
298 2815 346 2863 out
358 2805 462 2873 bibitis,
474 2821 563 2861 nonne
575 2820 618 2860 uos
631 2804 783 2870 contraditis,
799 2811 824 2858 et
834 2819 878 2858 cos
893 2802 937 2858 oo·-
992 2802 1146 2871 advenam,
1162 2806 1191 2857 et
1208 2818 1365 2873 pauperem
1380 2818 1439 2858 non
1461 2801 1647 2869 calumniari,
1661 2807 1695 2860 et
1707 2805 1823 2862 malum

116 2896 178 2952 titis
188 2896 202 2950 t
214 2895 363 2966 Numquid
377 2911 433 2949 non
447 2895 500 2949 istu
514 2893 750 2957 suntcerbomeo,
763 2908 822 2962 quac
833 2892 937 2946 locutus
991 2907 1049 2947 non
1065 2891 1192 2964 cogitare
1208 2891 1238 2946 in
1253 2891 1340 2946 cordo
1354 2907 1418 2947 suo.
1440 2890 1517 2957 Hac,
1532 2890 1639 2964 iuquit,
1655 2893 1824 2951 noluerunt

113 2981 937 3054 estDominusinmunitmprophetorum,quisucruntprius
991 2978 1822 3054 tacere,etsurdisauribusmeaimperiacontempserunt:

113 3073 222 3145 quondo
236 3073 386 3127 ierusalem
396 3070 580 3137 bobitobotur,
591 3077 617 3123 et
626 3072 689 3124 erut
698 3068 850 3132 abundans,
862 3071 887 3122 et
897 3069 936 3123 ci·
991 3084 1079 3139 quam
1092 3068 1128 3124 ob
1140 3083 1201 3123 rem
1211 3068 1289 3123 venit
1300 3067 1461 3139 indignatio
1473 3084 1580 3140 magna
1594 3085 1689 3141 super
1698 3071 1821 3128 Jerusa-

112 3157 937 3232 citotcspcrejuscircuiturmssssttetrnontonuetcnmpcstrio
991 3157 1048 3214 lem
1061 3163 1106 3226 ;et
1123 3159 1269 3230 quomodo
1280 3156 1321 3212 illi
1332 3174 1378 3213 me
1388 3157 1489 3214 audire
1500 3157 1670 3225 noluerunt,
1682 3159 1822 3235 sicetego

113 3250 318 3307 dubitabuntur
329 3251 340 3303 i
351 3248 382 3302 ln
394 3249 498 3319 quarto
510 3261 587 3301 anno
597 3244 692 3300 Dariis
702 3243 789 3317 regis,
797 3243 827 3298 in
835 3260 934 3300 mense
950 3231 971 3296 (ι’
990 3263 1047 3303 non
1059 3247 1192 3303 exaudivi
1203 3263 1254 3302 eos
1265 3264 1272 3302 :
1284 3251 1313 3303 et
1324 3263 1401 3302 nunc
1413 3249 1495 3302 tanta
1504 3247 1738 3319 scrupulositate
1746 3266 1822 3323 que-

112 3356 200 3410 nono‚
216 3338 266 3411 qui
283 3336 447 3409 appellatur
467 3350 584 3400 casseu.
612 3318 701 3405 (lbos)
729 3337 758 3389 et
786 3333 816 3387 in
833 3337 937 3404 quarto
991 3339 1070 3400 runt,
1081 3335 1197 3406 quando
1205 3336 1328 3392 debeant
1332 3335 1467 3407 jejunare
1477 3340 1506 3392 et
1514 3334 1661 3408 plangere.
1672 3343 1818 3395 cumanis

112 3426 224 3484 mensis
234 3426 368 3497 ejusdem
379 3423 583 3480 diemiserunt
593 3422 627 3477 ad
640 3423 761 3477 domum
772 3421 831 3488 Dei,
842 3421 934 3488 idest,
990 3423 1112 3480 dixerim
1128 3441 1178 3496 per
1194 3424 1316 3480 isaiam:
1331 3427 1393 3480 Non
1406 3423 1463 3479 tole
1481 3425 1625 3496 jejunium
1647 3426 1737 3498 alepi,
1752 3427 1821 3483 dicit

110 3517 147 3575 ad
160 3515 304 3588 templum
318 3516 393 3586 quod
402 3513 464 3584 jam
491 3509 677 3566 aZorobabel
694 3515 723 3566 ct
733 3527 750 3565 a
760 3510 829 3565 Jcsu
842 3510 936 3566 luerat
989 3515 1130 3581 Dominus,
1145 3529 1233 3584 neque
1247 3512 1757 3583 utbumitiet'tromocnimemsuum,
1773 3516 1820 3572 sed

107 3605 318 3670 instauratum,
330 3604 453 3659 Sarasar
463 3606 491 3657 et
501 3598 727 3673 Rogommelcch
738 3604 767 3654 et
779 3599 874 3654 caeteri
884 3597 935 3670 qui
987 3603 1062 3659 cotue
1075 3618 1155 3658 mnne
1166 3602 1309 3656 vincutum
1318 3602 1488 3673 iniquitatis:
1500 3600 1617 3657 ‹lusciuc
1626 3603 1821 3677 obtrqotioaes

108 3694 229 3750 cumeis
245 3697 337 3759 erant,
350 3708 424 3763 quos
434 3691 536 3746 Persas
559 3689 650 3744 tuisse
668 3689 757 3744 duces
769 3687 935 3760 regisDarij
987 3692 1170 3747 violentorum
1180 3691 1359 3746 cautionum:
1373 3691 1509 3746 esurienti
1521 3689 1555 3746 do
1569 3706 1673 3762 ponem
1688 3695 1771 3748 tuum
1783 3710 1822 3750 ec

108 3783 248 3841 timentes
260 3787 361 3849 Deum,
374 3779 486 3836 Hebraei
498 3782 654 3835 autumant
667 3793 673 3831 :
686 3776 867 3848 utquiajam
878 3793 933 3832 au·
986 3781 1091 3835 animo.
1104 3777 1369 3847 Sividerisnudum,
1382 3780 1461 3846 operi
1481 3794 1562 3840 mm:
1583 3783 1779 3852 etpouperem
1793 3787 1820 3838 et

106 3872 222 3930 dierunt
233 3869 376 3943 templum
386 3885 452 3925 esse
463 3871 677 3935 constructum,
690 3869 879 3938 quererente
890 3882 934 3920 sa·
986 3868 1161 3940 obsquetecto
1172 3867 1255 3922 induc
1265 3868 1294 3922 in
1302 3867 1509 3923 inhumanatum
1518 3871 1608 3922 tuum.
1629 3869 1707 3924 Tunc
1723 3886 1820 3926 mura·

107 3961 276 4018 cerdotibus
288 3956 515 4014 domusDomini
524 3953 719 4027 etprophetis,
729 3958 933 4009 utrumsecun·
983 3959 1029 4028 pet
1043 3960 1218 4026 temporenen
1232 3957 1283 4011 tue
1298 3960 1356 4024 tuo,
1373 3960 1398 4011 et
1407 3960 1542 4012 castitates
1553 3964 1613 4013 tuoe
1625 3958 1820 4016 mtoorc‘entar

106 4053 178 4107 dum
196 4047 441 4104 consuetudinem
456 4043 610 4115 pristinam
626 4043 694 4099 llere
704 4047 733 4098 et
738 4043 874 4114 jejunare
885 4043 934 4098 de·
986 4046 1063 4117 (lsai.
1077 4062 1154 4114 nvur,
1169 4046 1197 4111 5,
1212 4045 1307 4117 seqq).
1324 4045 1384 4101 Hoc
1400 4045 1478 4116 quod
1492 4044 1636 4117 scriptum
1647 4046 1738 4103 estin
1750 4049 1819 4122 Sep

107 4138 219 4203 berent,
235 4151 271 4190 an
296 4133 409 4189 luctum
440 4135 552 4187 mutare
584 4130 693 4186 letitia.
710 4132 745 4185 ut
767 4135 931 4187 estssnsus
984 4133 1138 4207 tuagiuta:
1155 4134 1228 4188 Misit
1242 4133 1275 4188 de
1298 4133 1392 4190 Dettaet
1407 4132 1521 4189 Sorosor
1534 4141 1561 4189 et
1583 4133 1742 4193 Arabesser
1755 4136 1814 4211 [al.

107 4224 341 4284 sciscitantium:
358 4221 465 4286 Quinto
482 4235 582 4276 mense
599 4218 650 4290 qui
673 4218 837 4291 appellatur
853 4221 929 4291 apud
984 4221 1812 4297 ArbcttrSoqer]reu,nullusnostrurumpotuitexponere:

107 4315 254 4371 Romanos
261 4313 360 4377 tutius,
373 4308 667 4366 aNabuchodcnosor
678 4309 818 4363 subversa
827 4308 928 4364 estJe·
984 4310 1167 4383 nequeenim
1180 4310 1472 4381 quodmaleversum
1488 4314 1533 4366 est
1543 4325 1577 4366 ex
1600 4310 1739 4384 Hebrreo,
1755 4312 1815 4370 ulla

105 4402 244 4469 rusulum,
257 4417 346 4473 quam
355 4401 391 4456 ob
400 4414 520 4455 causam
532 4402 651 4469 propter
660 4396 847 4452 solitudinem
857 4401 930 4452 tem·
983 4401 1094 4456 ratione
1109 4398 1259 4470 explanari
1270 4401 1375 4469 potest.
1386 4397 1456 4460 Quis
1467 4401 1511 4454 est
1519 4396 1598 4454 enim
1610 4398 1671 4455 iste
1681 4399 1811 4472 sarasar,

104 4493 146 4567 pli
157 4492 214 4548 huc
225 4489 526 4563 usquejejunavimus
543 4491 571 4541 et
593 4485 769 4558 planximus,
782 4489 928 4540 etmoero-
982 4488 1026 4544 vel
1037 4486 1265 4544 Arabesserrec‘t
1276 4486 1422 4557 autcujus
1444 4501 1494 4541 rex
1516 4485 1687 4559 provincius,
1712 4493 1761 4544 aut
1778 4488 1808 4544 in

103 4598 165 4639 rem
178 4586 310 4637 nostrum
322 4580 391 4635 iletu
402 4575 559 4649 etJ'ejuniis
568 4574 710 4632 consolati
721 4590 835 4630 sumus.
845 4573 928 4631 Nunc
943 4597 966 4660 D
983 4572 1812 4650 quamveidequamisitBetheltautcujusBsthelrexssse

103 4670 173 4744 quia
183 4670 299 4735 dicitur,
311 4666 456 4740 templum
467 4669 750 4731 esseconstructum,
759 4662 927 4719 etvidemus
983 4668 1097 4739 poterat
1108 4665 1277 4732 arabesser,
1290 4680 1355 4736 quea
1366 4662 1436 4718 olim
1447 4679 1514 4719 cum
1537 4663 1641 4719 iudea
1651 4665 1751 4723 tuerat
1763 4667 1812 4723 de.

102 4774 288 4832 nequaquam
297 4773 417 4813 causam
427 4770 599 4827 permanere
608 4753 927 4825 tristitiae,respondere
981 4753 1094 4820 stituta,
1104 4757 1174 4810 eteo
1185 4759 1316 4826 tempure
1329 4768 1513 4825 nequaquam
1529 4751 1695 4809 vocabatur
1704 4754 1813 4822 aaut,

101 4864 282 4922 quesumus,
300 4850 399 4902 utrum
416 4844 470 4899 hoc
483 4844 576 4899 tacere
587 4844 757 4912 debeamus,
771 4858 806 4897 an
821 4857 924 4896 moero·
980 4842 1009 4898 id
1020 4848 1077 4910 cst,
1088 4843 1183 4898 domus
1199 4844 1249 4899 Dei
1260 4860 1266 4909 ;
1279 4842 1330 4898 sed
1340 4841 1485 4909 Detbooen,
1497 4840 1525 4895 id
1537 4844 1591 4909 est,
1606 4839 1708 4899 domus
1723 4843 1814 4901 idolii

99 4955 162 4996 rem
177 4937 284 5010 gaudio
299 4933 506 4990 commutaret
521 4933 555 4988 Εἰ
569 4932 657 4987 simul
681 4931 924 4986 considerandum
979 4935 1040 4987 Hoc
1051 4948 1169 5004 quoque
1180 4931 1258 5003 quod
1270 4930 1404 5002 sequitur
1414 4946 1422 4986 :
1434 4931 1559 4998 inpressa
1566 4931 1609 4984 est
1617 4927 1673 4985 buc
1680 4933 1814 4989 inmense

101 5019 926 5102 quodssetusatquejcjuniumsanctificatiodicitur.Unde
980 5021 1075 5092 quinto
1088 5021 1282 5090 sorcetificotio,
1298 5020 1368 5074 sicut
1382 5019 1506 5090 feceram
1514 5017 1577 5089 jum
1586 5020 1754 5088 permultos
1761 5038 1812 5077 ca·

101 5122 130 5175 et
141 5117 170 5172 in
180 5117 195 5172 J
200 5114 244 5171 oel
257 5118 434 5186 preceptum
461 5116 506 5167 est
531 5109 742 5174 sacerdotibus,
754 5114 786 5163 ut
796 5107 924 5164 sanctifi·
979 5125 1038 5177 nos,
1055 5108 1097 5164 siu
1109 5113 1233 5164 conatur
1242 5122 1385 5179 exponere
1395 5124 1404 5161 r
1416 5105 1687 5163 sanctificationem
1698 5108 1812 5183 ingres·

101 5210 168 5262 osni
179 5203 328 5276 jejunium
343 5207 371 5258 et
400 5199 559 5274 predicent
581 5198 762 5254 curationem
786 5197 863 5268 (toet.
885 5195 924 5266 v).
980 5214 1055 5263 sam,
1076 5213 1145 5252 vasa
1167 5194 1270 5269 templi
1293 5211 1384 5268 quaa
1404 5192 1681 5252 Nabuchodonosor
1695 5197 1814 5256 sublata

102 5290 190 5348 Curat
200 5286 806 5360 enimvulncradslinquentis,abstinentia
816 5286 925 5357 etjeju·
980 5286 1108 5350 fuerant,
1125 5283 1174 5340 ilio
1188 5288 1319 5357 tempore
1333 5284 1480 5341 restituta.
1491 5282 1531 5339 De
1554 5282 1652 5355 quinti
1668 5291 1814 5344 autemst

102 5466 179 5535 apud
195 5467 308 5522 Drasm.
325 5472 354 5524 et
368 5467 500 5523 Marion:
524 5468 558 5523 Et
581 5467 616 5520 Ne
634 5463 790 5530 ernnreteclv,
813 5461 843 5518 in
861 5463 926 5520 lxx
1016 5464 1055 5533 lo)
1068 5463 1219 5518 interserit
1235 5460 1334 5533 Regin.
1351 5476 1407 5517 ms.
1419 5475 1522 5530 meme,
1534 5460 1615 5532 quod
1626 5459 1811 5522 Hebrauset

101 5550 180 5600 vero,
195 5538 227 5590 Et
242 5539 345 5594 ,trinita
361 5539 446 5608 Soqer
460 5555 519 5605 rec,
539 5541 593 5591 etc.
612 5482 678 5598 guse
705 5536 925 5608 depravationes
979 5534 1124 5604 Vulgatus
1144 5533 1287 5604 interpres
1301 5535 1409 5588 lacent.
1546 5603 1551 5613 Ι
1639 5602 1643 5613 Ι

101 5614 262 5663 occurrunt
275 5610 363 5665 etiam
387 5610 464 5664 inira
492 5610 521 5663 in
549 5608 784 5675 Commentariis,
801 5607 851 5662 ubi
865 5607 925 5662 baec
1016 5606 1053 5677 (o)
1063 5606 1165 5688 Regin.
1176 5621 1243 5670 me,
1254 5601 1671 5672 mandueatamanducata,
1682 5620 1809 5680 moxque

102 5677 205 5753 eadem
221 5679 343 5738 uomina
354 5679 451 5751 posita
465 5678 613 5752 leguntur.
629 5681 720 5734 Naar.
978 5676 1143 5748 comedistis,
1157 5681 1187 5734 et
1197 5675 1324 5750 potestis.
