3840 6098
99 302 158 377 889
276 360 278 364 .
459 302 832 371 uouuuurtatottutt
855 299 896 365 itt
916 294 1122 364 bttttuttttt
1143 294 1261 364 atheta
1282 299 1366 363 GAP.
1384 297 1439 364 xl.
1740 292 1801 362 otb

99 434 203 506 Amisi
215 440 340 520 stirpem
354 443 441 518 atque
451 436 749 517 progeniemvotunt
762 441 860 494 eutem
872 447 923 493 eos
936 445 965 516 Α
978 436 1023 490 est
1037 431 1066 489 in
1080 430 1178 505 prelio
1189 432 1376 504 Mathathias,
1387 434 1528 508 etpostoa
1540 429 1633 492 iudas
1645 429 1724 490 illins
1734 431 1800 507 ejus

99 530 263 610 significari
270 531 321 607 qui
337 523 921 601 abAntioohomiseisuntposthiennium
978 521 1028 595 qui
1043 523 1202 579 vocabatur
1217 523 1412 591 blachahaus,
1428 540 1563 599 pugnans
1580 523 1695 591 cecidit,
1707 525 1799 580 etres-

101 639 190 698 qnnm
206 621 351 695 ternplum
367 619 587 694 exspoliaverat,
604 623 637 675 ut
650 617 762 674 tributa
777 615 924 689 exigerent
977 611 1032 667 teri
1044 611 1148 669 iratres
1159 612 1223 685 ejus
1236 614 1469 671 adversariorum
1480 614 1582 672 iraude
1594 612 1707 686 decepti
1718 615 1798 669 eunt.

101 720 119 773 ι’
139 710 264 779 ludaeis,
280 713 310 768 et
332 710 481 768 auferrent
495 707 608 766 cultum
623 707 684 779 liei,
709 710 738 763 et
760 705 790 761 in
814 701 924 776 templo
979 699 1055 773 hege
1069 701 1302 761 blachabeeorum
1316 703 1417 760 libros.
1433 703 1510 775 Hoc,
1521 705 1572 771 ait,
1585 701 1802 761 omniaidciroo

100 799 278 870 Jerusalem,
292 798 374 855 lovis
395 797 521 872 Olympii
544 796 736 854 simulacrum
748 797 776 851 et
790 789 924 849 Antiochi
979 792 1049 844 sunt
1064 788 1148 858 tacta,
1160 795 1193 846 ut
1205 793 1365 864 probentur
1374 797 1403 850 et
1412 794 1559 866 eligantur
1569 792 1673 859 sancti,
1683 795 1712 849 et
1721 790 1801 848 deal·

100 894 215 951 statuas
228 892 382 962 ponerent,
395 902 469 960 quas
485 902 564 943 nunc
578 886 812 942 abominationem
823 880 926 938 amela-
979 876 1085 934 hentur
1099 895 1194 951 usque
1209 882 1245 937 ad
1261 885 1378 955 tempus
1393 882 1582 956 prefinitum,
1592 881 1662 955 quia
1676 881 1706 937 in
1722 880 1800 937 aliud

102 972 184 1037 Arna
196 980 293 1049 vocat,
310 975 428 1048 quando
443 973 596 1031 abblatum
608 977 653 1030 est
666 971 882 1041 holocaustum,
897 971 927 1025 et
980 969 1097 1040 tempus
1108 968 1405 1029 eratdilatavictoria.
1419 972 1478 1028 Sub
1489 971 1667 1029 Antichristo
1677 986 1800 1044 parvum

102 1069 168 1142 iuge
178 1062 375 1124 sacrificium.
392 1056 461 1130 Oua
476 1063 654 1119 universain
671 1057 925 1134 typotntiehristi,
982 1054 1125 1112 auxilium
1140 1057 1232 1113 nostri
1261 1058 1386 1134 intelligi
1401 1060 1513 1127 volunt,
1538 1060 1607 1134 quia
1634 1060 1801 1133 congregati

102 1150 194 1215 hostii
209 1151 399 1229 praecessisse
414 1152 603 1223 contendunt,
620 1150 670 1224 qui
683 1166 715 1207 se
732 1165 869 1206 sessurus
883 1151 928 1204 est
982 1144 1074 1200 saneti
1099 1146 1237 1203 resistent
1262 1147 1299 1220 ei,
1315 1154 1344 1205 et
1360 1152 1478 1206 utentur
1506 1148 1614 1208 auxilio
1629 1149 1759 1223 parvulo,
1775 1151 1805 1205 et

102 1246 130 1304 in
142 1242 259 1318 templo
268 1241 330 1311 liei,
342 1245 412 1299 etse
423 1242 555 1298 iacturas
567 1244 599 1297 ut
610 1245 711 1297 Deum.
724 1238 817 1296 ludet
828 1242 926 1293 autem
981 1237 1084 1306 postea
1098 1235 1134 1291 de
1146 1235 1269 1293 eruditis
1279 1242 1417 1294 corruent
1431 1237 1562 1311 plurimi.
1578 1238 1614 1296 lit
1627 1239 1684 1295 hoc
1698 1238 1757 1306 ssat,
1773 1241 1807 1294 ut

101 1332 153 1393 hoo
166 1346 224 1391 neo
237 1332 275 1390 de
289 1331 434 1388 Antiocho
449 1329 609 1404 lipiphane,
622 1345 675 1386 nec
689 1331 725 1385 de
736 1327 926 1398 Antichristo,
981 1323 1067 1395 quasi
1086 1322 1250 1381 conflentur
1264 1325 1294 1382 in
1311 1327 1437 1397 torneae,
1453 1332 1482 1384 et
1510 1327 1693 1400 dealbentur,
1710 1333 1740 1386 et
1754 1327 1806 1384 eli·

102 1423 151 1482 md
168 1423 208 1480 tle
222 1420 365 1480 &manis
387 1417 513 1491 intelligi
528 1418 642 1488 volunt,
659 1419 694 1475 de
714 1417 822 1490 quihus
838 1431 928 1487 supra
981 1415 1089 1484 gantur
1104 1412 1196 1470 donec
1206 1413 1304 1471 veniat
1313 1417 1431 1489 tempus
1447 1415 1634 1489 proellnitum,
1650 1415 1721 1490 quia
1737 1432 1807 1474 vera

102 1504 215 1571 dictum
229 1513 293 1568 est:
309 1509 343 1565 ttt
359 1509 470 1565 ommni
492 1510 600 1576 trieres,
616 1507 677 1564 sive
692 1505 756 1564 ltali
769 1511 857 1578 atque
871 1505 927 1560 Ro·
980 1498 1141 1556 victoriain
1151 1500 1277 1558 adventu
1289 1503 1395 1560 Christi
1407 1503 1471 1561 erit.
1483 1504 1672 1562 liobraorum
1683 1503 1805 1578 quidam·

103 1599 201 1673 mani,
214 1600 244 1658 et
254 1590 469 1656 humiliabitur.
481 1600 552 1654 Post
561 1596 664 1666 multa,
678 1595 784 1669 inquit,
796 1599 928 1666 tempora
981 1586 1042 1643 hae
1059 1589 1094 1644 de
1109 1588 1225 1659 Severo,
1238 1595 1266 1647 et
1277 1591 1424 1650 Antonino
1434 1592 1617 1667 principibus
1625 1591 1805 1668 intelligunt,

107 1687 233 1764 deipsis
245 1685 395 1759 Romanis,
412 1684 463 1761 qul
477 1684 633 1761 Ptolemaeo
648 1700 752 1741 venere
768 1682 886 1754 auxilio,
900 1684 928 1738 et
982 1677 1033 1752 qui
1048 1677 1166 1735 Judaeos
1182 1679 1343 1752 plurimum
1358 1680 1532 1739 dilexerunt.
1548 1682 1603 1738 Alii
1618 1698 1686 1739 vero
1702 1683 1739 1740 de
1751 1682 1805 1740 Ju-

102 1776 246 1836 Antiooho
256 1773 428 1834 comminati
444 1778 523 1844 eunt,
537 1777 695 1847 consurget
709 1790 758 1830 rex
773 1771 927 1846 Vespasia·
982 1766 1060 1824 liano
1076 1767 1271 1840 imperatore:
1293 1772 1370 1843 quod
1386 1773 1505 1844 quando
1520 1770 1652 1845 oppressi
1668 1769 1808 1829 luerinta

102 1882 170 1940 nus,
187 1867 313 1940 surgam
327 1863 449 1921 brachia
469 1864 545 1936 ejus,
561 1867 590 1920 et
603 1862 727 1930 semina,
745 1862 829 1919 Titus
850 1858 928 1915 silius
983 1856 1051 1914 (taio
1066 1855 1187 1924 Casars,
1203 1862 1232 1914 et
1245 1858 1275 1914 in
1289 1861 1466 1933 captivitatis
1481 1859 1624 1934 augustiis
1636 1859 1731 1918 multa
1744 1877 1809 1934 per·

102 1972 170 2016 cum
189 1953 331 2021 exercitu,
346 1957 377 2010 et
390 1951 523 2027 polluent
548 1951 762 2018 sanctuarium,
784 1950 928 2007 solerent·
984 1946 1075 2022 pessi,
1091 1945 1141 2003 ille
1151 1953 1320 2023 consurgat,
1330 1949 1448 2008 iudeus
1461 1967 1560 2008 amare
1571 1967 1603 2008 se
1614 1949 1769 2020 simulans,
1781 1951 1811 2007 et

102 2060 159 2121 que
179 2045 257 2119 iuge
275 2041 465 2111 sacrificium,
482 2045 510 2098 et
525 2041 670 2113 templum
685 2040 801 2097 tradent
816 2043 929 2095 aterne
984 2034 1016 2093 ln
1031 2035 1139 2109 templo
1149 2053 1251 2094 eorum
1266 2038 1486 2097 immolaturum
1498 2057 1529 2097 se
1539 2057 1604 2097 esse
1614 2039 1808 2112 promittens:

103 2131 457 2205 solitudinesnntnuv),
467 2131 576 2204 quippe
584 2134 741 2187 etcnnrsru
749 2133 761 2199 t
764 2129 930 2201 uinciquos
986 2123 1017 2182 in
1033 2141 1091 2198 quo
1107 2142 1225 2198 parvam
1241 2144 1323 2202 spem
1340 2127 1440 2185 auxilii
1452 2130 1612 2198 habebunt,
1632 2132 1661 2186 et
1682 2128 1810 2203 applica·

104 2228 159 2283 nos
175 2223 280 2280 'trieres
297 2228 324 2278 et
339 2222 473 2278 Romanos
483 2220 665 2293 interpretati
688 2235 803 2291 sumus,
819 2216 930 2274 llebraei
987 2215 1811 2291 hunturillis718gentiliumplurimi,noninveritate,

106 2303 191 2371 runs
207 2311 311 2368 volunt
329 2308 455 2384 intelligi
470 2312 558 2381 atque
575 2309 718 2365 nonanes.
989 2305 1041 2362 sed
1057 2305 1086 2361 iu
1102 2305 1264 2362 mendacio.
1281 2306 1336 2363 Pro
1352 2307 1497 2364 idolorum
1508 2307 1687 2374 enimenim,
1701 2306 1766 2379 ejus
1776 2305 1814 2363 sl·

144 2400 242 2474 (Vere.
258 2399 317 2471 32).
339 2400 378 2454 Et
396 2399 478 2471 impii
501 2399 532 2454 in
553 2400 744 2454 testamentum
766 2396 935 2452 simulabant
990 2392 1147 2449 mulabunt
1162 2392 1317 2452 amicitiae.
1336 2397 1370 2451 Et
1385 2396 1440 2452 hoc
1456 2395 1617 2464 laetantui
1630 2394 1680 2468 qui
1697 2394 1813 2468 probati

110 2488 315 2566 Μίνωα.
330 2486 451 2561 Populus
462 2488 655 2544 catemariam
665 2490 754 2543 Deam
764 2500 857 2555 raam,
869 2484 936 2540 obti·
951 2502 958 2510 ·
991 2486 1070 2549 eunt,
1086 2482 1232 2539 manifesti
1244 2483 1325 2540 liant.
1337 2485 1466 2557 Tempus
1477 2485 1555 2541 enim
1565 2501 1638 2541 verte
1649 2483 1754 2540 salutis
1766 2499 1816 2540 eo·

110 2579 185 2638 mitt
195 2582 225 2636 et
236 2577 332 2652 saciet.
348 2577 383 2633 tit
397 2576 453 2633 hoo
467 2576 497 2632 in
513 2573 690 2632 blaehahaeis
704 2573 842 2648 legimus,
858 2571 935 2645 quod
991 2587 1069 2643 rum,
1086 2575 1114 2628 et
1128 2571 1228 2628 auxilii
1244 2572 1376 2630 luturnm
1392 2588 1455 2630 esse
1467 2571 1628 2642 Christum,
1641 2589 1729 2646 quern
1740 2571 1814 2629 laiso

112 2667 232 2744 quidem
247 2665 453 2724 simulaverint
466 2679 497 2722 se
513 2663 595 2739 Legis
609 2663 660 2721 Dei
676 2679 740 2721 esse
750 2662 898 2733 custodes,
909 2664 938 2718 et
992 2660 1032 2731 (a)
1047 2664 1154 2733 putant
1168 2679 1231 2719 esse
1245 2667 1420 2721 venturum:
1437 2679 1503 2719 cum
1516 2661 1817 2736 sintrecepturiAnti·

112 2760 214 2832 postea
223 2772 292 2812 oum
303 2754 441 2829 gentibus
453 2758 570 2827 paetum
582 2752 705 2810 iecerint
718 2771 724 2809 :
737 2752 786 2808 alii
797 2768 863 2809 vero
875 2767 938 2825 per-
993 2748 1136 2806 christum
1153 2752 1186 2818 (l.
1203 2753 1268 2808 Gor.
1284 2755 1335 2820 xt).

113 2844 277 2904 damnarint
291 2844 322 2900 in
338 2843 493 2917 religione;
510 2842 587 2915 quod
602 2846 631 2899 et
643 2841 815 2899 Antichristi
828 2846 939 2913 tempo·
1028 2838 1122 2906 (Vere.
1136 2840 1194 2911 36.)
1209 2842 1240 2897 lit
1255 2843 1339 2912 saciet
1348 2842 1432 2914 jacta
1447 2842 1614 2898 volantatem
1627 2857 1707 2896 raam
1720 2848 1817 2911 ree,et

113 2934 195 2992 libus
211 2933 347 2990 futurum
359 2932 493 3001 arbitror,
505 2932 623 3005 quando
634 2929 803 3004 refrigescet
811 2929 939 2986 charitas
992 2925 1158 2996 elevabitur,
1174 2932 1200 2986 et
1214 2930 1437 3001 magnificabitur
1449 2930 1594 2986 adoersnm
1607 2944 1716 2987 omnem
1724 2929 1815 2997 mum,

114 3022 285 3081 multorum.
301 3021 343 3079 De
357 3021 465 3094 quibus
475 3020 618 3078 Dominus
629 3019 759 3092 loquitur
769 3021 799 3074 iu
811 3020 939 3090 Evange-
991 3022 1018 3073 et
1033 3016 1178 3074 adversam
1193 3020 1277 3075 iteam
1291 3020 1405 3076 deorum
1419 3019 1722 3093 toqaeinrmapnifiaa:
1737 3026 1763 3074 et
1776 3018 1818 3074 di·

114 3112 167 3171 llo:
182 3113 282 3183 Putas,
297 3110 758 3168 ttttasmmtntsventnnmoentet
772 3109 941 3180 fidemsnper
994 3107 1065 3176 riget
1086 3105 1182 3179 (Vulg.
1207 3107 1353 3181 diripetnr)
1368 3108 1454 3165 donee
1466 3109 1634 3180 compleatur
1661 3110 1705 3165 ira
1718 3106 1816 3181 (Vulg.

115 3197 471 3272 arremarensem?
954 3179 976 3248 C
994 3195 1163 3268 iracundia).
1185 3201 1349 3270 perpetrata
1361 3199 1462 3271 quippe
1484 3197 1608 3269 definitio
1635 3199 1684 3254 est.
1709 3197 1772 3253 Sive
1787 3200 1821 3254 ut

143 3293 178 3349 ttt
206 3289 283 3348 mett
310 3290 340 3345 in
358 3288 461 3362 populo
489 3286 622 3344 docebant
634 3287 780 3358 plurimos,
809 3293 836 3342 et
864 3288 937 3342 art
995 3282 1290 3359 allusinterpretetus
1304 3289 1365 3343 est:
1381 3288 1480 3359 inipso
1493 3288 1568 3343 enim
1582 3288 1818 3343 eritcontumma·

115 3387 192 3440 nent
207 3381 238 3437 in
253 3377 358 3449 gladio,
374 3378 442 3434 etin
455 3377 579 3448 tiammo,
594 3382 621 3433 et
634 3376 664 3431 ia
678 3377 845 3447 captivitate,
866 3380 891 3431 et
910 3376 939 3431 in
994 3374 1040 3430 tio.
1057 3373 1100 3429 Ab
1117 3374 1169 3431 hoc
1185 3372 1247 3431 loco
1262 3374 1356 3431 iudai
1372 3375 1429 3432 dici
1451 3375 1486 3431 de
1500 3374 1680 3432 Antichristo
1703 3378 1818 3447 putant,

115 3465 559 3545 mpinodtmum.0uantaludai
572 3464 608 3521 ah
619 3463 846 3537 Antiochopasai
859 3458 939 3531 su'nt,
995 3464 1072 3535 quod
1086 3466 1153 3536 post
1166 3463 1182 3519 J
1188 3462 1278 3519 uliani
1290 3480 1414 3537 parvum
1426 3463 1568 3520 auxilium
1579 3467 1766 3520 surrecturus
1781 3463 1821 3519 sit

115 3551 427 3614 Haohahaeomnnlihri
438 3552 577 3621 referunt,
588 3551 942 3625 ettriumphieorumtee·
994 3567 1045 3608 rex
1063 3551 1114 3624 qni
1130 3551 1218 3608 saciat
1229 3552 1315 3624 juxta
1334 3550 1515 3609 voluntatem
1532 3568 1628 3621 suam,
1649 3555 1678 3608 et
1692 3551 1821 3609 elevetur

115 3642 236 3702 lituorfio
251 3644 343 3700 sant:
360 3640 410 3713 qui
425 3656 478 3715 pro
488 3639 704 3713 custodialegis
722 3639 781 3711 Dei,
793 3640 941 3710 flammas,
994 3644 1096 3696 contra
1110 3657 1196 3696 omne
1211 3640 1288 3713 quod
1300 3639 1408 3697 dicitur
1420 3640 1505 3708 deus,
1520 3643 1549 3697 et
1559 3640 1715 3696 adversum
1726 3640 1818 3697 Deum

115 3736 141 3790 et
151 3730 281 3809 madius,
296 3730 326 3788 et
341 3729 525 3796 servitutem,
542 3733 570 3787 et
580 3729 710 3802 rapinas,
726 3733 755 3786 et
766 3746 864 3802 paenas
875 3729 942 3786 ulti·
995 3727 1116 3785 deorum
1128 3728 1265 3801 loquatur
1275 3728 1314 3801 (b)
1326 3727 1483 3801 magnilica
1495 3745 1502 3785 τ
1512 3727 1737 3786 itauteedeatin
1748 3733 1821 3785 tem·

115 3821 406 3880 nassnsunuerunt.
414 3820 482 3885 Qua
490 3818 684 3875 luturanemo
695 3817 808 3874 dubitet
818 3818 873 3874 sub
881 3820 940 3874 An·
995 3816 1042 3889 plo
1054 3819 1113 3882 Dei,
1129 3822 1158 3874 et
1169 3817 1299 3890 seipsum
1311 3817 1509 3890 laciniosum,
1522 3822 1550 3875 et
1561 3818 1706 3892 dirigatur
1716 3817 1819 3875 volun·

114 3908 262 3981 tichristo,
279 3906 382 3964 multis
396 3906 602 3965 resistentibus
624 3906 759 3979 potentia
775 3907 852 3980 ejus,
868 3906 941 3963 etin
994 3909 1040 3962 tas
1050 3905 1471 3980 ejus,doueecompleaturira
1488 3906 1550 3979 Dei,
1562 3906 1670 3981 quiain
1689 3907 1754 3981 ipso
1764 3907 1821 3966 erit

116 3988 432 4072 diwmlugientihus.
443 3998 510 4064 Qua
519 3995 668 4052 Hehreiin
678 3994 942 4053 ultimaeversione
994 3995 1220 4054 consummatio.
1238 3996 1321 4062 Quod
1337 3995 1456 4069 quidem
1472 4000 1502 4053 et
1516 4014 1569 4054 nos
1591 3997 1627 4054 de
1642 3995 1820 4056 Antichristo

114 4078 230 4161 templi,
240 4098 306 4161 quas
322 4084 378 4142 sub
392 4084 573 4157 Vespasiano
593 4087 621 4141 et
635 4085 702 4140 Tito
717 4083 832 4154 accidit,
851 4084 941 4142 inter·
993 4083 1200 4158 intelligimus.
1226 4084 1405 4159 Porphyrius
1421 4089 1519 4143 autem
1543 4089 1572 4142 et
1587 4086 1683 4144 ceteri
1707 4086 1758 4160 qni
1773 4102 1820 4144 se·

114 4179 280 4251 protertur,
305 4174 397 4232 fuisse
420 4172 565 4248 plurimos
584 4174 620 4230 de
634 4172 742 4246 populo
767 4173 816 4246 qui
832 4173 942 4231 scirent
996 4178 1128 4248 quantur
1142 4191 1222 4242 eum,
1237 4174 1273 4231 de
1284 4174 1428 4232 Antiocho
1439 4174 1590 4249 Epiphane
1602 4173 1660 4233 dioi
1675 4176 1820 4234 arbitran-

115 4259 276 4322 tionrinum
289 4270 390 4333 suum,
406 4265 435 4318 et
446 4276 499 4334 pro
519 4259 654 4318 custodia
668 4258 753 4333 Legis
771 4261 836 4333 eJ'us
851 4259 941 4317 inter·
995 4262 1132 4336 turquod
1142 4266 1257 4320 erectus
1268 4263 1307 4320 sit
1317 4267 1419 4321 eontra
1429 4264 1541 4322 cultum
1552 4264 1614 4332 Dei,
1625 4268 1655 4321 et
1665 4264 1696 4320 in
1705 4268 1820 4322 tantam

115 4352 181 4413 neti
196 4354 272 4412 sunt
285 4350 340 4425 [tt.
356 4349 438 4424 sintJ.
996 4352 1165 4425 superbiam
1181 4353 1301 4421 venerit,
1318 4351 1391 4408 utin
1406 4350 1514 4424 templo
1528 4350 1718 4425 ierosolymis
1727 4351 1819 4409 simu·

150 4441 245 4514 (lars.
260 4440 307 4508 Sl,
331 4439 389 4514 35.)
405 4439 525 4513 Campus
547 4439 713 4510 corruerint,
728 4437 944 4495 saturabuntur
995 4440 1108 4498 lacrum
1125 4457 1213 4497 suum
1238 4440 1306 4513 poni
1318 4440 1452 4514 jusserit.
1470 4441 1611 4513 Quodque
1626 4438 1777 4511 sequitur:
1793 4443 1821 4497 et

116 4530 402 4604 northmannensi
416 4529 630 4602 applicabantur
642 4529 682 4584 eit
696 4526 815 4599 plurimi
826 4526 944 4602 frandu-
957 4550 981 4619 D
995 4529 1106 4602 diriget,
1117 4530 1200 4587 donee
1209 4530 1439 4602 complectentia,
1449 4531 1515 4602 qnia
1525 4531 1555 4584 in
1567 4530 1685 4600 iproerit
1694 4545 1820 4586 comam-

116 4623 216 4680 tenor.
230 4619 305 4677 ttae
313 4616 528 4687 emitterent,
538 4621 569 4673 nt
580 4615 744 4689 conflentur,
756 4620 782 4672 et
791 4615 941 4687 eligantur,
995 4621 1091 4691 matio,
1103 4618 1145 4674 sio
1156 4617 1399 4691 intelligentiam
1408 4618 1457 4675 diu
1467 4635 1534 4675 eum
1543 4633 1640 4691 posse,
1650 4616 1821 4674 doneoiras·

116 4708 321 4769 similentur
329 4716 415 4782 utque
427 4707 463 4764 ab
472 4711 577 4781 tempas
586 4707 767 4779 praefinitam,
778 4707 845 4780 quia
854 4704 944 4763 attor
997 4710 1081 4764 catur
1095 4707 1121 4763 ei
1136 4707 1225 4777 Deus,
1240 4710 1269 4763 et
1289 4705 1387 4780 ipsum
1400 4705 1523 4764 interfici
1535 4706 1648 4780 jubeat.
1670 4704 1821 4780 Siquidem

115 4798 195 4860 atat
208 4804 316 4872 reaper
330 4800 394 4856 erit.
407 4795 565 4854 Parvuiutn
580 4796 733 4865 auxilinm,
749 4793 942 4852 biathathiam
996 4795 1133 4869 Polybius
1144 4800 1173 4852 et
1185 4795 1325 4852 Diodorus
1334 4795 1384 4869 qui
1395 4794 1678 4869 (c)Bihliothecarum
1688 4793 1822 4854 scribunt

116 4887 279 4964 significari
287 4885 448 4943 arbitratur
456 4885 645 4960 Porphyrius,
656 4883 943 4956 devicolllmonte)
997 4883 1147 4952 historias,
1164 4887 1285 4940 narrant
1300 4901 1367 4941 eum
1379 4901 1437 4941 non
1454 4884 1550 4942 solum
1565 4884 1771 4941 contraDeum
1782 4884 1822 4942 ie·

117 4978 238 5047 {odim
254 4975 306 5050 qui
322 4974 477 5032 adversum
493 4973 582 5031 duces
593 4971 729 5030 Antiochi
743 4970 904 5041 rebellavit,
915 4976 944 5029 et
997 4971 1072 5030 cisse
1086 4973 1203 5044 iudea,
1221 4974 1272 5030 sed
1285 4973 1410 5031 avaritiae
1427 4973 1539 5031 lacibus
1549 4988 1716 5041 accensum,
1731 4973 1820 5032 etiam

117 5064 232 5126 entium
244 5054 306 5123 veri
320 5060 373 5122 net
398 5074 512 5122 servare
529 5067 654 5121 conatus
676 5065 721 5117 ast
739 5062 763 5134 (t
784 5061 875 5120 Macb.
899 5062 942 5134 ιι).
997 5060 1281 5135 templum(d)liianoe
1292 5062 1323 5118 in
1332 5060 1819 5135 Elimaide‚quoderatditisaimum

116 5157 244 5216 aarum
255 5157 364 5223 autem,
375 5151 481 5227 lnquit,
492 5151 634 5209 auxilium
643 5154 738 5219 vocat,
751 5149 943 5223 quiaoccisus
997 5149 1123 5224 spoliare
1135 5154 1272 5207 conatum
1283 5167 1290 5207 :
1300 5166 1534 5224 oppressumque
1544 5168 1562 5207 a
1571 5149 1744 5209 custodibus
1750 5154 1821 5208 tem-

162 5315 183 5358 a
199 5295 295 5356 Pelet.
306 5294 877 5380 etVtttie.mss.qtttmfaltttperantetse,
887 5296 941 5351 eto.
998 5290 1050 5346 tet
1067 5289 1129 5364 μίαν
1146 5289 1521 5368 συνηρμοκώςπραγματεῖαν
1533 5288 1642 5348 anasei
1651 5293 1702 5362 τὴν
1718 5293 1819 5367 ἱστορι-

165 5371 181 5428 b
206 5367 360 5452 Victorius·
376 5368 412 5423 ad
427 5366 558 5440 Vulgata
571 5365 736 5439 exemplum
757 5366 894 5437 loquetur,
915 5369 945 5422 et
997 5364 1048 5432 κήν
1064 5356 1264 5448 bibliotecam.
1781 5435 1787 5451 ι

187 5438 467 5520 apostatantium
572 5506 610 5521 ..
735 5505 771 5520 Η
825 5508 830 5519 ι
866 5508 871 5519 ¹
1034 5434 1071 5506 (d)
1086 5436 1195 5519 flenter·
1205 5439 1235 5491 et
1247 5435 1480 5520 Machahoorum
1490 5435 1511 5490 l.
1524 5451 1544 5503 1,
1560 5437 1662 5508 capi,
1674 5437 1821 5520 etAppta·

151 5504 611 5598 (epitatquivaldevelrtreeorrhr
622 5506 944 5592 ⁰².⁰⁰“¹.8¹·.B⁸⁶¹¹‘?ult'
998 5522 1116 5588 numm
1132 5507 1242 5579 Syriae.
1259 5523 1310 5580 qur
1324 5507 1468 5590 templum
1483 5506 1564 5564 istud
1575 5523 1632 5563 non
1647 5507 1756 5592 lirano,
1767 5509 1819 5566 aad

114 5580 438 5666 membuntbttiertgr
488 5597 523 5653 ,e
553 5595 617 5654 ipso
627 5579 944 5653 Diodortoutopertstt·
996 5577 1118 5660 Veneris
1133 5577 1279 5652 appellat·
1299 5579 1394 5637 Diana
1409 5595 1487 5648 vero,
1504 5582 1609 5653 prater
1623 5579 1821 5659 Polyhtumao

115 5659 191 5732 tuto,
206 5658 297 5730 atque
309 5650 427 5716 Rusehu
453 5669 505 5713 ooo
524 5597 653 5727 inope.
668 5642 778 5726 iivang.
798 5650 819 5710 l.
835 5669 855 5725 1,
869 5667 895 5710 o.
907 5652 941 5710 b:
997 5648 1167 5722 Diodorum,
1183 5622 1339 5726 losephus.
