3818 6104
95 299 173 364 illi
442 301 815 370 COMMENTARIORUM
838 307 877 369 lli
900 300 1129 372 DACHARIAM
1151 306 1225 369 tls.
1249 300 1273 368 l.
1296 304 1382 371 CAP.
1405 305 1458 371 lv.
1719 313 1798 379 hffl

92 435 163 493 colet
185 437 264 493 bomo
285 437 321 494 de
337 452 432 495 somno
445 454 504 496 auo.
520 439 583 503 Ouo
597 440 677 495 enim
691 441 813 508 abierat,
829 445 861 496 ut
874 458 918 496 rs·
934 442 962 508 Α
976 457 1045 506 ineo,
1060 440 1126 497 dicit
1139 441 1280 498 Dominus.
1299 441 1435 499 Dicamus
1445 442 1536 515 igitur
1546 444 1665 516 singula
1676 463 1799 518 pereur-

92 528 267 592 uerteretur,
293 527 421 584 maxime
444 527 495 600 qui
518 527 695 600 loquebatur
717 529 747 584 in
768 527 920 601 propheta,
976 532 1085 594 rentes,
1100 527 1228 599 primum
1244 528 1314 602 quid
1324 527 1458 587 uidemur
1467 529 1605 600 hebreis,
1620 535 1756 605 aquibus
1767 537 1797 593 in

94 617 125 670 et
146 615 258 686 absque
279 631 313 671 so
336 616 365 671 in
393 634 450 689 quo
475 616 651 688 loquebatur
671 634 734 674 esse
756 634 813 679 nun
840 621 920 690 pots·
974 617 1064 672 veteri
1078 616 1265 674 Testamenta
1279 618 1386 675 eruditi
1400 635 1523 675 sumus:
1539 620 1645 678 deinde
1671 639 1723 695 par
1743 623 1799 683 hos

95 702 466 777 rat.Sedquotiesenmque
476 705 605 762 humana
616 706 759 780 fragilitas
769 705 923 762 snerelin-
976 705 1060 775 quasi
1077 706 1185 777 gradus
1201 706 1236 762 ad
1249 706 1383 763 Ecclesia
1393 707 1523 764 culmina
1538 710 1590 781 [m.
1602 708 1718 784 limina]
1728 729 1798 770 eon·

95 792 199 863 quitur
212 790 418 860 imbecillitati,
437 794 487 850 Dei
500 795 553 865 [lt.
568 796 653 865 Deus]
670 794 784 851 anobis
794 801 823 850 et
834 810 921 866 ange·
976 795 1163 850 scandamus.
1175 793 1390 851 Candelabrum
1400 812 1523 853 aureum
1535 797 1674 867 solidum,
1685 801 1799 874 Legem,

94 877 193 936 lorum
218 881 283 951 ejus
310 881 451 937 auxilium
477 881 550 938 8⁰7
579 883 920 939 abirecredendumest.
976 880 1175 954 idest,vdpov
1193 883 1430 954 interpretantur.
1449 885 1627 958 Lampadsm
1646 889 1799 958 autemid

95 969 173 1041 lirgo
187 974 216 1024 et
226 970 368 1041 propheta
379 975 497 1043 stupore
509 987 623 1043 magna
634 971 756 1027 visionis
767 972 921 1040 attonitus,

95 1060 159 1113 tota
172 1063 271 1114 mente
287 1058 428 1131 torpebat,
450 1062 478 1115 ei
493 1059 605 1116 clarum
620 1059 752 1116 veritatis
765 1058 865 1115 lumen
880 1059 922 1114 vi-

96 1146 167 1201 dere
179 1163 236 1202 non
249 1151 380 1219 poterat:
397 1148 475 1204 unde
490 1165 507 1204 a
520 1147 630 1204 visione
642 1148 788 1220 preterita
799 1148 921 1207 suscita-

96 1238 148 1290 tur
162 1235 197 1291 ad
209 1234 298 1291 aliam
311 1235 454 1292 visionem
467 1235 551 1309 qussi
564 1236 600 1293 de
612 1253 715 1293 somno
725 1237 877 1310 evigilans,
892 1241 925 1294 ut
977 1237 1074 1303 brum,
1087 1242 1198 1310 septem
1209 1239 1319 1308 gratias
1329 1239 1458 1311 Spiritus
1468 1239 1571 1306 sancti,
1583 1241 1620 1297 de
1630 1242 1738 1313 quibus
1751 1258 1800 1298 su·

96 1323 196 1380 rideat
209 1326 287 1397 quod
304 1325 413 1381 clausis
428 1325 520 1382 oculis
536 1342 594 1382 non
610 1326 735 1383 videbat.
748 1326 885 1383 Dicamus
895 1330 924 1383 et
976 1341 1029 1397 pra
1044 1325 1183 1391 diximus,
1198 1325 1276 1397 quod
1292 1327 1321 1381 in
1337 1326 1434 1399 lapide
1449 1345 1507 1384 uno
1519 1333 1629 1401 septem
1641 1329 1719 1386 oculi
1730 1330 1800 1388 sint.

97 1411 193 1468 aliter.
209 1412 398 1470 Proverbium
413 1413 579 1471 Salomonis
594 1414 796 1473 testimonium
812 1419 877 1472 est:
894 1414 924 1471 Si
977 1412 1270 1470 Nullisnimdubium
1279 1414 1351 1487 quin
1359 1416 1425 1484 Lex,
1434 1416 1544 1489 Spiritu
1554 1419 1802 1487 sanetodiotante‚

95 1500 211 1569 adema,
223 1503 496 1573 obsquetimorearis
507 1522 516 1559 :
528 1503 553 1559 ei
565 1510 655 1560 ouum
665 1503 823 1575 donnieris,
834 1502 922 1559 dutci-
976 1501 1141 1574 conscripta
1162 1503 1211 1560 sit.
1235 1507 1351 1576 Septem
1374 1510 1474 1561 autem
1488 1505 1632 1563 inlusoria
1646 1507 1677 1564 in
1692 1506 1802 1580 quihus

95 1598 140 1645 ter
153 1589 282 1657 dormies,
309 1595 335 1646 et
348 1607 404 1647 non
418 1592 528 1647 timebis
542 1597 676 1648 terrerem
688 1595 924 1665 supervenientem
976 1589 1073 1648 oleum
1084 1591 1216 1662 sit,quod
1225 1592 1359 1648 mittatur
1369 1593 1400 1649 in
1410 1592 1627 1665 lucernamque
1635 1611 1726 1668 super
1734 1613 1800 1654 can·

95 1678 161 1748 tihi,
176 1694 227 1734 nec
241 1681 358 1750 impetus
373 1681 523 1751 impiorum
538 1684 693 1752 inpruentea
716 1682 807 1753 (Pron.
827 1698 873 1748 nr,
888 1683 923 1738 23
977 1679 1095 1736 delabro
1117 1680 1242 1750 luceant,
1263 1681 1317 1738 hoo
1337 1680 1460 1756 intelllgi
1475 1682 1586 1750 volunt,
1602 1689 1711 1756 septem
1728 1685 1802 1746 istas

96 1771 125 1824 et
139 1768 224 1839 seqq.)
249 1767 304 1833 Oui
319 1767 375 1824 hoc
398 1785 502 1824 somno
516 1769 677 1840 dormierit,
694 1773 723 1825 et
736 1769 863 1827 audierit
876 1770 922 1825 di·
938 1816 962 1881 B
977 1769 1087 1841 gratias
1097 1769 1133 1826 de
1147 1768 1217 1825 ooelo
1228 1769 1264 1824 ad
1280 1769 1415 1827 homines
1425 1786 1477 1843 per
1493 1772 1598 1844 Legem
1615 1773 1801 1831 descendere.

74 1918 80 1929 ‚
96 1861 181 1913 ctum
206 1857 242 1912 de
264 1873 295 1912 se
310 1857 387 1929 quod
404 1858 545 1929 seriptum
561 1857 597 1913 de
612 1858 719 1914 Lazaro
734 1857 878 1930 legimus:
894 1859 925 1915 si
979 1858 1057 1914 Duas
1073 1862 1171 1913 autem
1186 1857 1277 1914 olivas
1291 1875 1380 1930 super
1394 1859 1604 1916 candelabrum
1614 1863 1803 1933 apartedox·

96 1944 211 2013 dcrmit,
223 1945 315 2001 suiuus
324 1948 382 2002 erit
393 1947 483 2016 (loon.
494 1963 534 2013 xi,
546 1946 601 2017 12),
615 1946 721 2018 poterit
730 1952 847 2003 eantare
857 1963 924 2004 cum
979 1951 1041 2003 tera
1054 1952 1083 2002 et
1092 1945 1222 2012 sinistra,
1234 1946 1311 2002 inter
1320 1962 1394 2018 quas
1407 1947 1503 2004 media
1514 1946 1628 2021 lampas
1637 1948 1744 2018 luceat,
1754 1951 1803 2007 le·

97 2050 228 2106 sponsa:
245 2037 306 2106 Epo
316 2034 432 2103 dormio,
444 2043 470 2091 et
477 2051 523 2091 cor
533 2051 624 2091 meum
633 2036 731 2105 uipilot
745 2036 835 2107 (Cant.
846 2053 874 2107 v,
885 2038 923 2105 2).
978 2051 1046 2108 gem
1057 2038 1086 2090 st
1095 2034 1256 2107 Prophetas
1266 2033 1505 2106 interpretantur.
1518 2034 1650 2108 Cumque
1663 2037 1806 2110 propheta
1847 2069 1849 2073 Α

97 2123 261 2179 Videamus
271 2139 339 2196 ergo
350 2124 386 2179 ad
398 2140 461 2196 quoe
472 2123 697 2196 contemplanda
706 2124 791 2197 quasi
802 2124 838 2181 de
849 2141 926 2181 som·
979 2127 1128 2180 narrasset
1143 2123 1285 2179 visionem
1301 2139 1402 2192 suam,
1425 2121 1559 2181 nesciens
1583 2124 1653 2196 quid
1677 2124 1804 2194 videret,

98 2227 141 2267 no
155 2211 297 2284 propheta
311 2217 478 2285 consurgat.
980 2211 1139 2284 interrogat
1149 2211 1285 2283 angelum
1297 2210 1466 2284 loquentem
1478 2210 1508 2268 in
1519 2229 1561 2284 se,
1570 2230 1692 2271 sensum
1702 2213 1805 2271 videli-

976 974 1022 1026 eet
1036 971 1186 1027 llammam
1202 973 1231 1027 in
1245 973 1352 1029 vertice
1367 973 1536 1030 candelabri
1550 975 1697 1033 lucentem
1712 983 1799 1050 atque

977 1059 1146 1132 fulgentem,
1158 1060 1317 1127 Christum,
1330 1061 1379 1133 qui
1390 1066 1478 1133 eaput
1488 1062 1572 1135 Legis
1583 1063 1633 1130 sit,
1645 1069 1674 1120 et
1683 1081 1800 1124 omnem

978 1149 1123 1205 munilum
1134 1147 1290 1205 illuminet.
1298 1149 1416 1222 Septem
1426 1149 1563 1208 lucernae
1574 1153 1801 1225 supercandela·

139 2299 231 2373 (Vera.
255 2304 272 2355 2
297 2302 390 2373 seqq.)
414 2304 452 2356 Et
466 2302 536 2357 dixit
550 2302 586 2358 od
599 2319 652 2374 me,
668 2301 734 2374 quid
747 2304 779 2356 tu
792 2301 886 2358 uides?
900 2309 926 2358 et

98 2389 187 2446 diei:
215 2389 288 2455 Vidi,
312 2395 339 2445 et
358 2406 418 2445 eece
434 2391 630 2446 condelabrum
644 2407 760 2446 aureum
773 2394 876 2461 ictam,
901 2397 927 2446 et

98 2479 207 2551 tempos
221 2481 280 2551 ejus
294 2494 377 2549 super
394 2484 477 2550 eaput
496 2481 607 2551 ipsius:
631 2483 657 2534 et
679 2483 781 2550 septem
805 2479 927 2536 lucerne

98 2569 160 2640 qais
174 2584 256 2639 super
270 2567 363 2623 iliud:
378 2575 479 2637 septem
493 2574 519 2623 et
531 2571 633 2638 septem
647 2569 784 2637 inlusoria
795 2568 925 2634 lucernis,

98 2672 165 2730 quse
178 2665 260 2712 erunt
274 2672 355 2727 super
368 2659 453 2724 eaput
467 2659 538 2728 ejus.
550 2656 653 2712 litduae
664 2658 741 2712 otivae
751 2671 832 2728 super
844 2656 926 2723 iliud,

98 2762 161 2802 mic
175 2762 191 2800 o
206 2745 311 2801 Deiras
326 2744 473 2815 lampadis,
484 2753 510 2800 et
523 2761 580 2800 uno
593 2761 610 2800 a
624 2745 746 2800 sinistris
755 2747 823 2816 ejus.
839 2745 872 2800 Et
887 2760 928 2801 re-

979 2304 1025 2356 cet
1035 2300 1116 2357 aDeo
1128 2298 1339 2357 illuminatum.
1347 2300 1406 2357 Iste
1415 2301 1494 2357 enim
1506 2301 1626 2374 angelus
1636 2307 1737 2360 noster
1746 2307 1800 2375 est,

980 2389 1030 2461 qui
1041 2389 1198 2461 prudenter
1208 2388 1385 2462 intelligens,
1394 2388 1445 2445 Dei
1456 2389 1541 2446 nobis
1552 2389 1664 2446 indicat
1672 2388 1804 2450 solunte·

980 2483 1049 2545 ism,
1072 2483 1101 2534 et
1123 2478 1213 2534 dicit:
1230 2477 1300 2546 Quid
1314 2485 1378 2533 sunt
1392 2477 1457 2545 aar,
1472 2478 1582 2533 domine
1595 2481 1637 2535 ini
1646 2483 1659 2533 l
1674 2477 1803 2552 Angelus

980 2571 1078 2623 autom
1094 2582 1151 2622 non
1166 2566 1302 2639 explanat
1315 2566 1456 2623 visionem
1468 2565 1625 2639 prophete,
1637 2570 1670 2623 at
1680 2572 1801 2641 rogatus

981 2655 1017 2711 ab
1028 2671 1062 2710 eo
1073 2657 1182 2723 iuerat;
1194 2655 1244 2711 sed
1255 2655 1483 2727 interrogantem
1494 2672 1613 2712 rursum
1624 2656 1785 2730 interrogat
1796 2674 1803 2715 :

981 2743 1057 2799 Num
1073 2739 1190 2815 ignoras
1205 2742 1276 2816 quid
1287 2743 1347 2799 sint
1361 2743 1443 2799 hee?
1457 2745 1518 2810 Quo
1529 2745 1734 2816 respondente,
1749 2761 1803 2802 ne·

97 2833 208 2906 spondi,
229 2837 255 2889 et
269 2835 315 2889 oio
329 2833 366 2888 od
380 2833 519 2904 nepetam,
535 2835 584 2904 qui
597 2833 757 2905 loquebatur
771 2836 802 2889 in
815 2848 868 2903 nie,
883 2832 926 2888 di·
981 2832 1060 2889 eoio:
1076 2832 1164 2888 etiam
1180 2832 1242 2904 ipse
1257 2832 1424 2904 respondit;
1440 2833 1493 2888 lloe
1506 2834 1545 2889 est
1561 2833 1674 2889 omium
1693 2834 1804 2891 Domim

98 2938 185 2979 cens:
199 2922 275 2991 Quid
288 2926 351 2977 suni
372 2922 440 2988 daec,
456 2921 565 2978 domim
577 2926 636 2977 mi?
649 2930 674 2978 et
687 2921 826 2994 respondit
840 2938 926 2992 unpe-
980 2921 1015 2979 nd
1029 2922 1178 2978 Zorododet
1192 2923 1308 2979 durna:
1324 2924 1385 2978 Non
1399 2925 1429 2977 in
1443 2925 1574 2991 cummim
1588 2937 1639 2980 nec
1652 2925 1683 2981 in
1696 2924 1802 2997 robore,

102 3010 150 3068 irai
171 3013 222 3082 qui
245 3010 406 3082 loquebatur
420 3012 452 3066 in
466 3027 517 3081 nie,
537 3013 562 3066 et
576 3011 648 3066 dixit
663 3012 698 3067 ud
711 3027 774 3066 ine:
789 3010 927 3083 Numquid
980 3010 1069 3068 sedin
1082 3013 1184 3083 spiritu
1197 3027 1268 3079 meo,
1279 3011 1345 3067 dicit
1355 3012 1498 3068 Dominus.
1510 3012 1611 3069 Serum
1624 3027 1694 3085 ergo
1706 3014 1804 3071 Domi·

98 3102 190 3157 nescis
201 3100 267 3172 quid
281 3108 344 3155 suut
359 3098 436 3155 daeo?
449 3104 474 3155 et
487 3099 550 3155 diei
563 3117 573 3154 .·
597 3116 667 3168 uon,
691 3100 802 3157 dmniue
820 3103 870 3156 mi.
893 3103 926 3157 tit
981 3100 1011 3155 ni
1024 3100 1060 3156 ad
1071 3100 1238 3171 zorobabel,
1250 3100 1301 3173 qui
1312 3099 1429 3157 locutus
1438 3106 1481 3156 est
1494 3117 1552 3157 non
1562 3100 1593 3156 in
1603 3102 1744 3173 exercitu,
1756 3118 1804 3161 ne-

99 3189 253 3261 respondit,
268 3197 293 3245 et
307 3192 347 3244 oit
361 3189 397 3244 od
411 3204 463 3255 me,
479 3188 572 3244 dicens
587 3207 596 3244 :
618 3190 672 3245 lloc
692 3197 731 3246 esi
749 3189 860 3246 umboni
872 3190 926 3246 Do·
941 3180 963 3247 C
982 3190 1078 3262 quein
1089 3191 1209 3259 robore;
1225 3190 1274 3245 sed
1289 3189 1318 3244 in
1329 3187 1434 3261 spiritu
1446 3188 1591 3262 meo,ipse
1601 3194 1648 3247 est
1660 3190 1803 3264 interpre-

100 3280 179 3334 mini
191 3278 227 3333 cd
240 3278 403 3343 Zorobobet,
428 3277 539 3333 dicens:
554 3278 613 3334 Non
627 3280 659 3332 in
673 3282 811 3346 exercitu,
836 3295 886 3335 nee
899 3281 930 3335 in
983 3279 1055 3336 tatio
1065 3279 1201 3336 visionis:
1213 3295 1271 3334 non
1281 3278 1311 3334 in
1320 3277 1456 3345 exercitu,
1469 3293 1565 3350 neque
1575 3278 1604 3335 in
1615 3276 1806 3337 multitudine

101 3368 217 3429 robore;
231 3366 277 3422 sed
287 3368 318 3422 in
326 3368 428 3440 spiritu
441 3382 510 3435 rneo,
525 3366 591 3423 dicit
603 3368 734 3423 Dominus
743 3371 929 3424 modinum:
984 3368 1174 3434 bellatorum3
1186 3368 1237 3423 ssd
1247 3366 1277 3422 in
1286 3366 1448 3439 spiritabat
1457 3367 1611 3425 rodostum
1621 3368 1807 3441 populum,st

105 3456 174 3524 Quis
187 3460 231 3525 tu,
255 3472 333 3511 mons
347 3472 460 3527 mopne,
484 3470 577 3511 eorum
590 3456 737 3511 Zorobobel
751 3458 782 3512 in
792 3457 931 3528 pianum?
984 3456 1099 3528 plenius
1110 3455 1321 3519 reducendum,
1331 3454 1550 3511 studuersarlos
1560 3471 1625 3511 esse
1634 3458 1804 3515 vastandos.

101 3553 133 3600 et
145 3544 237 3600 educet
252 3544 369 3616 lapidem
380 3547 562 3616 primarium,
586 3553 611 3600 et
633 3545 791 3615 coaequabit
811 3547 928 3616 prolium
956 3581 968 3603 .
983 3545 1060 3601 aaa
1071 3543 1212 3615 Quodque
1221 3543 1369 3613 sequitur:
1383 3543 1450 3610 Quale
1460 3546 1500 3613 tu,
1511 3558 1704 3615 monemupne,
1714 3561 1807 3603 eorm

101 3635 202 3705 qratia
216 3635 286 3704 ejus.
303 3632 393 3688 LXX:
410 3635 443 3688 Et
456 3632 530 3688 discit
545 3632 580 3688 ad
594 3649 646 3701 me,
665 3633 732 3704 quid
745 3638 775 3688 tu
788 3633 883 3689 uideat
897 3635 930 3688 lit
983 3632 1129 3688 zorobabet
1138 3629 1804 3705 inptonum;addlabolumdictaminteilignnt,

100 3721 191 3778 diei:
208 3723 282 3792 Vidi,
298 3726 325 3778 et
338 3738 397 3777 ecee
418 3723 613 3777 condelabrum
637 3738 754 3777 aureum
776 3731 877 3793 totum,
904 3727 929 3777 et
983 3721 1034 3794 qui
1050 3721 1147 3776 stabat
1160 3736 1177 3774 a
1191 3717 1300 3775 dextris
1312 3720 1392 3788 lesu,
1413 3722 1446 3776 ut
1460 3718 1665 3776 adversaretur
1679 3721 1716 3787 ei,
1731 3725 1761 3777 et
1774 3738 1806 3780 ee

103 3809 215 3882 tompus
231 3811 268 3883 (o)
283 3827 366 3882 super
380 3827 461 3872 eum‚·
475 3814 501 3866 et
509 3820 610 3882 septem
620 3812 744 3867 lucernas
753 3827 837 3883 super
848 3811 929 3882 iliud,
983 3810 1114 3867 elevabat
1125 3805 1387 3865 contraZorohahsl
1397 3811 1426 3862 et
1436 3806 1805 3879 populumtodaorumln

99 3904 131 3956 et
144 3908 243 3972 septem
254 3902 390 3970 intrusoris
400 3900 585 3967 lucernorum,
601 3916 659 3972 qus
669 3907 748 3957 erunt
757 3916 839 3972 aupm
849 3900 928 3956 iilud.
984 3899 1104 3973 planum
1115 3903 1212 3955 autem
1222 3913 1324 3954 versus
1335 3895 1612 3954 sthumiliatusest:
1621 3905 1650 3953 et
1662 3898 1717 3959 sub
1728 3898 1807 3971 pedi·

99 3988 139 4044 Et
149 4004 207 4045 esee
216 3989 278 4045 dua
288 3989 373 4046 otiose
382 4005 466 4060 super·
477 3988 560 4054 illud,
573 4006 655 4044 unco
668 3989 772 4046 desiria
782 3989 929 4062 lampadis,
983 3989 1039 4045 bus
1050 3990 1129 4061 jacet
1144 3986 1243 4053 lsrael,
1259 3985 1329 4059 qnia
1342 3986 1448 4042 educat
1462 3991 1538 4042 Deus
1551 3985 1678 4058 lapidem
1695 3987 1806 4060 prima·

100 4085 134 4132 ei
147 4093 203 4133 unc
218 4096 234 4133 u
248 4080 388 4134 sinistris:
405 4082 432 4133 et
446 4079 627 4149 interemunt,
641 4082 668 4134 et
682 4078 744 4136 diui
757 4079 792 4135 od
801 4080 930 4151 oppetam
983 4076 1339 4150 rium,ChristumFllium
1350 4093 1439 4132 suum
1450 4076 1740 4149 quisemparsuxilio
1750 4077 1807 4136 luit

102 4168 155 4238 qai
169 4167 331 4239 loquebatur
345 4169 377 4222 in
390 4182 443 4234 me,
459 4166 551 4223 dicens
562 4185 572 4221 :
587 4168 658 4236 Quid
671 4175 737 4224 sunt
749 4168 816 4235 haee,
837 4169 928 4226 Domi·
983 4168 1091 4241 populo
1106 4166 1205 4225 lsrael.
1221 4171 1255 4222 lit
1269 4167 1364 4239 gratia
1377 4167 1452 4236 ejus,
1475 4164 1504 4221 id
1520 4170 1575 4234 est,
1592 4165 1699 4237 lapidis
1713 4167 1744 4223 in
1757 4183 1807 4224 eos

99 4254 162 4311 nel
174 4257 509 4329 respondensqueonqelue
520 4259 568 4329 qui
579 4256 741 4328 loquebatur
752 4259 782 4314 in
795 4274 847 4329 nse,
858 4258 931 4314 dreit
983 4253 1572 4330 quosreduxitdecaptivitate,exequahit
1581 4254 1706 4327 gratiam
1716 4272 1807 4329 qnam

101 4344 142 4399 ad
155 4361 217 4400 nie:
233 4345 291 4402 Non
305 4347 445 4414 eopnoseis
459 4345 524 4416 quid
538 4353 603 4401 sunt
616 4346 694 4401 daee?
705 4348 740 4402 at
755 4346 816 4402 diei
837 4365 844 4402 ε
859 4348 928 4419 Non,
983 4346 1014 4401 in
1031 4350 1128 4418 patras
1142 4359 1244 4401 eorum
1259 4359 1377 4416 semper
1391 4343 1530 4400 exorauit.
1546 4342 1612 4399 llaec
1627 4343 1664 4400 ab
1678 4343 1807 4401 Hebraeis

98 4431 223 4489 domine.
251 4436 282 4489 ut
305 4433 446 4506 respondit
467 4439 496 4490 et
516 4437 556 4489 cit
576 4433 612 4490 od
631 4451 675 4491 me
694 4435 806 4491 dicens:
821 4437 874 4492 late
891 4440 930 4493 est
984 4435 1063 4491 dicta
1072 4433 1244 4507 reperimus.
1259 4433 1343 4490 Nunc
1358 4432 1409 4505 qui
1423 4432 1460 4488 ab
1474 4430 1680 4488 ecclesiasticis
1689 4431 1760 4488 viris
1775 4431 1806 4491 in

100 4537 195 4578 serum
217 4523 328 4579 Domini
351 4522 387 4578 od
400 4523 555 4590 Zorobobei,
571 4525 684 4580 dicens:
699 4529 758 4581 Non
774 4526 803 4580 in
818 4527 929 4596 sortitu-
944 4550 967 4614 D
982 4523 1207 4581 Commentariis
1222 4522 1366 4594 scriptum
1381 4521 1428 4592 sit,
1444 4520 1637 4577 disseramus.
1662 4518 1806 4577 Candela-

98 4609 169 4666 de'ne
181 4628 292 4683 mopno,
307 4629 396 4683 neque
410 4614 442 4668 in
453 4613 557 4680 robore,
572 4612 617 4668 aed
630 4615 659 4668 in
669 4615 771 4684 spiritu
780 4630 850 4683 meo,
860 4614 928 4671 dieii
981 4610 1480 4685 brnm(1lt.autemlaureumdsanro
1487 4607 1805 4681 purissimoltoelasiam

99 4699 236 4756 Dominus
262 4704 454 4772 omnipotens:
473 4703 538 4770 Quis
553 4718 580 4758 es
592 4710 634 4772 tu,
649 4718 727 4759 mons
740 4719 849 4776 maone,
864 4714 928 4760 unte
982 4702 1228 4774 intelligunt,que
1238 4697 1547 4770 inscripturiseanetis
1557 4711 1807 4754 sensumscmsn.

98 4790 205 4862 faeiem
228 4791 382 4856 zorobabet,
409 4794 438 4846 ut
461 4793 603 4861 compos?
626 4800 652 4847 et
673 4792 788 4848 educam
807 4793 929 4865 lapidem
982 4796 1039 4848 tem
1047 4783 1805 4861 magisquamvorhaperquirit.0uodauteminsen·

101 4876 182 4934 8⁰8
204 4877 390 4936 baereditatis:
406 4881 594 4951 «equalitatem
608 4881 709 4950 pratia
724 4884 845 4951 gratiam
858 4885 926 4952 eius.
983 4895 1016 4936 su
1028 4894 1133 4934 aarum
1144 4877 1316 4950 accipiatur,
1328 4873 1528 4948 posterioraet
1537 4871 1654 4929 humeri
1664 4872 1806 4931 columbe

101 4966 234 5038 Angelus
260 4969 308 5039 qui
324 4969 476 5025 suscitavit
491 4969 658 5025 Zachariam
674 4971 758 5042 quasi
775 4970 812 5025 de
825 4986 928 5028 somno
983 4965 1201 5039 inseragesimo
1208 4964 1332 5038 septimo
1340 4962 1454 5036 psalmo
1461 4962 1629 5020 ostendunt:
1637 4960 1807 5033 quedicun·

85 5054 255 5112 bominem
270 5062 505 5131 consurgentem,
518 5059 678 5131 interrogat
688 5059 758 5131 quid
770 5058 883 5128 viderit,
897 5063 928 5115 ut
983 5060 1033 5112 tur
1046 5055 1110 5111 anri
1124 5055 1218 5111 virore
1232 5055 1293 5111 sive
1308 5054 1419 5126 fulgore
1433 5052 1556 5108 radiare.
1581 5050 1760 5122 Lampadsm
1775 5053 1806 5107 et

100 5141 156 5199 illo
172 5147 374 5217 respondente,
402 5150 431 5203 st
453 5147 615 5219 ignorante,
631 5151 660 5203 et
675 5148 840 5204 sciscitante
855 5148 926 5220 quid
966 5197 970 5203 .
983 5144 1040 5218 ipsi
1053 5145 1202 5202 Christum
1217 5142 1398 5216 intelligunt,
1412 5141 1491 5214 quod
1505 5141 1602 5199 luceat
1621 5139 1652 5195 in
1667 5136 1805 5196 Ecclesia.

101 5237 216 5299 cernat,
243 5239 329 5306 etque
344 5235 476 5291 dicente:
493 5236 563 5304 Quid
584 5245 649 5292 sunt
663 5236 733 5307 bec,
746 5237 856 5294 domine
868 5239 929 5295 mii
983 5233 1318 5308 quidessipsodieebat:
1328 5226 1808 5298 Nemoiusernamoeemditetponit

102 5320 263 5377 audiamus
290 5324 326 5378 ab
350 5340 384 5379 eo
399 5325 483 5380 :ilos
495 5328 535 5381 est
549 5325 661 5381 vebum
674 5326 785 5381 Domini
798 5325 833 5382 ad
846 5327 928 5384 Zoro·
983 5342 1046 5384 eum
1059 5325 1110 5381 sub
1123 5323 1216 5380 modio
1229 5325 1321 5396 (Moti.
1337 5338 1365 5392 v,
1383 5321 1437 5392 15),
1452 5318 1508 5375 hoo
1521 5322 1577 5386 est,
1596 5315 1653 5373 sub
1667 5328 1807 5373 mensura

102 5407 204 5464 debet:
220 5410 279 5467 Non
291 5413 323 5466 in
337 5414 471 5480 exercitu,
487 5430 537 5469 nee
550 5416 580 5469 in
594 5415 708 5477 robore;
722 5414 769 5471 sed
784 5416 815 5470 in
827 5418 930 5487 spiritu
983 5415 1085 5488 Legis3
1102 5415 1152 5472 sed
1168 5429 1257 5485 super
1271 5410 1494 5478 candelabrum,
1519 5406 1549 5462 id
1573 5410 1632 5474 est,
1656 5400 1806 5478 Evangelii

141 5619 178 5701 (c)
193 5619 339 5686 Victorius
350 5630 480 5705 corrigit,
494 5644 576 5706 super
585 5628 664 5702 iilud,
680 5628 793 5689 scilieet
802 5629 1007 5692 emdetcdm.
1022 5627 1292 5707 menagium..
1306 5617 1742 5704 etaepterntucmfiamit·
