3818 6104
151 301 222 376 Μ’
611 312 618 317 ’
659 342 665 354 ·
775 309 807 382 S.
830 306 987 383 sussen
1009 308 1231 381 nlnflonrttl
1797 302 1860 375 {88

150 447 273 522 ponsi03
299 448 351 507 sed
366 446 524 523 increpatio
539 465 591 523 pro
606 450 753 525 peccatis:
774 457 802 508 ct
822 451 903 508 addit
913 453 978 523 jus·
992 452 1021 518 Α
1034 451 1069 506 od
1092 467 1159 506 eos:
1185 451 1237 519 Qui
1260 457 1309 514 est,
1333 449 1409 504 misit
1430 462 1473 503 me
1497 443 1592 518 (baed.
1616 460 1658 515 111,
1680 443 1724 511 13,
1747 442 1804 515 ll).
1824 444 1859 505 ln

146 536 330 607 iurandum:
346 539 407 595 uiue
420 555 477 611 eqo,
500 544 534 596 ut
550 539 662 597 tirmior
676 540 716 598 sit
730 542 875 598 sententia
889 543 976 598 dene·
1030 545 1150 614 AEgypto
1160 541 1250 613 igitur
1262 544 1349 594 notus
1359 536 1452 593 lactus
1464 540 1509 592 est
1520 532 1638 608 populo,
1652 536 1681 589 et
1691 532 1797 590 semini
1809 534 1858 592 do·

150 626 259 699 gantis.
271 627 354 693 Quod
365 632 463 684 autem
476 628 574 686 dixere
585 630 666 698 lle,
677 633 702 687 si
711 631 871 703 respondere
882 630 974 686 nobas:
1030 647 1097 687 mus
1107 629 1215 687 Jacob:
1232 629 1308 686 ω
1323 626 1440 699 quando
1455 624 1557 680 levavit
1574 640 1696 679 manum
1707 640 1791 680 suam
1804 639 1858 696 pro

38 734 40 739 ¹
150 714 345 788 Symmachus
362 716 549 775 manifestius
563 718 725 793 transtulit,
738 736 792 777 non
809 720 975 792 respondebo
1030 721 1072 776 eis
1097 722 1198 776 contra
1218 716 1378 790 AEgyptios,
1403 718 1432 770 et
1453 712 1543 768 dixit:
1569 714 1628 783 Epo
1649 728 1712 767 sum
1725 712 1860 769 Dominus

149 805 234 859 vobis.
1028 812 1099 866 Deus
1122 812 1219 880 nester,
1245 811 1273 864 at
1296 805 1383 878 elegit
1411 820 1461 859 eos
1491 806 1524 858 ut
1551 802 1689 857 educeret
1715 801 1751 856 de
1778 805 1859 859 terra

184 890 278 960 (Vens.
301 893 340 964 4.)
366 893 396 949 Si
405 894 516 967 judicus
531 912 593 952 ees:
618 899 643 952 si
653 898 773 970 judicus,
788 899 831 969 fili
844 899 971 955 bominis.
1029 897 1153 972 AEgypti,
1166 897 1201 953 ad
1215 901 1323 952 terram
1335 894 1471 949 lluentcm
1487 890 1562 946 lacte
1572 894 1601 945 et
1611 888 1706 946 melle.
1724 890 1858 946 Necdum

149 979 244 1036 Lxx:
261 983 287 1037 si
298 982 425 1040 ultusees
434 986 512 1054 suero
524 989 638 1054 ultione,
648 987 692 1058 fili
700 988 837 1043 beminis:
852 987 896 1043 llli
909 987 973 1059 qui·
1028 987 1107 1043 enim
1124 1002 1226 1058 capere
1241 987 1376 1058 poteraut
1391 981 1519 1038 solidum
1542 978 1640 1035 cibum
1657 995 1663 1032 :
1690 978 1740 1034 sed
1767 979 1855 1049 quasi

148 1078 216 1126 dam
231 1071 267 1125 ad
284 1070 524 1144 interrogandum
540 1090 588 1130 me
601 1080 752 1146 venerunt,
774 1075 923 1148 cupientes
939 1076 974 1132 dc
1028 1075 1141 1149 parvuli
1152 1080 1239 1148 atque
1249 1074 1400 1138 lactentes,
1412 1068 1498 1126 melle
1508 1067 1619 1124 etlacte
1630 1067 1804 1140 indigebant
1814 1067 1858 1124 in·

149 1157 208 1226 his,
223 1160 332 1231 quihus
343 1161 507 1233 ambigunt,
523 1167 552 1218 et
562 1164 660 1219 lutura
672 1180 864 1237 cognoscere;
881 1169 974 1222 tuan·
1029 1166 1137 1222 lantiae.
1161 1166 1251 1222 Juxta
1274 1162 1399 1218 litteram
1424 1175 1489 1215 vero
1512 1156 1650 1230 inclytam
1665 1171 1730 1212 esse
1746 1161 1855 1213 terram

146 1249 220 1315 tem,
236 1247 278 1302 illi
292 1248 432 1321 hominis,
450 1252 552 1320 judica
566 1268 625 1320 eos,
648 1257 680 1308 ut
695 1271 752 1309 non
773 1255 919 1327 prophetas
935 1255 975 1312 sit
1027 1255 1121 1324 tuda,
1133 1259 1161 1311 et
1171 1251 1284 1310 cunctis
1294 1249 1379 1307 terris
1392 1247 1571 1313 fertiliorem,
1585 1245 1720 1300 dubitare
1733 1261 1791 1301 non
1803 1260 1856 1317 po-

147 1337 312 1409 responsio,
324 1339 374 1393 sed
384 1340 758 1414 sententiay'udicantispro
769 1343 973 1415 iniquitatibus
1027 1344 1104 1406 terit,
1121 1343 1171 1415 qui
1187 1359 1203 1398 a
1218 1342 1396 1398 Rincccrura
1413 1352 1508 1408 usque
1518 1335 1554 1390 ad
1565 1336 1696 1389 'laurum
1711 1338 1854 1402 montem,

151 1441 216 1496 quae
237 1425 377 1493 fecerunt,
403 1431 431 1482 et
446 1434 563 1499 patrum
588 1431 679 1488 secuti
696 1436 765 1487 sunt
780 1432 899 1489 scelera.
926 1432 973 1491 Vel
1028 1436 1056 1488 et
1071 1432 1247 1504 Euphratem
1264 1428 1384 1484 fluvium
1400 1428 1536 1481 cunctam
1551 1421 1778 1478 consideraverit
1794 1426 1855 1478 ter·

146 1515 232 1579 cede,
246 1513 356 1569 sinibus
368 1516 501 1586 cossuerc
511 1518 628 1586 ultione,
642 1524 673 1574 ut
689 1520 863 1577 sitsensus:
880 1523 974 1578 Tanta
1028 1537 1103 1586 ram,
1119 1518 1282 1576 sturbium
1305 1514 1466 1589 potentiam
1482 1510 1740 1582 amoenitatemque
1757 1509 1855 1582 regio-

148 1598 304 1672 iniquitatc
314 1603 442 1675 cooperti
453 1609 531 1674 suut,
543 1609 971 1682 utneemendationequidem‚
1028 1626 1110 1680 num,
1127 1607 1310 1664 Palaestinam
1325 1602 1458 1660 videlicet
1472 1605 1500 1658 et
1514 1599 1680 1665 Phoenicen,
1702 1597 1853 1671 Arabium,

145 1689 175 1745 et
185 1689 524 1762 „dnorreptionesint
534 1695 626 1768 digni,
637 1699 799 1754 secundum
810 1698 882 1754 illud
893 1700 971 1771 quod
1027 1699 1142 1772 Syriam
1158 1695 1262 1763 Galen,
1279 1693 1421 1763 Ciliciam,
1437 1695 1465 1746 et
1479 1694 1600 1745 coeterns
1616 1687 1760 1760 regiones,
1778 1703 1853 1760 quas

143 1774 175 1831 in
186 1778 329 1851 propheta
343 1780 468 1838 dicitur:
485 1784 545 1839 Neu
558 1787 677 1842 visitabo
688 1787 727 1860 (a)
738 1788 813 1843 ultra
826 1790 902 1860 fitius
917 1806 973 1845 ces·
1028 1787 1138 1855 Israeli,
1154 1787 1179 1842 si
1195 1785 1244 1841 Dei
1259 1786 1401 1857 precepta
1416 1783 1569 1849 servasset,
1593 1776 1738 1832 Dominus
1753 1792 1852 1848 reprc-

145 1872 215 1934 trus,
229 1871 256 1922 et
266 1883 354 1924 nurus
363 1876 480 1943 uestras,
492 1889 554 1928 cum
564 1875 821 1947 moecboteeluerint
830 1880 967 1950 (Oseerv).
1027 1877 1118 1944 misit,
1133 1893 1207 1949 quas
1218 1876 1253 1946 (c)
1266 1872 1317 1946 qui
1327 1888 1384 1927 non
1396 1869 1518 1941 accepit,
1534 1866 1639 1922 vitium
1651 1865 1706 1920 suit
1715 1864 1852 1921 incredu-

144 1953 227 2012 Unde
243 1960 271 2011 et
286 1963 464 2029 peccatores,
480 1962 574 2034 quiin
590 1964 769 2036 profundum
783 1983 887 2023 venere
902 1984 970 2040 pec·
1024 1965 1118 2023 litatis
1128 1967 1202 2037 ejus.
1215 1965 1288 2020 Nam
1300 1965 1329 2018 ct
1339 1961 1442 2031 inipsa
1451 1955 1608 2013 Palaestina
1616 1954 1776 2027 ludusque
1788 1970 1852 2026 pro-

144 2043 211 2113 nati,
236 2043 427 2103 dimittuntur
451 2054 483 2105 ut
507 2051 616 2108 iaciant
636 2053 782 2110 desideria
807 2056 903 2113 cordis
923 2056 968 2112 sui
1023 2057 1233 2127 vinciagentes
1247 2051 1379 2124 plurima
1396 2050 1613 2114 remanserunt,
1628 2060 1692 2116 quae
1708 2059 1766 2098 nou
1782 2047 1853 2098 sunt

144 2133 237 2202 (Pm-
259 2134 350 2207 xvnr).
1024 2146 1131 2218 ejecta.
1143 2144 1242 2215 Neque
1252 2141 1331 2197 enirn
1343 2153 1467 2211 sponsor
1477 2135 1506 2191 in
1515 2132 1638 2190 crimine
1646 2136 1700 2200 est,
1708 2131 1732 2188 si
1743 2129 1793 2187 ille
1804 2132 1851 2187 cui

178 2220 401 2280 Abominaticnes
413 2236 526 2297 petrum
539 2246 657 2286 sucrum
671 2233 779 2289 ostende
793 2235 843 2302 eis,
859 2238 884 2290 et
897 2234 970 2290 dices
1024 2232 1248 2306 repromittitur,
1264 2229 1419 2302 indignum
1432 2242 1463 2281 sc
1474 2224 1574 2281 lecerit
1584 2221 1756 2294 sponsione:
1775 2236 1852 2292 prae·

144 2309 182 2365 ud
196 2309 269 2367 iiius.
287 2311 372 2368 cxii:
399 2314 562 2387 iniquitates
580 2326 693 2391 patrum
710 2337 804 2378 eorum
819 2327 970 2380 contestare
1023 2322 1123 2381 sertim
1139 2337 1205 2377 cum
1222 2320 1402 2393 proponatur
1415 2312 1493 2386 optio
1510 2309 1726 2385 promittentis:
1752 2308 1783 2364 Si
1799 2323 1849 2363 oc-

148 2398 198 2470 cis,
225 2402 250 2456 et
263 2399 335 2457 dices
349 2402 384 2458 od
399 2419 452 2460 ees.
479 2405 509 2462 Si
524 2413 641 2479 peccata
656 2414 772 2482 patrum
788 2428 847 2468 non
862 2412 969 2468 redun-
1024 2410 1134 2468 tueritis
1147 2412 1172 2466 et
1187 2407 1332 2464 audieritis
1346 2420 1398 2472 me,
1420 2416 1482 2476 quse
1497 2402 1567 2457 bonu
1579 2405 1644 2455 sunt
1658 2402 1742 2454 terrae
1757 2411 1848 2453 corne·

143 2486 215 2544 dant
225 2490 260 2544 ad
274 2488 361 2557 filios,
373 2496 520 2563 quomodo
531 2497 777 2568 abominationes,
789 2505 819 2557 et
829 2500 969 2573 iniquita·
1023 2501 1101 2558 detis.
1114 2501 1163 2557 Sin
1172 2507 1264 2555 cutem
1273 2495 1428 2562 nolueritis,
1443 2491 1552 2564 qiudius
1561 2488 1703 2545 decorabit
1717 2501 1773 2542 ves.
1790 2484 1847 2541 sli-

142 2579 188 2633 tes
198 2582 316 2649 patrum
329 2596 406 2638 nunc
418 2583 582 2642 senioribus
592 2591 758 2659 ponuntur?
768 2589 826 2644 Hac
837 2589 970 2647 videlicet
1023 2594 1134 2664 guntur
1145 2605 1212 2661 crgo
1227 2584 1397 2659 presentia:
1412 2599 1465 2638 nco
1475 2578 1573 2636 statim
1586 2575 1637 2650 qui
1648 2574 1779 2648 eligitur,
1788 2578 1850 2630 ten·

142 2680 243 2732 causa,
264 2671 297 2723 ut
311 2671 504 2728 ostendantur
518 2674 627 2730 similia
642 2677 814 2749 parentibus
828 2694 924 2751 agere,
940 2684 970 2735 ct
1022 2680 1078 2736 tari
1093 2697 1150 2736 nou
1166 2680 1272 2750 potest,
1290 2691 1342 2730 nec
1358 2673 1471 2746 perire;
1488 2668 1557 2741 quia
1571 2671 1599 2724 et
1612 2663 1681 2722 Saul
1691 2663 1802 2720 electus
1818 2663 1848 2718 in

142 2751 326 2812 haereditario
334 2756 420 2828 malo,
429 2759 634 2832 longissimum
642 2764 863 2822 luuemtrahcre
871 2784 969 2839 pecca·
1023 2785 1131 2842 regem,
1143 2773 1171 2824 et
1181 2766 1273 2822 Judas
1287 2763 1317 2820 in
1331 2759 1515 2834 Apostolum,
1527 2773 1581 2813 suo
1592 2758 1693 2827 postea
1702 2752 1772 2808 vitio
1783 2768 1850 2808 eor·

142 2843 253 2910 torum,
269 2847 303 2899 ut
312 2860 438 2916 quorum
448 2847 602 2907 imitantur
616 2852 694 2924 vitia,
711 2869 812 2911 eorum
826 2855 969 2928 supplicia
1022 2861 1155 2914 ruerunt.
1167 2855 1294 2912 Elevatio
1305 2858 1403 2908 autem
1416 2864 1533 2915 manus,
1545 2845 1604 2901 sive
1614 2841 1754 2909 extensio,
1766 2840 1849 2896 habi·

142 2930 362 3002 llertimescant.
1022 2952 1085 3003 tum
1112 2943 1302 3018 percutientis
1326 2939 1474 2998 ostendit:
1501 2939 1535 2991 ut
1555 2935 1719 3007 percuteret
1739 2945 1792 3002 pro
1807 2929 1850 2986 cis

179 3017 272 3090 (Vera.
288 3022 316 3076 5.
333 3022 374 3095 6.)
394 3024 457 3082 llaec
471 3025 538 3083 dicit
551 3028 682 3086 Dominus
696 3031 788 3087 Deus:
808 3033 969 3106 ludisque
1022 3035 1182 3110 AEgyptics,
1209 3037 1238 3089 et
1252 3030 1394 3106 populum
1410 3025 1500 3083 lsrael
1515 3025 1550 3080 de
1564 3024 1685 3095 AEgypto
1700 3019 1848 3075 liberarat·

142 3107 214 3177 slepi
226 3110 324 3178 isreel,
340 3118 367 3167 et
381 3113 469 3170 leueui
482 3133 597 3173 manum
609 3135 699 3175 meum
712 3137 761 3192 pro
775 3123 860 3195 stirpe
873 3124 968 3179 densus
1058 3126 1151 3198 qurs.
1167 3126 1208 3192 7.)
1224 3124 1256 3178 Et
1271 3121 1336 3177 diui
1350 3119 1385 3174 cd
1399 3133 1462 3174 eos:
1480 3113 1667 3185 Unusquisque
1687 3109 1848 3180 offensiones

141 3195 232 3264 Iacob,
244 3200 272 3254 et
280 3202 447 3271 appenninis
458 3205 486 3259 in
499 3213 574 3261 terre
584 3209 704 3280 AEqyptr',
720 3214 745 3265 et
758 3210 846 3266 lenoni
854 3228 968 3268 manum
982 3188 1005 3256 C
1023 3216 1165 3272 oculorum
1178 3228 1291 3269 sucrum
1304 3209 1427 3277 abjiciet,
1453 3213 1478 3261 et
1496 3205 1527 3258 in
1541 3201 1623 3258 idolis
1636 3199 1750 3270 AEqypti
1762 3197 1849 3253 nolite

141 3299 232 3340 nuum
242 3301 293 3358 pro
308 3290 358 3360 eis,
375 3290 490 3348 dicens:
513 3295 567 3366 qu
582 3296 714 3354 Dominus
729 3299 799 3355 Deus
818 3310 914 3357 vester.
937 3306 969 3357 iu
1021 3306 1111 3378 pollui
1120 3322 1130 3358 :
1151 3317 1198 3374 eqo
1212 3300 1343 3356 Dominus
1364 3297 1434 3352 Deus
1447 3297 1543 3350 resur.
1570 3289 1640 3345 LXX
1656 3304 1663 3343 :
1689 3286 1848 3344 deduscit

142 3372 187 3430 die
200 3375 253 3431 ille
267 3375 356 3433 mans
370 3395 485 3437 nannum
501 3399 590 3440 meum
604 3402 653 3456 pre
667 3389 717 3456 eis,
733 3396 763 3444 ut
773 3389 914 3446 educerem
925 3407 969 3447 eos
1021 3410 1065 3451 ecs
1082 3411 1088 3449 :
1115 3391 1304 3462 Unusquisque
1327 3385 1548 3442 abominationes
1572 3378 1712 3442 acutorum
1733 3390 1849 3430 suorum

141 3460 176 3518 de
185 3470 261 3519 terra
271 3467 384 3539 AEpypti
393 3470 423 3524 in
432 3477 534 3528 terrum
544 3490 627 3545 quem
634 3476 809 3546 providerem
818 3480 867 3546 eis,
878 3480 968 3550 ltuen-
1020 3483 1159 3556 projiciet,
1175 3483 1202 3536 et
1216 3481 1245 3535 in
1256 3475 1494 3533 adinventionibus
1503 3469 1615 3542 AEqqpti
1624 3482 1680 3522 non
1688 3465 1846 3536 polluatur:

142 3553 419 3615 unimeeeemettr:
435 3572 549 3633 quaeest
564 3568 967 3635 epreqicinteromnesterrus.
1022 3589 1070 3645 epo
1083 3572 1214 3628 Dominus
1236 3568 1307 3623 Deus
1330 3569 1427 3620 nester.
1455 3561 1509 3617 Pro
1534 3554 1756 3624 offensionibus,
1782 3569 1849 3625 qua

142 3641 231 3700 Lxx:
247 3646 309 3702 liae
323 3647 391 3704 dicit
406 3651 537 3708 Dominus
551 3654 621 3709 Deus
633 3671 639 3709 :
656 3657 698 3711 Ex
712 3673 767 3727 quu
779 3658 824 3713 die
838 3658 908 3730 eteqi
921 3658 969 3714 de·
1023 3659 1161 3718 Hebraice
1171 3657 1309 3714 dicuntur
1323 3668 1427 3709 sucosa
1442 3647 1578 3738 (triplis),
1595 3641 1791 3716 Symmachus
1803 3641 1851 3698 in·

140 3747 219 3788 mum
232 3736 328 3804 lsrael,
343 3745 370 3795 et
384 3743 464 3796 nctus
478 3742 568 3812 suctus
582 3760 642 3800 sum
657 3748 758 3801 semini
769 3746 967 3820 dernuslneeb,
1023 3739 1507 3823 terpretatusest,neuseos,hquilae
1516 3730 1852 3801 secundaeditio,ebcis·

141 3827 167 3877 et
179 3824 303 3894 cequitus
316 3828 357 3882 eis
368 3829 397 3882 in
412 3833 486 3886 terra
502 3834 621 3906 AEqyptr',·
638 3843 664 3891 ct
678 3838 784 3907 suscepi
798 3853 841 3892 eos
858 3837 968 3893 diceris:
1021 3842 1122 3907 aiones,
1135 3841 1166 3892 ut
1175 3835 1376 3908 significarent
1385 3827 1565 3902 abjiciendas
1576 3824 1612 3880 ab
1624 3819 1716 3879 oculis
1727 3819 1851 3891 lippitu-

140 3901 196 3981 qu
212 3911 344 3969 Dominus
357 3915 429 3973 Deus
443 3929 550 3976 uester:
571 3924 602 3977 in
615 3922 661 3978 die
677 3924 728 3980 itte
742 3925 910 3996 apprehendi
924 3943 969 3983 eos
1022 3930 1116 3995 dines,
1132 3932 1161 3982 et
1175 3924 1259 3998 quasi
1275 3938 1410 3987 nauseas,
1427 3935 1491 3991 quae
1506 3932 1565 3972 ncn
1581 3911 1678 3969 solum
1694 3912 1850 3982 aspectum

141 4013 229 4053 manu
249 4016 312 4057 neec
325 4001 440 4062 dumis:
464 4012 494 4063 ut
508 4009 650 4066 educerem
663 4027 706 4067 ees
720 4013 753 4068 de
767 4019 843 4069 terra
858 4016 969 4088 AEqypsi
1022 4016 1210 4090 impediunt;
1238 4012 1287 4068 sed
1313 4015 1341 4067 et
1366 4013 1467 4066 contra
1490 4001 1678 4063 cernentibus
1701 3997 1848 4054 vomitum

142 4085 172 4139 in
186 4093 289 4143 terrum
303 4106 385 4160 quum
403 4099 507 4165 paraui
530 4099 579 4167 eis,
599 4109 704 4156 terrum
717 4102 846 4171 {luentem
858 4104 929 4161 tuete
942 4110 968 4161 et
1022 4109 1130 4163 creant.
1147 4103 1261 4161 Graues
1275 4085 1370 4173 (bibl)
1385 4111 1501 4170 q110q110
1516 4092 1637 4150 verbum
1657 4087 1848 4156 belalffllm·

141 4173 244 4230 nuile:
257 4178 339 4246 savus
352 4189 392 4236 est
405 4183 479 4240 ultre
499 4201 607 4243 omnem
621 4191 733 4246 terrum.
758 4190 813 4246 Pro
832 4208 865 4248 co
890 4195 967 4266 quod
1021 4200 1078 4266 cst,
1095 4193 1172 4267 quod
1188 4191 1255 4248 Lxx
1273 4189 1498 4247 adinventiones;
1512 4179 1618 4254 Aquila
1634 4177 1730 4250 primo
1744 4175 1847 4246 editio,

143 4261 242 4321 dixere
255 4268 455 4343 Septuaginta,
466 4276 547 4345 sucus
561 4277 686 4334 estuttru
699 4289 898 4355 omnesterrus,
915 4301 967 4356 pro
1022 4284 1233 4356 inquinamento
1247 4298 1258 4342 ,·
1280 4279 1357 4336 m
1377 4274 1516 4342 secunda,
1541 4265 1796 4344 symmachusque
1819 4270 1850 4321 et

143 4367 202 4423 quo
213 4369 267 4411 nos
278 4353 462 4431 interpretari
477 4379 593 4434 sumus,
608 4369 720 4437 eqreqiu
735 4377 775 4425 est
789 4371 861 4426 inter
875 4389 968 4429 ornnes
1021 4364 1455 4440 Theodotio,idotointerpretati
1465 4365 1548 4420 sunt:
1558 4354 1851 4432 quosetncsinprae·

141 4445 242 4514 terras,
260 4445 374 4516 Aquila
390 4449 487 4521 prima
501 4453 601 4524 editio,
620 4456 728 4528 posuit,
741 4459 967 4530 firmamentum:
1022 4461 1183 4518 sentiarum
1194 4457 1285 4514 secuti
1298 4449 1556 4524 sumusprrecipit
1566 4441 1850 4504 autemexeuntibus

143 4532 283 4601 munda,
293 4535 444 4608 inclytum:
455 4541 660 4616 Symmachus,
671 4545 969 4620 (blreqiomm;'1¹heo·
983 4554 1007 4619 Ι)
1021 4550 1151 4624 primum
1163 4547 1340 4618 deAEgypto‚
1350 4532 1768 4599 utohliviscanturidolorum,
1783 4531 1851 4602 qui-

142 4618 446 4696 dotio,tortr'tudiuem;
455 4631 813 4702 quodvidelicetomniurn
821 4643 965 4696 terrarum
1021 4640 1077 4695 bus
1087 4637 1180 4694 mulio
1191 4640 1321 4706 tempore
1332 4632 1503 4701 servierunt,
1514 4628 1605 4682 immo
1616 4620 1755 4694 abjiciant
1764 4634 1802 4674 aa
1812 4618 1849 4674 ab

141 4708 199 4766 ista
213 4711 252 4767 sii
266 4712 501 4787 fundamentum,
518 4723 596 4791 quod
612 4721 641 4777 in
657 4739 691 4780 aa
704 4723 754 4781 Dei
766 4725 866 4801 religio
878 4728 926 4800 sit,
938 4732 967 4786 ct
1021 4726 1115 4785 oculis
1125 4726 1198 4793 suis,
1211 4729 1290 4779 utne
1299 4725 1419 4794 aspectu
1433 4718 1551 4792 quidem
1562 4714 1652 4785 digna
1662 4707 1793 4765 habeant
1801 4708 1850 4805 :et

140 4798 295 4871 templum,
308 4808 337 4859 et
346 4808 528 4877 ceramcniae,
539 4813 568 4865 et
578 4809 683 4868 notitia
694 4812 760 4883 Dei;
772 4817 839 4873 etin
850 4821 965 4875 tantum
1021 4817 1130 4889 quibus
1138 4813 1231 4870 multo
1239 4816 1370 4884 tempore
1378 4806 1481 4882 polluti
1491 4808 1570 4876 sunt,
1579 4800 1656 4857 ultra
1664 4813 1723 4854 non
1731 4809 1849 4869 acqure-

141 4886 270 4957 populus
294 4891 385 4951 lsrael
409 4895 439 4952 iu
463 4898 585 4971 AEgypto
611 4900 789 4961 constitutus
814 4905 967 4980 ignorabat
1021 4909 1114 4962 scant.
1130 4905 1195 4975 Epo,
1210 4902 1317 4974 inquit,
1342 4901 1475 4959 Dominus
1489 4900 1563 4953 Deus
1577 4892 1683 4956 neam
1705 4901 1765 4940 1¹⁰⁰
1780 4899 1848 4957 1³⁰¹*

140 4971 245 5071 Deum,
263 4983 295 5034 ut
309 4982 419 5040 missus
430 4986 466 5042 ad
478 5002 527 5044 eos
537 4987 668 5060 Moyses:
685 4990 717 5047 Si
726 4994 965 5069 iuterroquuerint,
1021 4985 1620 5067 tentaAEgyptia,{nonnariorumfigmonta
1630 4979 1845 5033 monstrorum.

141 5063 193 5128 &lb
208 5077 259 5132 W.
275 5069 345 5142 itit,
361 5074 439 5130 misit
452 5078 500 5132 te?
513 5075 579 5147 quid
594 5076 684 5133 dicum
698 5080 761 5136 eis?
783 5082 841 5153 Dic,
860 5083 965 5157 inquit,
1020 5085 1074 5140 sed
1087 5087 1115 5138 et
1127 5080 1224 5150 nobis,
1241 5079 1358 5153 quando
1368 5077 1481 5134 eximus
1491 5063 1801 5144 deAEgyptmjuhelur
1815 5062 1850 5116 ¹1⁸

176 5202 216 5286 (u)
233 5205 311 5262 ldem
322 5226 356 5265 ac
369 5213 529 5288 llebraeum,
546 5217 601 5273 Vul
623 5223 765 5292 stumque
777 5224 966 5296 interpretem
1056 5200 1849 5298 (r)uuorctar'rheodoritiQuaestionsmssinmodum,

141 5276 253 5346 quibus
267 5295 372 5365 rerrcra¹
380 5288 540 5366 assentitur
554 5294 582 5346 et
618 5307 720 5358 racus,
733 5293 812 5350 hunc
822 5295 862 5351 ita
872 5298 967 5353 relisit
1021 5299 1084 5357 Ηῶς
1099 5288 1373 5368 tranquilitatis&
1389 5289 1453 5350 Θεὸς
1466 5288 1549 5363 μέχρι
1559 5287 1607 5339 τοῦ
1624 5274 1776 5355 ’supparos
1798 5291 1851 5326 ω’)

141 5343 238 5431 locum
252 5366 258 5404 :
274 5351 333 5407 Non
344 5358 460 5411 curtabo
469 5375 551 5430 super
559 5362 632 5430 filios
640 5371 742 5418 nestros
752 5381 815 5420 cum
822 5368 965 5436 [ominatae
1020 5369 1145 5438 ποταμοῦ
1160 5359 1328 5438 παραδώσειν
1344 5359 1437 5422 αὺτοῖς
1445 5362 1493 5430 nnn
1509 5351 1668 5436 ynnobnin
1689 5349 1784 5420 ήρωσῑ
1795 5343 1848 5413 τήν

140 5419 256 5500 {minis
280 5432 306 5479 0²
324 5440 406 5496 super
425 5443 538 5499 spamus
557 5435 661 5489 vestras
674 5451 737 5489 cum
750 5438 891 5496 maecbmae
904 5442 965 5513 fue·
1021 5436 1184 5512 bnbcyscln:
1199 5434 1378 5504 Quamobrem
1388 5437 1468 5499 Deus,
1484 5433 1532 5503 qui
1543 5423 1709 5500 promiserat
1723 5432 1753 5501 se
1764 5415 1850 5502 datu·

141 5497 210 5544 mm·
1020 5527 1083 5566 rum
1091 5508 1191 5568 luderis
1199 5512 1393 5577 terremusque
1402 5505 1438 5561 od
1449 5501 1630 5581 Eupbretem,
1638 5502 1852 5576 promissum

177 5558 404 5649 (bltlraceyaro
414 5567 502 5628 habet
512 5573 709 5646 Symmachus
721 5577 821 5650 στάσιν,
834 5597 897 5654 qun
913 5600 966 5640 vox
1019 5583 1134 5639 sternit.
1157 5579 1261 5637 Confer
1275 5583 1303 5634 et
1320 5573 1485 5650 llieronymi
1500 5575 1594 5631 nostri
1608 5566 1701 5640 liprst.
1718 5561 1783 5626 129,
1810 5558 1850 5616 ad

140 5639 523 5707 propriesuuenemscnnt.
1019 5653 1197 5714 Dardanum,
