3840 6098
354 315 728 392 COMMENTARIORUM
749 313 789 382 lli
809 313 916 385 ΛΜΟΒ
938 320 1014 388 ῙιῐΒ.
1036 320 1077 387 11.
1099 322 1185 388 GAP.
1207 321 1245 389 V.
1572 321 1653 386 {ml
1678 318 1684 331 ‘
1745 326 1748 331 ’

81 453 256 527 acceptatam.
269 453 354 511 LXX:
381 455 447 512 Odia
460 455 544 511 babai
558 460 583 511 et
593 456 685 528 repuli
693 458 772 529 serta·
786 452 815 518 Α
829 457 858 511 at
870 454 969 526 vidua,
985 473 1049 530 que
1064 456 1095 514 in
1111 457 1265 533 Evangelio
1280 456 1355 530 (Lao.
1371 455 1430 529 xri)
1443 455 1473 512 in
1489 456 1648 514 corbonam

81 539 117 599 tt.
131 543 327 615 sabaraitatea]
338 548 451 610 vestras,
465 560 516 600 aea
527 544 701 602 adoratorio
711 560 774 602 coa·
829 543 887 603 duo
902 544 1017 603 minuta
1039 546 1169 617 miserat,
1185 546 1323 604 omnibus
1338 564 1362 623 a·
1375 545 1522 604 Salvatore
1537 547 1653 620 preser-

81 629 124 687 ιω
137 634 245 688 cestria.
262 633 327 687 litei
341 632 495 688 obtuleritis
504 633 740 691 mibibolooaarta
750 640 775 691 et
829 636 888 699 tur,
901 633 951 706 qui
965 639 1032 692 vota
1046 636 1242 710 pinguissima
1257 640 1286 692 et
1300 634 1414 692 hostias
1429 634 1606 692 medullatas
1621 651 1654 692 ae

81 735 100 785 a,
114 721 332 791 nonrmoipiam,
343 725 369 776 et
384 722 506 778 salutare
516 724 776 795 praermtiaeuertrae
830 723 932 779 offerre
946 725 1158 795 credebant,de
1169 725 1262 782 multa
1273 725 1377 781 dantes
1388 740 1491 797 parum
1504 741 1511 778 ι
1525 740 1593 780 cum
1604 722 1655 780 illa

81 809 189 871 iciam·
205 809 322 880 Proprie
332 809 386 865 hoc
401 815 502 866 contra
518 812 628 868 tribum
643 813 720 869 luda
735 813 776 870 di·
829 815 924 867 totum
939 814 1017 885 quod
1032 813 1147 883 habuit,
1156 814 1320 870 obtulisset.
1329 813 1513 869 Manifestius
1525 813 1654 869 atverins

81 912 147 954 ,eoa
162 897 212 969 qui
226 914 261 953 ex
276 897 364 954 lsrael
378 899 413 954 ad
429 899 479 956 bei
490 902 679 958 ceremonias
694 918 772 958 com·
829 899 964 973 hecpost
978 903 1137 959 adventum
1148 903 1264 960 Domini
1276 903 1413 958 dicuntur
1423 900 1653 974 populoludeo·

81 988 121 1054 nt,
132 988 161 1040 et
176 984 370 1042 nibilominus
380 1003 438 1043 non
449 989 624 1045 recedebant
640 990 775 1047 deexcel-
830 1006 906 1059 rum,
924 991 975 1062 qui
989 991 1137 1048 destructo
1153 991 1263 1064 templo
1278 990 1410 1062 etallari,
1423 990 1534 1046 hostias
1550 991 1654 1047 otierre

83 1073 556 1146 bantqueidola,etpoccetorum
574 1079 775 1152 magnitudine
830 1079 1168 1153 secredunttqnorum
1184 1079 1656 1151 Deusoditetprojicitieativita-
1755 1132 1757 1136 .

81 1161 158 1219 ilicia
172 1161 351 1234 polluebant.
360 1163 527 1237 Numquam
537 1166 688 1223 enimreor
697 1168 775 1240 quad
829 1170 884 1238 tea,
901 1172 929 1223 et
944 1184 1001 1224 non
1010 1169 1088 1241 capit
1101 1169 1220 1225 odorem
1232 1172 1324 1224 coetus
1334 1184 1445 1235 eorum,
1457 1168 1575 1240 quando
1585 1185 1654 1226 con-

81 1249 200 1307 ionibus
216 1252 386 1320 vitulorum,
404 1254 697 1325 quasellerebantin
713 1257 774 1313 Dan
830 1254 942 1328 gregati
970 1256 1093 1313 dicunt:
1125 1257 1266 1329 Crucifiqe,
1296 1257 1427 1328 crucifige
1453 1257 1537 1312 talem
1565 1257 1652 1329 (loca.

81 1339 105 1410 l,
119 1339 242 1396 dixerit:
259 1343 285 1396 ai
297 1341 450 1398 obtuleritis
464 1342 776 1402 mitibolocaaatomoto
829 1361 888 1411 xrx,
903 1346 950 1416 6);
975 1349 1020 1402 et:
1048 1347 1168 1418 Saaqaia
1191 1347 1250 1419 ejas
1266 1362 1349 1418 caper
1362 1362 1412 1402 noa
1436 1348 1557 1418 asapar
1580 1346 1651 1417 filios

81 1445 113 1486 ra
125 1436 224 1498 uestra,
241 1445 294 1484 aon
306 1431 465 1502 amcipiam.
478 1431 544 1488 Odit
551 1436 650 1488 autem
662 1433 738 1490 Deus
747 1439 776 1490 et
833 1437 941 1489 coatras
956 1435 1222 1507 (Hattla.xxv11,25).
1232 1435 1267 1490 et
1281 1435 1306 1490 si
1317 1433 1654 1492 obtulerintbolacausta

81 1534 122 1574 rm
135 1517 217 1585 odit;
235 1519 285 1574 sed
301 1522 330 1573 et
345 1518 467 1590 projecit
482 1520 653 1577 festivitates
663 1538 774 1591 aarum,
836 1521 867 1577 in
880 1522 1078 1597 synagogim
1092 1540 1215 1580 munera
1231 1523 1260 1578 in
1271 1522 1401 1580 conciliis
1416 1528 1538 1591 satanae,
1550 1527 1656 1580 atvota

82 1610 136 1663 unt
148 1606 300 1663 leonemet
310 1607 503 1664 incurruntin
515 1626 630 1679 ursum,
642 1615 670 1666 et
680 1611 776 1685 ingre·
831 1609 1036 1684 pinguissima,
1062 1630 1120 1670 non
1147 1628 1181 1669 ea
1192 1612 1311 1685 respicit
1335 1610 1487 1682 Dominus,
1503 1610 1580 1667 sicut
1594 1627 1652 1668 non

84 1693 216 1763 domum,
233 1699 286 1751 eta
300 1701 435 1768 serpente
445 1697 626 1769 mordentur,
638 1700 708 1771 quia
719 1717 776 1757 non
830 1699 958 1771 respexit
973 1717 1096 1757 munera
1108 1700 1177 1757 Cain
1193 1700 1427 1772 (Genea.1v).0ui
1442 1700 1516 1756 bene
1531 1698 1652 1771 quidem

81 1787 99 1841 rt
112 1783 283 1840 testivitates
298 1784 360 1852 liei,
376 1785 427 1841 sed
443 1785 615 1843 testivitates
636 1805 715 1861 suas,
732 1789 776 1844 di·
791 1821 816 1887 Β
830 1804 923 1844 ιιιιιιιιι
939 1789 1032 1846 Deum
1053 1789 1162 1858 colunt,
1178 1793 1207 1845 et
1230 1794 1307 1845 recta
1322 1787 1466 1857 atterunt;
1493 1788 1545 1844 sed
1569 1788 1599 1844 in
1622 1805 1656 1845 eo

81 1871 190 1929 omino:
215 1872 271 1930 Odi
286 1879 313 1928 et
325 1874 432 1946 projeci
444 1877 727 1945 sestioimteaoeatroa.
744 1878 778 1933 lii
833 1894 892 1934 non
908 1877 1115 1951 respiciuntur,
1131 1877 1273 1951 quianon
1290 1875 1424 1933 dividunt
1437 1877 1467 1933 in
1482 1876 1608 1948 Patrem,
1628 1880 1657 1934 et

80 1961 158 2018 modi
173 1960 327 2017 hominum
342 1966 517 2019 conventum
532 1965 709 2037 odoremque
719 1982 777 2022 non
832 1967 937 2025 Filium
953 1971 982 2023 et
996 1966 1141 2041 Spiritum
1161 1969 1296 2022 sanctum
1309 1964 1534 2021 contessionem.
1550 1965 1656 2021 Nostra

81 2088 93 2122 ,
109 2049 265 2106 nechabet
284 2050 311 2105 in
329 2050 448 2107 odorem
464 2052 545 2108 bonor
561 2054 739 2127 fragrantia,
750 2059 779 2112 et
833 2061 931 2114 autem
947 2072 1080 2123 munera,
1095 2055 1126 2111 id
1142 2059 1197 2122 est,
1213 2053 1358 2121 Ecclesia,
1373 2070 1437 2126 qua
1453 2053 1604 2110 offerimus
1619 2053 1656 2110 de

81 2153 168 2195 orum
191 2154 313 2195 munera
336 2139 506 2212 detestatur,
532 2146 560 2196 et
584 2143 779 2215 pinguissima
833 2143 990 2219 primitivis
1013 2144 1132 2211 nostris,
1162 2142 1282 2215 respicit
1310 2143 1396 2211 Deus,
1421 2141 1498 2197 sicut
1530 2139 1659 2213 respexit

81 2243 96 2283 n
115 2227 243 2299 respicit.
269 2226 351 2290 Quod
367 2227 487 2299 quidem
502 2246 560 2285 non
587 2228 683 2287 solum
698 2231 779 2288 illius
834 2233 982 2305 quondam
994 2231 1139 2289 sacrificia
1152 2230 1236 2287 Abel.

81 2315 294 2382 abominibus,
310 2316 360 2371 sed
377 2321 406 2372 et
421 2317 505 2374 nobis
525 2318 645 2387 accidet,
660 2319 685 2376 si
700 2319 780 2376 simi·
869 2321 947 2376 804
961 2319 1055 2394 (Vera.
1072 2319 1129 2392 23.)
1143 2318 1231 2392 Auser
1249 2333 1323 2374 aare
1338 2318 1487 2373 tornutium
1501 2320 1658 2374 carminum

81 2404 780 2479 quamus,etdarapinisetperjuriissceleribus·
833 2417 954 2475 moram,
983 2409 1127 2465 elocatica
1151 2409 1219 2479 tyran
1246 2410 1304 2463 tua
1330 2422 1386 2462 aaa
1415 2405 1537 2461 audiam.
1568 2405 1657 2464 Lxx:

81 2492 160 2561 esita,
186 2498 243 2549 beo
259 2510 312 2549 nos
328 2499 467 2566 putemus
491 2496 604 2564 offerre,
629 2502 657 2553 et
681 2503 781 2554 nostra
834 2499 993 2569 Transferc
1005 2496 1472 2562 maeoaitcmoarmiaamtooram,
1485 2499 1510 2550 ot
1521 2497 1658 2567 psalmam

88 2582 242 2653 redimere,
270 2599 338 2638 cum
353 2582 511 2657 legerimus
526 2585 679 2642 Zachaeum
694 2587 779 2659 quid·
832 2602 1002 2657 orqaaoram
1014 2588 1125 2641 tuorum
1138 2600 1192 2640 aaa
1208 2583 1332 2639 audiam.
1344 2581 1469 2638 Pulchra
1477 2581 1592 2638 cantica
1605 2583 1657 2638 Le·

81 2675 180 2746 puerat
195 2670 225 2727 in
241 2671 439 2744 quadruplum
454 2673 628 2740 reddidisse,
643 2681 672 2730 et
687 2675 722 2732 de
732 2676 779 2732 bis
833 2675 970 2740 vitarum,
987 2675 1095 2747 quibus
1110 2672 1271 2729 laudabant
1283 2676 1384 2740 Deum,
1398 2669 1559 2727 tumultum
1573 2675 1657 2727 vocat

81 2760 416 2834 requestarat,mediarn
426 2761 569 2819 obtulisse
580 2764 778 2821 substantiam
833 2764 1023 2836 sonitumque
1038 2763 1211 2831 contusum;
1228 2758 1656 2834 quianonestpulchralauda-

81 2848 116 2923 ι).
131 2852 231 2921 Neque
241 2848 320 2904 enim
332 2849 410 2921 quod
422 2850 497 2906 male
508 2851 665 2923 quaesitum
677 2857 739 2911 erat
749 2854 778 2909 in
832 2852 874 2908 tio
889 2851 918 2908 in
934 2869 983 2909 ora
1006 2851 1175 2925 peccatoris,
1192 2854 1221 2906 et
1244 2849 1305 2905 haec
1319 2850 1421 2905 eadem
1446 2847 1531 2906 idolis
1556 2849 1659 2905 ollerre

81 2936 143 2995 aria
157 2941 270 3010 poterat
285 2938 398 3005 offerre,
411 2939 468 2995 nisi
482 2938 565 3012 prius
576 2941 706 3000 dominis
716 2945 779 3001 suis
833 2957 950 3014 quoque
965 2943 1176 2997 consueverant
1190 2937 1300 3011 (Erotes.
1325 2939 1383 3011 xv).
1400 2937 1415 2993 J
1420 2937 1569 2993 adanorum
1585 2953 1658 3009 quo·

81 3030 99 3095 l,
116 3032 145 3085 et
168 3031 269 3099 postca
293 3026 429 3100 impleret
453 3029 530 3100 qnod
551 3029 694 3103 scriptum
717 3038 777 3090 ast:
833 3046 891 3103 que
905 3029 998 3085 oratio
1013 3035 1043 3084 et
1057 3027 1174 3101 psalmi,
1192 3044 1266 3099 quos
1283 3027 1311 3082 in
1327 3026 1483 3100 synagogis
1498 3029 1619 3095 canunt,
1631 3028 1660 3081 ct

81 3117 227 3175 maenum
249 3118 378 3189 dejectis
393 3120 450 3173 tais
473 3118 613 3176 laboribus
630 3121 721 3193 (Prov.
735 3139 777 3190 ιιι,
834 3117 1038 3173 hereticorum
1054 3115 1215 3187 composita
1229 3114 1357 3172 laudatio
1373 3114 1520 3171 tumultus
1536 3118 1580 3172 est
1602 3115 1658 3171 Da·

81 3205 233 3279 Redemptio
249 3207 353 3263 acimae
367 3207 422 3261 oiri
435 3207 672 3279 propriaedioitiae
687 3212 777 3282 (Pron.
794 3188 816 3256 C
837 3207 926 3276 mino,
942 3211 972 3263 et
996 3206 1083 3262 atita
1103 3205 1209 3272 dicam,
1226 3204 1384 3277 grunnitus
1407 3203 1480 3273 suis,
1505 3209 1534 3260 et
1547 3201 1659 3259 clamor

96 3295 133 3352 de
147 3295 281 3351 mercede
296 3295 373 3352 enim
390 3296 551 3353 meretricis
564 3299 778 3357 Deusvotauon
833 3295 995 3363 asinorum,
1019 3310 1145 3367 quorum
1160 3292 1256 3366 magis
1278 3293 1413 3349 cantibus
1430 3291 1545 3348 Israelis
1570 3308 1658 3365 opera

94 3384 189 3459 (licat.
205 3385 297 3456 xrrn).
323 3385 491 3442 licentraric
502 3386 602 3456 justus
617 3387 713 3446 dicere
728 3406 778 3461 po·
834 3386 1051 3457 comparantur.
1068 3381 1220 3439 Psalmum
1244 3386 1344 3437 autem
1360 3385 1389 3437 et
1404 3381 1548 3449 carmina,
1563 3380 1658 3454 lyram

81 3474 191 3545 ripctm
205 3475 293 3530 oratio
306 3490 377 3545 mea,
394 3475 464 3530 sicat
473 3476 618 3531 incensum
628 3479 658 3532 ia
672 3494 780 3550 canape·
834 3478 862 3530 et
877 3488 996 3546 organa,
1012 3469 1056 3526 vel
1063 3471 1149 3542 juxta
1158 3469 1285 3525 litteram
1297 3467 1544 3541 accipeinpopulo
1556 3466 1658 3535 lsrael,

83 3563 173 3636 (reat.
191 3578 250 3634 aaa,
266 3563 304 3635 2).
328 3561 397 3626 Oura
421 3563 513 3619 oratio
538 3564 621 3620 Judae
638 3566 778 3638 proditori
835 3579 899 3634 quae
914 3560 985 3616 olim
1000 3559 1110 3615 debant
1124 3559 1154 3613 in
1171 3557 1299 3631 imagine
1323 3557 1501 3625 futurorum,
1516 3554 1560 3612 vel
1571 3557 1658 3627 juxta

81 3655 101 3707 a
118 3651 195 3709 809
211 3651 241 3706 in
265 3656 436 3722 peccatum:
452 3653 606 3709 nonenim
625 3653 713 3711 babet
728 3655 778 3712 bo·
835 3649 970 3724 spiritum
983 3647 1014 3705 in
1028 3646 1114 3704 nobis
1125 3650 1153 3702 et
1167 3646 1197 3701 in
1213 3645 1438 3716 haereticis,quoe
1454 3644 1478 3700 si
1493 3644 1580 3700 bonis
1590 3660 1656 3717 ope·

82 3753 178 3807 orsm;
197 3738 781 3812 sedopercloquebatur:Potrceraatet
836 3740 918 3796 ribus
936 3737 1109 3810 dirigamus,
1126 3734 1287 3791 audiuntur
1306 3751 1324 3790 a
1349 3733 1485 3789 bomine:
1511 3732 1536 3788 si
1560 3731 1656 3804 malis,

81 3833 168 3885 aaut
177 3829 317 3885 cicatrices
331 3845 431 3896 naama
440 3831 514 3901 sacia
527 3832 697 3903 insipientia
711 3848 780 3890 raam
835 3826 983 3885 concludit
998 3841 1084 3882 auras
1098 3840 1178 3892 suas,
1191 3822 1349 3895 impiorum
1365 3821 1476 3877 cantica
1487 3837 1543 3877 non
1555 3820 1657 3894 digna-

81 3932 170 3988 mn,
196 3918 234 3990 6).
252 3919 319 3983 Oua
339 3918 438 3974 omnia
452 3923 481 3975 et
505 3919 541 3975 de
564 3919 707 3977 hereticis
734 3922 780 3978 di·
833 3922 883 3974 tur
897 3915 1007 3972 audire.

81 4022 201 4074 marus,
212 4007 263 4078 qui
274 4007 347 4062 dum
360 4006 478 4080 lugiunt
488 4006 612 4080 leonem,
626 4009 781 4067 incurrunt
869 4006 964 4077 (Vere.
979 4003 1038 4075 24.)
1058 4004 1090 4060 et
1105 4001 1276 4058 revelabitur
1289 4001 1371 4074 quasi
1383 4016 1456 4072 aqua
1466 3997 1618 4072 judiciam,
1632 4003 1659 4056 et

81 4111 116 4163 m,
131 4099 161 4151 et
174 4095 300 4169 ingressi
311 4096 445 4163 domum,
461 4113 551 4169 quam
563 4102 667 4170 putant
682 4100 779 4157 Eccle-
830 4096 942 4167 justitia
956 4094 1037 4166 quari
1051 4100 1161 4149 torrens
1176 4092 1270 4162 tortis.
1288 4089 1375 4146 LXX:
1397 4090 1430 4145 llt
1445 4089 1567 4145 notamur
1589 4088 1660 4144 siem

81 4183 111 4252 ai,
122 4182 289 4240 innituntur
299 4183 555 4257 parietibus,qnoa
571 4185 628 4259 ipsi
638 4188 779 4262 iecerunt,
834 4199 906 4256 aqac
918 4181 1066 4256 judiciam,
1082 4186 1108 4237 et
1116 4181 1233 4254 jmtitia
1250 4181 1321 4236 sicut
1331 4183 1442 4235 torrens
1455 4179 1560 4235 iuvius.
1577 4176 1660 4234 Sicut

81 4277 164 4348 pente
174 4273 354 4338 mordentur,
368 4290 493 4346 quorum
506 4274 601 4331 lucem
612 4276 724 4334 atdiem
737 4283 779 4335 te·
835 4289 912 4345 aqua
925 4273 950 4328 si
964 4270 1081 4327 labatur
1095 4270 1125 4325 in
1141 4285 1278 4342 pronum,
1288 4269 1366 4341 quod
1375 4267 1588 4341 priustexerat,
1605 4282 1659 4323 nu·

81 4360 196 4437 cipiunt
209 4366 238 4418 et
253 4361 356 4436 caligo,
372 4361 414 4418 ita
429 4365 461 4417 ut
480 4362 641 4436 palpabiles
655 4367 779 4423 tenebre
834 4362 894 4429 dat,
912 4366 940 4417 at
955 4362 1054 4434 patere
1079 4359 1146 4415 fecit
1169 4359 1302 4414 omniurn
1320 4356 1429 4413 oculis:
1455 4355 1497 4411 sic
1513 4353 1659 4426 judicium

81 4449 292 4507 interficiantur
303 4449 449 4522 primitiva
461 4466 572 4507 corum.
585 4452 694 4509 Horum
703 4455 780 4512 Deua
835 4449 885 4506 Dei
900 4454 987 4522 atque
999 4448 1126 4521 justitia,
1143 4464 1207 4520 qua
1223 4447 1259 4503 de
1275 4462 1328 4502 suo
1341 4444 1490 4518 quondam
1499 4441 1660 4516 populoju·

81 4537 190 4610 crificia,
208 4541 236 4595 et
263 4555 324 4594 asa
339 4537 465 4610 projicit,
486 4543 514 4594 et
538 4541 781 4616 quotiescumque
795 4558 819 4622 D
834 4530 953 4606 dicavit,
969 4538 1082 4611 patebit
1096 4536 1246 4605 omnibus,
1262 4540 1290 4591 et
1300 4536 1409 4590 leretur
1418 4532 1512 4588 instar
1522 4529 1660 4587 torrentis

81 4627 146 4685 nine
161 4627 276 4684 Domini
295 4626 403 4683 luerint
417 4631 594 4701 congregati,
619 4630 781 4688 detestatur
836 4625 999 4685 tortissimi.
1017 4625 1056 4698 (b)
1070 4624 1218 4697 Quidquid
1233 4621 1398 4695 arripuerit,
1413 4635 1514 4675 secum
1524 4617 1661 4689 trahit,et

81 4732 211 4787 reorum,
220 4721 250 4772 et
260 4715 462 4772 clauditnaraa
472 4733 551 4773 suas.
561 4716 664 4775 Odisse
671 4724 780 4787 autem,
835 4716 892 4772 eibi
905 4715 1047 4771 obsistere
1063 4729 1119 4768 non
1132 4712 1250 4784 patitur.
1261 4712 1348 4766 iuxta
1358 4706 1550 4781 Septuaginta
1561 4708 1659 4763 autem

81 4821 150 4875 cere,
166 4809 195 4861 et
210 4822 268 4860 non
283 4804 409 4875 odorari,
419 4804 550 4861 humana
560 4806 692 4879 loquitur
702 4809 781 4865 simi·
834 4799 1283 4875 volviturquasiaquaJ'udicium
1295 4797 1491 4870 pessimorum
1502 4812 1509 4864 ;
1522 4794 1660 4868 quianon

83 4896 140 4962 ,ut
161 4911 215 4952 nos
233 4894 369 4950 attactum
393 4893 456 4962 Dei,
473 4895 581 4951 nostris
596 4898 781 4955 sermonibus
835 4897 893 4951 stat
907 4892 936 4948 in
953 4908 1013 4948 una
1026 4889 1250 4958 sententia3sed
1262 4887 1467 4944 circumlertnr
1478 4882 1558 4941 omni
1569 4887 1655 4939 vento

81 4998 179 5041 amus.
195 4983 262 5039 Etsi
273 4983 434 5039 obtulerint
446 4982 782 5058 holocausta,(a)antvi-
834 4981 984 5048 doctrina,
1010 4978 1088 5051 quod
1114 4978 1287 5051 probaverat
1316 4975 1499 5049 improbans,
1527 4974 1556 5028 ct
1581 4971 1661 5044 quod

81 5073 228 5147 jejunare,
242 5071 529 5145 daraeleemosynas,
541 5073 712 5146 pudicitiam
723 5076 782 5148 pol·
835 5071 918 5144 prius
933 5069 1113 5138 laudaverat,
1126 5070 1233 5138 putans
1247 5081 1313 5122 esse
1323 5062 1418 5120 nihili.
1431 5060 1660 5118 iustificationes

81 5178 132 5236 [ure
156 5161 327 5218 holocausta
346 5166 416 5216 sunt
429 5177 509 5227 vera,
535 5179 592 5217 non
608 5180 642 5218 ea
656 5164 781 5238 suscipit
835 5174 936 5216 eorum
950 5173 1008 5214 non
1023 5153 1197 5212 fluminibus
1212 5157 1241 5210 et
1256 5150 1427 5226 purissimis
1441 5149 1585 5218 lontibus,
1608 5148 1660 5204 sed

81 5266 111 5324 s,
126 5267 178 5308 uec
197 5250 336 5323 dignatur
350 5249 480 5322 aspicere
500 5248 712 5323 pinguissimas
727 5253 781 5310 ha·
834 5246 961 5305 turbidis
976 5241 1160 5315 caenosisque
1176 5240 1355 5299 torrentibus
1371 5241 1592 5312 comparantur,
1607 5235 1659 5309 qui

81 5340 221 5398 rumNon
229 5337 525 5395 enimsacriliciorum
533 5341 778 5412 magnitudinem,
835 5354 905 5394 suas
920 5351 1013 5410 aquae
1023 5349 1081 5390 nan
1096 5332 1206 5389 habent
1217 5349 1224 5400 ;
1236 5331 1287 5388 aad
1302 5330 1338 5386 de
1348 5330 1427 5386 saxis
1437 5327 1619 5401 rupibusque
1629 5330 1659 5383 et

81 5427 208 5487 rentium
224 5427 328 5485 merita
348 5443 511 5500 causasque
526 5428 677 5499 dijudicat.
697 5429 781 5488 Unde
833 5426 972 5500 vepribus
986 5420 1133 5480 collectas.
1151 5422 1228 5486 Quas
1243 5419 1292 5492 qui
1307 5417 1432 5475 transire
1449 5414 1583 5483 voluerit,
1598 5418 1659 5472 ata·

81 5571 192 5702 clogga
205 5570 781 5632 adBrixian.codd.Martiamretiuuitut
833 5559 1659 5700 milimictar.torrentislorta'asimi,quiqatdqaidcrrapaa·

81 5659 114 5716 tr,
176 5683 184 5701 .
872 5685 881 5716 ,
946 5681 954 5697 .
