3840 6098
53 301 135 385 tlte
446 304 822 371 connumerabant
844 302 885 368 IN
906 301 1041 369 tonsu
1061 299 1191 367 clenti.
1214 300 1300 368 GAP.
1322 298 1374 368 lvi
1684 302 1766 372 litto

52 437 117 497 lum
146 439 314 514 prebuerit,
342 445 371 498 et
398 441 559 513 potentiam
587 439 748 497 ostenderit
776 439 825 496 Dei
847 441 877 495 in
892 440 920 507 Α
934 436 1015 494 tibus
1024 436 1294 510 loquiturludeis:
1310 438 1505 496 Paenitentiam
1519 439 1631 512 apileet
1647 441 1763 514 baptizae

52 531 237 604 protectione
250 530 373 587 virentis
398 529 575 598 umbraculi,
602 535 630 585 et
645 535 781 586 naturam
797 546 882 586 suam
941 534 986 583 tur
1000 528 1313 598 unusquisquecestrum
1325 530 1353 584 in
1368 531 1482 586 nomine
1495 531 1558 587 lesu
1569 529 1672 587 Christi
1686 533 1715 587 in
1722 548 1765 588 re·

55 623 160 676 secula
187 622 241 675 est.
271 620 314 675 Ad
343 635 499 692 personam
528 636 595 675 vero
615 619 731 675 Domini
751 618 883 675 Salvato·
940 616 1098 672 missionem
1110 619 1284 687 peccalorum
1294 625 1457 686 uerborum,
1472 622 1498 676 el
1512 619 1765 691 accipietisdonum

56 707 110 775 ris,
129 724 166 765 ne
180 708 297 781 penitus
309 713 428 781 propter
442 705 689 784 qilnnollmpbos,
701 708 883 764 cucurbitam
942 704 1062 777 Spiritus
1088 707 1180 759 sancti
1205 706 1275 777 (Act.
1303 723 1335 773 tl,
1359 708 1415 779 36).
1439 708 1514 764 Sunt
1528 708 1579 780 qui
1594 724 1721 765 vermem
1738 714 1766 765 et

61 796 326 870 relinquamus,sic
340 796 439 853 reterri
456 800 559 869 potest,
577 796 693 853 utillud
711 813 889 855 commemo·
941 798 1075 849 urentem
1092 798 1225 863 ventum,
1245 798 1392 851 Romanos
1419 796 1585 870 intelligant
1599 798 1698 867 duces,
1715 798 1766 871 qui

55 902 160 943 remus
172 887 254 942 Isaiae
267 903 274 941 :
286 888 466 957 Relinquetur
481 887 541 957 pilia
555 887 623 942 Sion
636 889 708 942 sicut
719 889 885 943 tabernacu-
942 887 1008 954 poet
1033 884 1277 940 resurrectionem
1304 884 1424 956 Christi,
1441 885 1530 942 lsrael
1546 885 1664 958 penitus
1689 885 1767 943 dele·

60 975 122 1030 lum
136 977 166 1031 ia
180 977 271 1042 vinea,
287 982 314 1031 et
328 976 400 1030 uelut
425 976 521 1030 casula
543 978 573 1030 in
594 977 794 1045 cucumerario,
809 977 889 1048 quasi
942 977 1057 1027 verunt·

55 1067 228 1137 civitasque
239 1063 885 1136 expuqnatur(lsai.vrri).Etdicamusquiain
979 1061 1768 1142 428(Vera.9.)EtdiaitDominusadlonnm:Putasae

58 1152 281 1224 alioScripturae
295 1151 358 1210 loco
369 1152 551 1208 cucurbitam
561 1151 887 1224 noninvcnimus,quod
944 1151 1010 1206 bene
1025 1152 1154 1209 irasceris
1169 1160 1200 1206 tu
1213 1168 1295 1224 super
1309 1151 1457 1209 tederamt
1471 1155 1504 1208 tt
1517 1153 1590 1209 tisis
1606 1170 1613 1210 ι
1631 1154 1695 1210 bene
1710 1156 1768 1209 ira-

59 1242 113 1298 ubi
128 1241 263 1297 cucumis
279 1241 419 1312 nascitur,
431 1240 471 1296 ibi
483 1241 563 1296 nasci
576 1241 669 1296 soleat
680 1244 709 1296 et
724 1241 887 1298 cucurbita.
942 1255 1004 1296 scor
1026 1256 1073 1311 eqo
1088 1241 1221 1312 usquead
1235 1246 1363 1297 mortem.
1386 1242 1475 1298 Lxx:
1492 1245 1526 1299 Et
1538 1243 1611 1298 dieii
1637 1245 1769 1299 Dominus

61 1335 99 1387 ltt
111 1329 275 1387 lsraelbuic
281 1330 380 1403 generi
389 1331 426 1401 (a)
436 1331 730 1402 comparatum,quod
740 1331 888 1402 quondam
945 1330 1012 1385 Deus
1024 1331 1181 1395 aulanam,
1194 1333 1229 1400 (c)
1238 1332 1501 1388 ualdecoalristaris
1510 1339 1540 1388 tu
1549 1333 1769 1405 supercucurbi·

58 1418 220 1492 protexerit
242 1418 349 1473 lanam
375 1418 431 1473 sub
460 1417 566 1473 umbra
592 1435 646 1473 sua
668 1418 888 1475 conversionem
942 1421 993 1474 ta?
1007 1420 1115 1475 Etait:
1131 1420 1210 1476 ratde
1237 1422 1383 1477 contemtor
1406 1437 1455 1492 eqo
1478 1437 1564 1494 usque
1587 1421 1768 1479 camertem.

58 1509 195 1580 gentium
209 1505 469 1577 prestolantemet
480 1522 537 1561 non
554 1523 673 1579 parvam
690 1505 820 1563 laetitiam
837 1507 888 1562 tri·
944 1507 1041 1579 Supra
1055 1507 1190 1564 Ninivitis
1205 1509 1362 1581 egentibus
1378 1509 1578 1583 penitentiam
1596 1514 1625 1567 et
1640 1510 1771 1584 gentium

58 1586 163 1653 buerit
174 1593 200 1650 ei
211 1593 533 1651 laciansumb'raculum
546 1599 575 1650 et
591 1594 824 1664 tabernaculum,
841 1611 890 1668 po
943 1595 1016 1652 urbo
1031 1595 1152 1664 salvata,
1168 1597 1366 1670 interrogatus
1390 1599 1520 1671 idipsum
1536 1599 1695 1672 propheta:
1712 1606 1772 1656 Pu-

60 1684 126 1741 tiue
141 1700 231 1757 quam
246 1683 496 1751 domum,habens
510 1688 653 1740 tectorum
664 1685 888 1758 imaginemdo·
944 1687 1023 1740 lasne
1038 1687 1103 1742 bene
1117 1689 1248 1744 irasceris
1262 1696 1290 1744 tu
1302 1687 1316 1742 ‘l
1329 1686 1402 1743 nibil
1417 1688 1631 1761 respondit,sed
1647 1688 1773 1745 interro-

60 1789 181 1829 morum
195 1789 253 1827 non
268 1772 381 1828 babens
394 1772 595 1828 fundamenta.
609 1778 698 1830 Porro
715 1791 825 1830 ciceron
836 1792 888 1831 no·
945 1774 1094 1846 galionem
1105 1775 1157 1832 Dei
1168 1774 1285 1832 silentio
1297 1776 1608 1849 comprobavit,sciens
1623 1778 1701 1833 enim
1717 1775 1774 1833 cla·

62 1866 127 1920 atra
140 1859 299 1917 arbuscula
314 1859 500 1924 modica,cilo
512 1877 703 1934 consurgens,
716 1863 791 1920 aar
811 1868 841 1919 et
854 1863 892 1919 ci·
949 1866 1078 1919 mentem
1094 1880 1159 1920 esse
1169 1865 1271 1932 Deum,
1284 1869 1313 1921 ct
1323 1865 1588 1935 misericordem,et
1603 1866 1772 1938 patientem,

63 1954 95 2006 lo
110 1965 246 2006 arescens
261 1949 363 2005 ordine
391 1952 419 2005 et
433 1949 492 2004 vila
521 1950 574 2020 [tt.
599 1951 656 2022 via]
672 1951 893 2024 comparabitur
948 1955 977 2007 et
992 1952 1092 2008 multae
1107 1951 1315 2021 miserationis,
1332 1959 1362 2010 et
1373 1953 1572 2028 ignoscentem
1584 1952 1716 2023 malitiis,
1725 1970 1774 2010 su·

66 2036 181 2106 Israeli,
196 2038 310 2109 radices
334 2054 438 2110 parvas
462 2036 589 2094 mittenti
613 2038 643 2093 in
665 2044 785 2108 terram,
801 2045 831 2097 et
846 2058 893 2097 co·
948 2055 1001 2113 per
1015 2040 1111 2097 salute
1127 2042 1260 2114 gentium
1285 2059 1344 2098 non
1366 2043 1498 2099 dolebat:
1516 2042 1564 2099 bic
1578 2047 1677 2100 autem
1693 2047 1773 2116 post·
1873 2085 1882 2095 ,

63 2127 148 2185 nanti
165 2126 283 2199 quidem
297 2125 328 2182 in
345 2126 459 2182 excelsa
476 2126 613 2197 sustolli;
643 2129 693 2185 sed
708 2127 893 2185 altitudinem
949 2145 1038 2201 quam
1052 2129 1225 2202 siccata[1ll.
1237 2131 1390 2202 insiccata}
1404 2130 1659 2188 curcurbitaaruit
1674 2129 1773 2198 lsrael,
1817 2140 1824 2155 ¹

63 2216 222 2273 cedrorum
238 2214 329 2273 Dolet
344 2215 473 2271 abietum
489 2233 549 2272 non
566 2217 703 2288 equanti.
720 2218 802 2283 Quod
818 2217 894 2273 mibi
948 2222 978 2274 et
992 2235 1059 2274 cum
1074 2218 1261 2276 distinctione
1286 2221 1503 2292 interrogatus:
1520 2222 1593 2276 Bene
1603 2222 1731 2276 irasceris
1744 2222 1775 2275 ul

65 2305 208 2363 videntur
221 2309 250 2361 et
264 2304 384 2361 locusta
407 2303 583 2377 significare,
602 2305 709 2377 quibus
723 2304 895 2362 vescebatur
947 2323 1030 2378 super
1044 2307 1168 2364 ludera?
1195 2308 1375 2365 confidenter
1389 2308 1540 2380 respondit
1554 2312 1583 2364 et
1597 2307 1686 2364 dicit:
1702 2309 1775 2364 Bene

63 2397 205 2460 loannes,
222 2394 272 2466 qui
286 2393 358 2449 dicit
381 2393 436 2450 sub
451 2398 518 2467 typo
535 2394 674 2450 israelis:
695 2395 779 2450 lllum
792 2402 895 2466 oportet
948 2397 1053 2452 irascar
1076 2412 1137 2466 eqo,
1162 2395 1205 2451 vel
1230 2398 1373 2452 contmstor
1395 2412 1479 2467 usque
1502 2397 1537 2451 ad
1561 2400 1699 2452 mortem:
1716 2411 1774 2451 non

64 2498 196 2551 crescere,
211 2499 255 2539 me
268 2485 359 2538 autem
374 2484 467 2538 minui
479 2486 571 2552 (ioan.
583 2500 626 2549 111,
636 2484 683 2551 30)
695 2500 701 2537 :
713 2483 822 2539 animal
832 2500 895 2555 par·
948 2485 1026 2541 enim
1043 2485 1085 2541 sic
1111 2485 1190 2540 volui
1205 2484 1317 2541 salvare
1345 2484 1428 2554 alios,
1445 2489 1478 2540 ut
1492 2484 1622 2556 perirent
1637 2483 1698 2551 alii,
1714 2500 1774 2541 non

64 2571 285 2640 vum,inlirmas
297 2571 409 2627 babens
422 2571 533 2638 alas‚de
547 2575 624 2627 terra
639 2571 757 2644 quidem
772 2589 893 2628 consur·
948 2574 990 2631 sio
1004 2573 1116 2630 alienos
1130 2574 1310 2640 lucrifacere,
1319 2577 1353 2630 nt
1367 2590 1448 2630 meos
1463 2573 1625 2646 perderem.
1642 2573 1677 2628 ut
1696 2589 1775 2628 reve·

64 2660 206 2735 gens,sed
216 2660 304 2717 altius
314 2676 371 2716 non
382 2658 482 2716 valens
496 2659 658 2725 avolarent
671 2659 738 2733 plus
753 2661 792 2717 sil
804 2677 893 2732 quam
948 2680 981 2720 ra
994 2680 1089 2735 usque
1105 2664 1139 2719 ad
1158 2668 1329 2736 presentem
1358 2662 1435 2718 diem
1457 2662 1496 2734 (d)
1511 2662 1647 2718 Christus
1661 2660 1777 2735 plangit

64 2748 182 2822 reptile,
197 2754 226 2806 et
240 2754 338 2805 tamen
354 2748 457 2805 avibus
474 2766 532 2805 non
549 2753 689 2820 aquetur.
946 2751 1053 2808 lsrael:
1067 2752 1269 2809 etlerusalem
1280 2751 1393 2825 plangit
1408 2767 1502 2824 usque
1512 2751 1548 2807 ad
1561 2755 1699 2817 mortem,
1713 2767 1773 2806 non

99 2837 196 2908 (Vera.
211 2839 228 2890 l
244 2841 272 2894 et
285 2839 325 2906 8.)
341 2840 373 2893 dt
391 2839 502 2911 parauit
517 2840 649 2894 Dominus
664 2855 784 2894 vermem
798 2855 893 2894 ascen-
948 2855 1045 2905 suam,
1062 2838 1112 2895 sed
1137 2839 1317 2906 ludaeorum,
1346 2843 1378 2894 ut
1398 2839 1563 2895 moriantur
1577 2841 1729 2911 negantes,
1745 2839 1775 2893 et

63 2929 144 2984 sione
159 2925 284 2983 diluculi
307 2928 337 2981 in
352 2929 516 2994 crastinum,
532 2937 557 2982 et
570 2930 701 2999 persensit
716 2926 853 2995 beaterum,
868 2931 893 2984 et
948 2931 1104 2999 resurgant
1118 2927 1168 2983 Dei
1184 2927 1289 2982 Filium
1306 2927 1487 2983 confitentes.

64 3017 197 3073 marcu:
213 3024 239 3072 et
253 3032 315 3070 citra
339 3023 413 3071 ortus
436 3017 537 3087 luisset
550 3017 601 3078 sol,
617 3018 747 3089 precepit
762 3017 893 3073 Dominus
983 3016 1077 3084 (Vere.
1108 3017 1142 3070 10
1166 3019 1195 3071 et
1217 3016 1273 3087 ll.)
1289 3015 1406 3072 Didicit
1426 3017 1578 3071 Dominus:
1594 3014 1630 3069 Tu
1644 3013 1717 3070 doles
1728 3030 1775 3069 su·

63 3113 146 3161 uento
160 3104 249 3160 calido
259 3112 284 3160 et
299 3106 392 3160 urenti
404 3122 411 3171 ς
428 3108 454 3161 et
462 3107 594 3176 percussit
603 3107 643 3160 sot
657 3120 740 3174 super
749 3109 831 3178 caput
844 3110 893 3163 to·
946 3120 997 3177 per
1011 3104 1121 3176 maen,
1153 3107 1184 3159 ia
1198 3121 1253 3176 qua
1272 3120 1328 3160 non
1353 3105 1502 3160 laborasti:
1528 3118 1616 3175 neque
1639 3102 1732 3174 iecisti
1745 3104 1777 3157 ut

63 3200 150 3261 nae,et
163 3195 319 3250 aestuabat:
340 3202 365 3248 et
389 3196 470 3265 petiit
491 3195 595 3251 animer
609 3209 669 3251 sue
683 3199 713 3251 ut
727 3200 891 3264 moreretur,
908 3179 929 3246 C
947 3202 1096 3251 aestuet:
1121 3209 1183 3266 quas
1206 3195 1257 3249 sub
1278 3211 1335 3249 erno
1360 3196 1435 3250 nocte
1461 3197 1530 3248 nata
1547 3199 1597 3260 est,
1612 3195 1638 3247 et
1652 3190 1702 3247 sub
1716 3207 1774 3247 una

63 3281 197 3340 classii:
214 3282 353 3338 tertiasse
367 3283 669 3355 (b)mibimori,quarn
683 3286 781 3340 vivae.
797 3284 890 3341 LXX:
945 3286 1022 3339 rmcte
1045 3284 1149 3354 periit:
1178 3290 1205 3338 et
1219 3298 1266 3353 eqo
1280 3298 1458 3353 noaparcam
1482 3282 1773 3336 Ninioecioitalimo-

63 3373 98 3428 tt
120 3373 253 3444 precepit
276 3372 346 3426 Deus
361 3373 447 3427 cenni
467 3388 551 3428 mane
565 3373 593 3427 in
611 3375 776 3442 crastinum,
791 3377 817 3428 et
829 3388 892 3444 per·
946 3388 1016 3443 pne,
1033 3373 1064 3427 in
1078 3387 1132 3442 qua
1146 3373 1209 3426 sant
1221 3371 1374 3443 plusquam
1387 3380 1497 3450 centum
1511 3370 1613 3439 ciqinti
1624 3369 1717 3424 millia
1729 3369 1774 3424 lto-

63 3463 150 3518 cussit
164 3462 346 3528 cucurbitam,
369 3466 395 3515 et
412 3462 533 3532 arefacta
543 3467 601 3522 est:
616 3463 761 3534 statimque
775 3469 806 3517 ut
819 3469 893 3517 ortus
945 3463 1064 3527 minum,
1079 3461 1129 3530 qui
1142 3460 1267 3514 nesciunt
1291 3458 1357 3529 quiet
1370 3459 1406 3512 sil
1431 3460 1505 3512 inter
1523 3457 1647 3513 deutrum
1663 3463 1688 3510 et
1702 3458 1774 3510 siai-

63 3558 107 3607 est
119 3550 171 3618 sot,
185 3551 319 3622 praecepit
332 3550 465 3605 Dominus
487 3553 603 3622 spiritui
616 3551 726 3606 ardoris
740 3552 842 3617 urenti,
869 3554 894 3606 el
947 3557 1033 3606 stram
1057 3564 1146 3613 suam,
1162 3549 1187 3602 el
1196 3549 1322 3618 jamenta
1350 3547 1459 3622 multat
1484 3544 1571 3599 Lxx:
1588 3546 1620 3599 Et
1635 3543 1774 3599 detritDo·

60 3641 202 3712 perclusit
214 3639 254 3695 sol
277 3655 359 3710 super
380 3643 462 3711 caput
476 3641 562 3707 loaae,
577 3643 602 3694 el
617 3641 791 3710 anqrsstiatus
804 3644 853 3706 est,
868 3643 895 3696 et
947 3641 1058 3694 minsa:
1076 3639 1113 3692 lu
1137 3637 1283 3709 pepercisti
1296 3650 1379 3706 super
1406 3633 1558 3697 crscurbita,
1579 3648 1630 3703 pro
1650 3648 1705 3703 qua
1718 3646 1774 3687 non

63 3728 171 3784 taeduit
183 3743 243 3783 eum
256 3729 363 3784 animae
372 3731 470 3798 sumet
479 3727 551 3783 ‹tirtr
563 3729 676 3784 :Delius
682 3736 721 3784 est
728 3727 801 3783 milti
810 3731 893 3796 mori,
948 3728 1089 3797 laborasti,
1105 3741 1192 3796 neque
1205 3725 1320 3780 nutristi
1333 3739 1404 3790 earn,
1414 3737 1475 3794 quae
1488 3728 1555 3776 ruta
1569 3728 1609 3776 est
1633 3722 1663 3775 in
1685 3728 1773 3785 nocte,

62 3816 257 3890 quamuiuere.
270 3817 436 3888 Antequam
453 3815 579 3872 oriretur
594 3816 637 3873 sol
648 3816 781 3888 justitiae,
798 3817 895 3873 virens
948 3821 975 3873 et
988 3819 1018 3871 iu
1033 3818 1111 3872 nocte
1118 3815 1220 3885 periit:
1237 3815 1383 3882 eqoautem
1397 3827 1452 3866 non
1459 3826 1573 3883 parcam
1587 3809 1774 3866 Niuinaeciui·

62 3908 131 3962 erat
146 3903 362 3971 umbraculum,
379 3911 408 3961 et
423 3921 481 3961 non
496 3906 597 3961 arebat
613 3903 721 3961 lsrael:
739 3912 894 3978 postquam
947 3907 999 3963 tati
1013 3919 1133 3974 mapnae,
1149 3905 1181 3959 in
1192 3918 1246 3974 quo
1256 3902 1384 3957 babilam
1396 3900 1543 3972 plusquam
1557 3897 1698 3955 duodecim
1713 3914 1773 3969 mp-

63 3992 118 4050 ille
133 3994 268 4061 surrexit,
295 3997 324 4049 el
347 3994 472 4050 tenebrae
500 3994 662 4051 Niniviticae
677 3995 741 4067 ejus
756 3993 821 4051 luce
837 3995 894 4051 dis
947 3993 1040 4049 riades
1056 3993 1110 4062 [ΑΙ.
1125 3991 1228 4060 millia]
1254 3992 1376 4046 virorum
1390 3990 1438 4061 qui
1453 3989 1581 4060 iqnorant
1594 3987 1736 4044 dexteram
1748 3993 1774 4043 et

63 4099 160 4141 cussa
175 4086 255 4153 sunt,
267 4087 386 4155 paratus
401 4082 509 4138 vermis
523 4083 552 4137 in
568 4084 729 4139 crastinum
746 4084 893 4140 ascensio·
947 4084 1090 4139 sinistram
1105 4086 1226 4148 sustinet
1241 4095 1337 4151 pecora
1352 4079 1441 4134 multa
1452 4082 1465 4132 i
1477 4077 1578 4133 Nimia
1593 4074 1775 4133 difficultatis

65 4188 103 4228 ne
119 4169 241 4227 diluculi
258 4171 305 4240 (de
326 4186 383 4242 quo
399 4170 557 4227 vicesimus
572 4172 685 4243 primus
700 4172 833 4244 psalmus
848 4173 892 4229 in·
947 4174 992 4227 est
1006 4186 1148 4242 exponere
1160 4168 1306 4240 quomodo
1313 4169 1398 4239 juxta
1410 4166 1602 4240 tropologiam
1613 4166 1729 4221 dicatur
1738 4164 1774 4220 ad

64 4259 225 4317 scribitur:
241 4264 296 4315 Pro
312 4260 496 4331 assumptione
507 4262 644 4315 matutino
654 4265 701 4323 :ct
716 4261 766 4332 qui
782 4261 895 4334 absque
949 4259 1076 4316 Filium:
1102 4266 1131 4314 tu
1145 4259 1218 4314 doles
1229 4273 1312 4329 super
1327 4256 1548 4328 taedarumque
1562 4271 1617 4311 non
1632 4254 1775 4320 laborasti,

64 4348 128 4405 ullo
143 4347 255 4404 semine
269 4349 304 4404 de
314 4353 392 4403 terra
402 4348 537 4416 oritur,et
548 4349 619 4404 dicit
636 4367 641 4404 :
657 4350 712 4418 Epo
724 4366 783 4405 sam
795 4351 895 4406 vermis
947 4366 1035 4422 neque
1048 4349 1140 4419 [eristi
1152 4355 1181 4402 ut
1196 4350 1407 4414 cresceret‚cum
1418 4343 1518 4400 omnia
1528 4359 1579 4415 per
1589 4343 1687 4414 ipsum
1699 4341 1775 4395 lacta

63 4446 92 4496 et
114 4453 173 4494 non
200 4437 278 4494 tomo
302 4436 358 4509 (lu.
384 4455 442 4504 axi,
469 4437 496 4509 7)
516 4437 662 4510 percussit
676 4438 894 4507 umbraculum,
949 4439 1019 4506 sint,
1049 4443 1078 4494 et
1105 4437 1168 4494 sine
1197 4436 1261 4508 ipso
1286 4435 1396 4490 lactum
1427 4436 1471 4488 est
1499 4429 1572 4486 nibil
1588 4430 1675 4501 (loon.
1692 4444 1712 4495 t,
1727 4428 1769 4494 3).

64 4527 145 4600 qnod
162 4525 310 4583 desertum
326 4524 435 4582 auxilio
458 4525 509 4583 Dei
524 4543 641 4583 omnem
657 4527 781 4582 virorem
797 4527 1030 4605 perdi-DUnde
1046 4526 1166 4597 quidam
1195 4523 1292 4579 locum
1321 4523 1411 4577 istum
1440 4520 1645 4592 interpretans,
1672 4523 1702 4572 ut
1717 4514 1773 4569 im·

64 4615 119 4672 dit.
136 4614 333 4687 Praeoepitque
361 4614 505 4672 Dominus
533 4620 617 4672 vento
632 4615 725 4671 calido
741 4616 891 4685 clarenti,

64 4704 103 4761 ds
119 4719 179 4776 quo
192 4703 383 4776 prophetatur
404 4704 433 4759 in
450 4704 538 4760 Osee:
555 4703 673 4759 Adducet
688 4707 813 4760 urentem
826 4721 892 4761 trea-

63 4797 128 4849 lssm
137 4793 272 4849 Marinus
286 4792 321 4849 de
334 4792 434 4849 deserto
455 4793 655 4862 ascendentem,
680 4797 705 4848 et
719 4794 833 4850 siccabit
847 4811 893 4850 ve-

62 4898 119 4939 nas
133 4882 202 4953 cista
228 4885 255 4937 et
276 4881 409 4938 desolabit
423 4881 529 4955 sontem
547 4882 771 4954 ejus(0secx111,
789 4884 842 4955 15).
859 4884 894 4939 tot

64 4973 192 5027 aestuare
207 4969 294 5043 coepit
306 4970 442 5039 lonss,et
455 4970 563 5027 iterum
579 4970 651 5026 velle
666 4970 740 5026 mori
755 4970 784 5026 in
800 4971 895 5044 bapti·

63 5062 163 5117 emate
175 5075 243 5116 cum
259 5059 411 5128 lsraele,ut
421 5061 450 5115 in
464 5059 578 5116 lavacro
592 5059 712 5132 recipiat
726 5059 891 5129 humorem,

62 5161 156 5221 quem
171 5145 202 5203 in
217 5147 371 5221 negatione
380 5147 641 5220 perdiderat-Unde
651 5150 680 5203 et
695 5148 797 5204 Petrus
811 5166 894 5206 arcn-

100 5342 131 5415 (a
151 5341 240 5398 Visus
249 5345 295 5398 est
305 5341 433 5400 Victoria
444 5343 566 5399 mutilus
577 5358 610 5398 ac
619 5341 765 5415 pendulus
775 5358 892 5412 sensus,

63 5413 125 5473 nisi
146 5428 217 5486 eges
230 5423 414 5485 comparatur.
431 5418 540 5471 Verum
557 5432 573 5470 a
588 5413 743 5487 superiori,
757 5413 892 5483 dicarant,

63 5485 209 5628 P⁰ffi⁰flaiic
218 5556 379 5628 mibi‚quod
389 5561 488 5615 tamen
504 5558 533 5613 in
547 5532 666 5613 Hebraeo
676 5566 749 5618 intre
762 5562 891 5628 resonat,

64 5627 161 5688 nostri
180 5628 501 5701 msupratermittunt:
518 5634 582 5688 tum
598 5645 686 5702 penes
701 5628 894 5703 Septuaginta

948 4616 1110 4673 minentem
1125 4612 1248 4670 solveret
1275 4611 1477 4682 questionem,
1498 4605 1621 4663 incurrit
1636 4603 1772 4676 blaspbe-

948 4704 1048 4761 miam.
1075 4705 1236 4759 Assumens
1258 4698 1337 4755 enim
1364 4696 1437 4752 illud
1459 4696 1495 4751 de
1510 4692 1684 4766 Evangelio:
1701 4691 1774 4761 Quid

947 4809 991 4849 ase
1015 4793 1087 4848 dicis
1114 4791 1237 4846 bonum?
1259 4788 1342 4843 Nerio
1366 4785 1452 4841 bonas
1475 4791 1517 4841 est
1539 4784 1596 4838 aui
1616 4796 1689 4838 unus
1704 4781 1773 4836 Deus

948 4883 1040 4956 (liare.
1056 4897 1085 4946 x,
1116 4879 1172 4947 18),
1194 4878 1319 4939 ,Patrem
1347 4873 1554 4945 interpretatus
1581 4873 1626 4927 est
1649 4869 1771 4925 bonum.

948 4958 1772 5034 anuuittumveroadcomparationemejusquipsrsecte

948 5065 977 5117 et
988 5074 1053 5114 vere
1063 5058 1158 5113 bonus
1170 5053 1217 5122 nit,
1230 5053 1260 5109 in
1276 5050 1381 5107 minori
1398 5051 1489 5123 gradu
1506 5048 1647 5121 positum.
1664 5048 1698 5103 ut
1712 5063 1771 5103 non

948 5144 1142 5206 consideravit
1165 5142 1226 5197 haec
1238 5139 1349 5210 dicens,
1365 5139 1442 5212 quod
1458 5137 1487 5194 in
1505 5136 1659 5194 Marcionis
1673 5135 1774 5208 polius

947 5344 1059 5417 legunt,
1075 5339 1148 5397 sueri
1156 5339 1244 5409 maqis
1259 5351 1351 5408 quam,
1366 5341 1420 5392 etc.
1681 5402 1688 5416 .

984 5420 1018 5487 lc)
1033 5415 1096 5470 Duo
1111 5426 1183 5466 mss.
1199 5408 1326 5473 rivalte,
1351 5407 1436 5476 ‚iuxta
1451 5408 1595 5472 Graecum,
1623 5401 1729 5460 Aldina
1746 5404 1776 5459 et

948 5483 1107 5557 exemplari
1122 5484 1250 5552 excepto,
1267 5497 1289 5530 ει
1310 5474 1422 5554 σφόδρα.

983 5559 1021 5629 (d)
1036 5556 1128 5612 iidem
1143 5569 1227 5619 msa,
1244 5549 1368 5608 Cbrrstus
1376 5547 1774 5623 planqitlersuolematplan·

947 5631 987 5703 pit
1000 5643 1095 5704 suque,
1111 5628 1165 5686 oto.
