3818 6104
111 254 150 335 25
499 326 502 331 ,
728 257 761 318 S.
783 257 937 321 adsueti
959 256 1193 322 sinuantur.
1767 254 1808 317 76

110 389 186 447 ritur
199 407 217 448 a
230 390 383 465 prophete.
394 392 478 465 Legis
492 389 704 461 interpretatio,
715 390 874 446 sacerdotis
889 391 931 446 ol·
946 394 974 458 Α
1023 393 1168 447 dianonus
1180 392 1278 464 populi
1293 388 1630 458 urrucoururtotuurur,
1645 388 1715 460 sive,
1723 388 1811 459 juxta

109 479 209 537 licium
224 485 279 538 est.
296 483 428 538 Prudens
438 477 594 536 consilium
606 479 932 551 aetasmaturaperqui-
987 480 1189 553 Septuaginta,
1205 481 1398 536 dissoluantur.
1414 480 1534 544 Quando
1560 478 1632 534 risio
1648 494 1705 533 non
1721 477 1812 533 suerit

109 567 149 625 rit
159 569 260 640 ;juxta
275 568 350 625 illud
370 569 448 641 quod
465 567 680 640 scriptumest:
693 569 724 623 lu
738 568 854 625 consitio
866 585 932 624 sun·
988 569 1017 623 in
1035 570 1187 641 propheta,
1203 575 1231 624 ct
1247 570 1331 642 Legis
1345 569 1468 624 scientia
1483 568 1512 622 in
1529 567 1691 632 sacerdote,
1702 570 1730 622 et
1746 583 1813 623 con·

108 665 215 714 ciorum
229 658 283 730 [Al.
299 658 447 730 justorum]
462 660 488 714 et
502 658 722 727 reciprocatione,
733 674 837 726 meque
850 673 933 728 opero
987 657 1087 713 silium
1103 657 1133 712 in
1149 658 1270 714 senibus
1280 675 1287 715 ε
1296 673 1405 729 rexque
1414 657 1528 722 luxerit,
1536 662 1565 711 et
1579 654 1714 728 princeps
1726 654 1814 712 tuerit

109 748 223 803 floruisti
232 746 286 819 (Pa.
302 763 346 814 cx,
360 747 384 815 l,
396 747 435 819 2).
454 748 517 802 llaec
533 752 632 802 autem
643 743 806 801 nonsulum
820 750 932 802 sotem·
986 745 1016 801 in
1033 761 1166 812 moerore,
1178 747 1237 802 sive
1252 747 1281 801 in
1298 745 1427 813 interitu,
1439 747 1652 816 cousequenter
1666 748 1695 800 et
1710 743 1809 816 populi

108 851 189 907 pore,
206 834 323 908 quando
348 835 523 908 Babylonius
539 839 639 890 contra
662 832 823 889 Jerusalem
836 835 932 889 venie·
987 850 1093 891 manus
1108 836 1371 902 conturbabuntur,
1388 851 1476 891 suum
1496 834 1650 905 perdentes
1666 832 1809 904 ordinem,

109 923 160 979 bst
173 922 327 990 exercitus,
343 941 361 978 a
376 922 536 996 prophetis,
553 922 755 979 sacerdotibus
769 926 798 978 et
811 923 931 978 seniori·
987 921 1045 978 sive
1055 922 1414 995 dissolventur‚autiquam
1422 921 1621 978 tortitudinem
1629 939 1687 978 nou
1698 921 1809 978 haben·

108 1012 164 1067 bus
179 1011 402 1082 querebantur;
418 1011 469 1067 scd
486 1011 617 1083 quotidie
631 1010 660 1065 in
682 1009 820 1066 Ecclesiis
836 1010 932 1082 requi·
987 1014 1041 1066 tes.
1056 1010 1236 1083 pulchreque
1248 1029 1303 1068 non
1320 1011 1447 1084 populus
1458 1010 1509 1066 [ici
1524 1010 1733 1082 dicitur,cujus
1744 1014 1809 1066 tur·

108 1101 224 1156 rantur.
240 1101 308 1165 Qua
322 1101 348 1158 si
362 1100 515 1168 visionem,
526 1100 631 1173 legem,
642 1097 857 1172 consiliumque
872 1115 933 1171 per
988 1098 1135 1155 babuntur
1150 1116 1265 1170 manus,
1281 1104 1310 1156 et
1324 1102 1409 1171 cujus
1424 1117 1482 1156 non
1506 1104 1550 1155 est
1565 1099 1763 1171 municipatus
1778 1099 1808 1154 in

109 1187 247 1256 diderint,
257 1189 568 1262 lrustraprophataset
582 1188 793 1253 sacerdotes,et
803 1188 932 1243 seniores
987 1186 1076 1249 coelo:
1093 1189 1142 1244 sed
1153 1188 1279 1261 populus
1291 1193 1383 1251 terra.
1395 1190 1430 1244 dn
1446 1205 1503 1261 quo
1520 1188 1718 1260 scriptumest
1733 1204 1740 1242 ε
1757 1189 1810 1243 Re-

72 1274 75 1279 ’
111 1275 220 1332 habere
235 1294 266 1334 se
277 1277 400 1348 jactant.
987 1277 1108 1333 cedentes
1124 1295 1139 1332 a
1162 1286 1188 1333 tu
1203 1294 1286 1349 super
1312 1285 1415 1332 terrum
1430 1277 1585 1334 scribentur
1607 1277 1721 1347 (ierem.
1737 1294 1809 1346 xvrr,
1891 1291 1894 1296 ·

145 1363 238 1435 (Vara.
252 1366 311 1434 27.)
326 1367 383 1422 liae
401 1366 511 1437 tuqetit,
528 1369 552 1420 et
568 1365 694 1436 princeps
721 1363 852 1420 indicatur·
865 1381 933 1420 mas-
987 1365 1043 1436 13),

108 1466 181 1524 rore,
197 1453 267 1519 sive,
279 1455 365 1526 Juxta
389 1453 590 1527 Septuaginta,
607 1455 724 1508 interitu
738 1471 748 1506 .·
765 1453 813 1524 qui
835 1453 932 1509 nescio
1021 1453 1174 1510 Seutudum
1187 1458 1260 1510 raum
1274 1471 1370 1511 corum
1383 1456 1488 1527 sudam
1499 1456 1548 1525 eia,
1558 1464 1583 1511 et
1598 1455 1812 1512 sesecundum

108 1540 180 1613 quid
196 1540 336 1609 volentes,
352 1543 406 1598 boc
432 1543 510 1615 quod
527 1543 563 1598 de
577 1541 719 1597 llcbrairo
735 1558 869 1597 sermone
884 1558 931 1596 ex·
981 1543 1087 1614 judicio
1098 1559 1191 1599 eorum
1202 1544 1391 1613 instructuros,
1403 1544 1464 1599 sive
1475 1544 1810 1616 utSeptuagintatrans·

108 1631 282 1702 pressimus,
298 1648 348 1688 rec·
362 1632 476 1702 tapetii,
492 1630 612 1687 omnino
631 1633 795 1685 tacuerunt.
815 1629 932 1685 luxisse
986 1630 1126 1703 tulerunt,
1151 1634 1268 1689 utcurur
1298 1649 1352 1688 eos.
1379 1632 1582 1689 Peccatoribus
1615 1633 1710 1689 reddit
1733 1632 1811 1688 Deus

108 1724 205 1777 sutem
216 1719 377 1788 Sedeciam,
389 1725 419 1775 et
432 1736 534 1776 omnes
547 1718 693 1791 principes
706 1717 805 1791 populi
818 1717 932 1775 Judoeo-
981 1721 1068 1791 juxta
1081 1721 1143 1777 vius
1164 1739 1244 1788 sues,
1261 1727 1293 1776 ut
1308 1726 1404 1777 teneat
1415 1720 1520 1791 judicii
1542 1721 1704 1778 veritatem.
1721 1720 1810 1776 Gaete-

107 1809 402 1865 rumluissemaerore
418 1808 574 1875 conlectos,
584 1812 685 1864 sancta
694 1807 844 1879 Scriptura
854 1823 931 1862 com·
987 1825 1053 1864 rum
1078 1809 1108 1864 in
1124 1810 1234 1865 sanctis
1259 1809 1370 1865 excedit
1384 1810 1506 1865 modum
1530 1809 1812 1881 clementiamque

107 1900 260 1954 memoret.
276 1897 438 1953 Possumus
453 1901 561 1962 autem,
578 1911 758 1969 quamquam
772 1895 825 1951 hoc
837 1897 931 1968 prima
985 1898 1059 1953 entim
1074 1897 1217 1969 condique
1231 1906 1296 1953 sunt
1312 1902 1451 1969 passiones
1467 1899 1596 1969 temporis
1620 1898 1701 1968 liujus
1716 1898 1751 1953 ud
1764 1901 1809 1969 su·

106 1984 203 2042 trente
217 1984 349 2041 videntur
361 2002 426 2042 esse
444 1985 766 2058 blasphemum,rcgem
782 1983 930 2057 lugentem
985 1993 1075 2041 turam
1089 1988 1206 2057 plurium
1229 2001 1292 2058 quae
1315 1987 1481 2042 revelabitur
1495 1988 1525 2042 iu
1548 1988 1628 2041 rtobis
1643 1988 1730 2057 (horn.
1747 2004 1809 2057 viu,

106 2078 208 2131 nosue
221 2074 292 2130 vitiu
306 2079 394 2148 atque
409 2080 537 2148 peccata,
549 2072 697 2130 Christum
709 2073 815 2138 dicere,
832 2073 880 2145 qui
891 2073 930 2129 lo·
987 2076 1041 2146 18).
1058 2075 1199 2147 Stipendia
1207 2077 1282 2131 euim
1295 2076 1398 2147 pcccati
1412 2075 1583 2143 mors.<li›r'd.
1600 2093 1638 2142 vr,
1649 2075 1706 2146 23),
1721 2091 1810 2146 quam

106 2163 209 2236 quitur
231 2164 260 2220 in
286 2162 414 2219 Psalmis
431 2181 437 2218 :
455 2164 520 2233 Quae
535 2163 645 2218 utilitas
659 2164 690 2217 in
710 2165 845 2234 sunguine
858 2179 928 2229 meo,
985 2163 1088 2235 recipit
1098 2164 1384 2235 peccatorjuxtuvius
1396 2164 1811 2234 suasetoperasuaiiaterum

106 2249 173 2309 dum
186 2252 316 2309 descendo
330 2254 361 2308 io
374 2254 576 2325 cormpiiouem
590 2250 647 2321 (Pa.
659 2268 736 2317 xxxx,
749 2251 816 2320 10)‘t
831 2251 865 2306 ut
878 2268 928 2323 ap·
981 2250 1657 2324 justorumvirtuslruiturDominilargitate,de
1669 2251 1811 2323 quaPau-

106 2341 309 2414 propinquans
322 2339 487 2397 Jerusalem
503 2339 581 2396 llevit
595 2356 682 2412 super
696 2354 775 2406 eam,
791 2343 819 2393 et
832 2338 904 2394 dixit
921 2356 927 2395 :
985 2338 1031 2396 lus
1047 2338 1194 2412 loquitur:
1210 2345 1318 2396 Dorium
1334 2343 1387 2396 Dei
1398 2342 1455 2395 vito
1469 2349 1582 2395 aeterno.
1599 2340 1741 2411 Quodque
1757 2340 1812 2395 ad-

105 2429 266 2498 ierusolem,
279 2430 442 2501 Jerusalem,
459 2446 519 2502 quae
545 2428 648 2486 occidis
663 2429 820 2500 Prophetes,
837 2432 863 2483 et
887 2429 928 2483 lu·
986 2422 1060 2483 didit
1075 2446 1081 2484 :
1097 2437 1122 2484 et
1134 2429 1282 2485 secundum
1291 2429 1398 2500 judicio
1414 2445 1508 2485 coram
1519 2428 1648 2499 judicato
1667 2444 1720 2499 eos,
1736 2427 1809 2484 illud

103 2518 184 2592 pidus
206 2519 302 2575 musea
327 2518 362 2575 ud
377 2523 422 2580 te:
447 2521 551 2590 quoties
571 2517 646 2573 uolui
669 2533 834 2587 congregare
857 2517 929 2586 filios
984 2517 1288 2594 Evangelieumsouat
1304 2533 1310 2571 :
1328 2519 1356 2573 in
1373 2533 1424 2590 quo
1434 2517 1541 2589 judicio
1552 2517 1809 2588 judicaveritqu-

103 2615 173 2680 tuos,
189 2610 259 2665 siuti
280 2608 386 2680 gallina
401 2611 547 2679 congregat
560 2608 611 2663 rub
635 2608 697 2662 clas
709 2606 803 2678 pultes
817 2623 888 2677 suos,
904 2617 930 2663 et
984 2605 1169 2663 dicabiiurdc
1180 2607 1257 2662 notris
1272 2605 1376 2677 (linitis.
1390 2622 1440 2676 vu,
1458 2606 1494 2675 1).
1506 2607 1540 2661 bt
1550 2605 1747 2679 Apostolicum
1761 2623 1767 2660 :
1779 2607 1809 2660 ln

66 2723 72 2734 ·
104 2696 220 2754 notanti
235 2697 336 2769 (llutth.
353 2696 511 2767 xx111,37)t
531 2696 578 2751 79
594 2695 744 2767 Principes
758 2695 928 2766 quoquevel
984 2695 1807 2767 quoenirnjudiciojadicusalterum,teipsumcondemnas.

103 2785 256 2843 iubenum
273 2789 386 2857 partem
396 2784 520 2856 apostoli
536 2787 631 2849 erunt,
646 2781 696 2854 qui
714 2781 816 2854 lugent
831 2799 929 2855 pecca·
983 2784 1085 2838 Eadem
1100 2785 1175 2838 enirn
1189 2785 1313 2855 operaris
1328 2797 1390 2853 quae
1398 2783 1511 2853 iudicas
1522 2785 1608 2852 (lium.
1626 2800 1656 2853 u,
1674 2784 1710 2854 l).

104 2877 182 2931 toros
195 2890 201 2928 :
216 2872 261 2928 vel
276 2873 306 2928 in
323 2870 564 2940 contrariam,illi
579 2871 686 2943 quibus
697 2871 930 2927 dicitur:1ludite
1018 2873 1049 2926 Et
1070 2873 1155 2926 scient
1181 2873 1247 2943 quic
1261 2887 1309 2941 eqo
1334 2872 1475 2927 Doruinus.
1492 2873 1546 2928 lste
1571 2871 1733 2928 versiculus
1749 2871 1808 2926 tre-

104 2962 219 3021 cerbam
240 2963 360 3028 Domini,
381 2962 517 3033 principes
541 2961 723 3016 Sodomorum
740 2960 817 3032 (lsai.
834 2978 853 3026 1,
871 2962 927 3031 ll).
984 2963 1108 3033 quanter
1135 2960 1164 3014 in
1181 2959 1235 3015 boc
1259 2958 1400 3032 propheta
1415 2960 1543 3031 ponitur,
1560 2961 1637 3032 quod
1663 2958 1808 3032 supplicia

104 3051 315 3123 indueturque,
328 3051 413 3122 juxta
436 3049 637 3122 Septuaginta,
654 3049 778 3119 interitu,
796 3049 845 3120 qui
870 3065 927 3104 non
983 3051 1070 3120 atquc
1085 3048 1232 3105 cruciatus
1244 3054 1384 3120 sequatur
1396 3050 1518 3105 scientis
1532 3049 1592 3114 Dei,
1606 3054 1736 3121 utquam
1751 3066 1807 3104 non

104 3139 194 3197 habet
204 3141 385 3195 armaturam
396 3138 519 3210 Dei,nec
529 3138 651 3194 indutus
664 3142 708 3194 est
717 3131 963 3207 christoilum-C
983 3137 1183 3210 intelligebant
1196 3143 1255 3209 'per
1279 3138 1429 3206 beneficia,
1457 3154 1508 3211 per
1530 3142 1676 3194 tormenta
1701 3154 1809 3211 cogno·

105 3225 933 3302 quotenimiuCtiristobaptizatisirrrt,Clrrtstumiuduerunt
988 3232 1080 3284 scant.

105 3315 208 3391 (Galat.
224 3333 267 3386 111,
286 3317 344 3389 27).

678 3630 887 3724 LIBER
932 3628 1231 3726 TERTIUS.

139 3975 349 4034 ta-soltihit
371 3975 493 4048 longum
509 3974 646 4048 estquod
675 3972 761 4030 iidem
788 3971 928 4038 habetet
982 3970 1805 4047 diumomisimus‚Scripturarumquccupimusverbaiu

101 4067 457 4136 omnisretrotemporum
467 4062 781 4120 serieetransactunon
791 4061 925 4134 prodest:
982 4078 1069 4134 operu
1092 4065 1212 4128 vortere,
1235 4066 1263 4117 et
1288 4079 1345 4117 non
1370 4061 1465 4117 dicore
1492 4065 1602 4128 sancta,
1624 4061 1674 4116 sed
1699 4061 1804 4118 lacere.

101 4154 161 4212 nisi
175 4154 249 4211 torte
262 4155 407 4210 bonorum
423 4168 545 4224 operum
560 4151 616 4208 sibi
631 4151 770 4207 viaticum
782 4167 926 4223 pracpara-
982 4149 1063 4206 Uude
1073 4167 1176 4206 rursus
1193 4153 1248 4205 atc
1264 4148 1443 4219 commoniti,
1458 4166 1475 4205 0
1489 4149 1569 4222 virgo
1581 4148 1688 4205 Christi
1700 4150 1805 4207 Eusto-

101 4243 185 4310 verit,
196 4259 261 4316 qus
276 4258 392 4314 semper
400 4241 435 4296 ad
450 4241 559 4310 lutura,
570 4240 660 4295 immo
672 4240 707 4295 ad
718 4242 824 4294 aterna
836 4238 926 4310 respi-
981 4237 1301 4307 chium,intermissum
1313 4236 1442 4293 laborem
1459 4239 1630 4311 repetimus,
1642 4242 1670 4293 ot
1684 4239 1805 4294 tertium

101 4332 227 4402 ciunt,et
240 4330 329 4388 nullis
339 4328 473 4386 terminis
488 4333 681 4385 coarctantur.
693 4327 768 4384 Vera
783 4326 927 4383 sententia
983 4326 1120 4383 volumen
1133 4325 1275 4399 aggressi,
1287 4330 1336 4382 tuo
1351 4326 1495 4383 desiderio
1506 4328 1674 4383 satisfacere
1690 4327 1806 4384 deside·

102 4423 147 4480 est
162 4438 169 4477 :
185 4420 291 4476 Omnia
306 4425 369 4476 orta
392 4417 537 4486 occidunt,
556 4420 585 4473 et
600 4421 684 4474 aucta
707 4420 874 4473 senescunt.
891 4416 926 4471 bt
979 4433 1081 4473 ramus
1099 4433 1104 4471 :
1122 4416 1194 4471 illud
1219 4421 1247 4471 et
1266 4419 1294 4471 te
1318 4421 1435 4474 ceteros
1461 4417 1511 4489 qui
1536 4416 1637 4472 lecturi
1662 4421 1733 4472 sunt
1755 4417 1805 4474 de-

102 4509 191 4567 alibi:
207 4509 285 4566 Nihil
301 4513 346 4565 est
361 4508 440 4564 onim
460 4524 545 4580 opere
560 4511 588 4563 ct
604 4524 693 4563 manu
711 4506 830 4577 luctum,
847 4506 924 4578 quod
979 4511 1140 4578 precantes,
1158 4498 1261 4562 utnon
1287 4505 1361 4562 vires
1382 4510 1508 4572 nostrae,
1526 4508 1575 4563 sed
1592 4511 1691 4563 votum
1707 4507 1806 4563 cousi·

101 4616 160 4658 uon
176 4599 510 4656 condeiatetconsumat
521 4600 661 4654 vetustas.
672 4596 742 4660 Quis
753 4596 882 4651 eraderet
893 4598 925 4650 ut
978 4596 1089 4665 dorent,
1107 4612 1232 4668 quorum
1249 4593 1373 4650 alterum
1391 4595 1557 4668 tragilitatis
1572 4595 1718 4664 humana,
1736 4596 1805 4652 alte·

99 4689 190 4747 totius
205 4688 285 4745 orbis
299 4690 447 4743 exstructa
461 4686 590 4742 victoriis
611 4687 703 4741 Roma
717 4688 874 4751 corrueret,
893 4688 924 4738 ut
979 4701 1043 4739 rum
1062 4688 1169 4739 sancta
1185 4687 1229 4739 ost
1242 4683 1273 4739 in
1289 4683 1412 4739 Domino
1428 4683 1596 4739 volrrutatis.

99 4779 164 4850 ipss
178 4777 241 4834 suis
256 4775 373 4849 populis
388 4781 417 4831 et
432 4779 527 4830 mater
543 4775 624 4830 fieret
638 4779 666 4829 et
681 4772 850 4846 sepulcrum
869 4790 874 4829 :
892 4779 924 4829 ut
1013 4772 1060 4828 81
1079 4772 1160 4845 (Cap.
1177 4771 1249 4828 Vlll.
1266 4803 1299 4812 -
1314 4772 1397 4828 Vers.
1415 4773 1452 4843 1.)
1463 4775 1496 4828 st
1508 4774 1613 4843 serlum
1627 4781 1665 4829 ost
1681 4776 1711 4828 in
1726 4791 1804 4832 anno

98 4868 160 4922 tota
174 4864 310 4932 Orientis,
325 4864 450 4937 AEgypti,
467 4862 569 4918 Alricoe
586 4860 683 4917 littora
705 4861 773 4916 olim
790 4860 922 4917 domina·
976 4870 1061 4928 scuto,
1078 4862 1108 4916 in
1122 4863 1197 4916 sexto
1212 4877 1311 4928 monac,
1329 4863 1359 4916 in
1374 4864 1470 4932 quinto
1485 4864 1597 4929 nitereris,
1613 4879 1658 4934 eqo
1672 4863 1803 4919 sedebam

97 4952 179 5010 tricis
194 4953 287 5020 urbis,
304 4969 455 5009 servorum
471 4955 499 5007 ct
511 4948 684 5005 ancillarum
701 4966 822 5006 numero
842 4966 921 5006 com·
976 4951 1006 5005 in
1018 4950 1095 5005 domo
1107 4966 1178 5016 risco,
1188 4954 1214 5005 rt
1229 4967 1307 5007 senes
1320 4951 1523 5007 Juduudrtunt
1533 4968 1626 5007 corum
1635 4969 1685 5008 me.
1695 4953 1802 5016 Quinto

97 5040 271 5115 plorantur:
292 5045 326 5096 ut
352 5039 483 5113 quotidie
509 5042 612 5095 sancta
634 5037 793 5109 bethleem,
810 5039 960 5110 nobiles1)
976 5055 1051 5094 anno
1078 5038 1347 5112 transmigrationis
1370 5040 1528 5109 techonia,
1555 5046 1659 5113 quarto
1689 5059 1802 5109 mense,

97 5130 246 5204 quondam
266 5129 420 5202 utriusque
435 5144 533 5197 sexus,
549 5131 637 5199 atque
652 5127 790 5184 omnibus
813 5128 921 5184 divitiis
976 5126 1209 5200 quintamensis‚
1220 5129 1402 5200 superiorem
1413 5129 1554 5185 visionem
1565 5130 1670 5186 lactum
1682 5130 1718 5186 ad
1732 5148 1801 5203 pro-

98 5215 773 5292 affluentes,susciparetmendicantesitiuibus
784 5217 922 5290 quoniam
978 5216 1095 5288 phetam
1110 5215 1220 5289 legimu
1230 5234 1254 5273 s.
1269 5219 1332 5273 llaec
1346 5223 1444 5274 autam
1460 5235 1549 5290 quum
1565 5236 1643 5275 nune
1658 5236 1803 5292 exponere

98 5324 182 5382 opem
194 5309 336 5366 terrenou
348 5324 517 5379 possumus,
529 5306 729 5374 condolemus,
740 5305 922 5379 otlacrymas
976 5304 1123 5375 volumus,
1140 5309 1220 5361 sexto
1241 5323 1318 5362 anno
1342 5308 1473 5379 ejusdem
1490 5308 1576 5381 regis,
1593 5312 1673 5365 sexto
1689 5325 1801 5377 mense,

29 5399 31 5402 ’
97 5395 235 5470 lucrymis
252 5397 408 5470 jungimus
422 5396 614 5468 occupatique
639 5397 730 5452 sancti
749 5395 843 5467 operis
859 5412 921 5452 sar·
976 5393 1079 5467 quinta
1091 5395 1201 5451 mensis
1214 5394 1289 5450 iacta
1301 5396 1802 5469 memoratunlixquoperspicuum

97 5485 173 5551 cina,
190 5485 260 5541 dum
277 5487 341 5542 sinc
351 5484 463 5559 gemitu
478 5483 658 5542 continentes
668 5485 764 5541 videre
779 5501 836 5540 non
848 5483 920 5556 psti-
974 5489 1019 5540 est
1025 5488 1091 5556 post
1099 5500 1210 5539 annum
1219 5484 1329 5539 etduos
1341 5485 1523 5542 menseshaen
1533 5486 1609 5542 facta
1620 5488 1803 5560 quaescripta

96 5589 173 5646 mur,
190 5574 406 5648 explanationes
422 5573 452 5630 in
469 5571 609 5647 Ezechiel,
625 5577 654 5631 et
668 5590 742 5648 pene
754 5589 841 5633 omue
856 5576 919 5632 stu·
973 5576 1091 5648 suntet
1102 5572 1146 5633 vel
1157 5572 1357 5632 intermissam
1369 5590 1420 5650 per
1434 5591 1544 5635 annum
1557 5579 1585 5633 et
1596 5574 1671 5635 duos
1682 5592 1801 5646 meuses
