3818 6104
110 304 195 378 libb
526 310 901 383 coubeurtuletttttt
924 309 964 378 lli
986 312 1102 383 teuit
1121 312 1250 383 bleba.
1273 315 1358 383 Glll’.
1379 307 1407 384 lt
1739 311 1822 385 lm

109 446 611 524 Dominaeinsalutemeornmqucs
619 451 744 527 zelatur:
755 454 866 522 atquae
874 463 933 506 nun
947 450 976 518 Α
991 456 1123 510 centem:
1141 469 1207 510 oum
1223 452 1311 510 etiam
1326 451 1378 526 qni
1390 450 1516 511 nimiam
1530 448 1588 511 eibi
1597 450 1817 527 applaudetee·

109 538 206 610 potuit
224 540 288 609 eius
312 555 427 596 servare
456 538 621 608 clementia,
650 544 743 596 servet
777 537 936 595 emulatio.
991 543 1114 613 argutus
1130 541 1227 609 luerit,
1245 542 1322 614 quod
1336 559 1394 599 non
1408 541 1650 616 meritoproprio,
1664 543 1716 600 sed
1727 541 1819 602 misc·

108 627 192 685 Unde
208 633 237 685 et
251 629 287 684 ad
302 627 478 698 Jerusalem,
500 646 564 702 que
579 632 698 702 propter
713 633 832 701 peceata
846 627 937 686 nimia
990 628 1116 686 ricordia
1141 630 1190 686 Dei
1218 630 1257 687 eit
1280 630 1421 688 salvatus.
1451 632 1531 688 Licet
1545 632 1623 688 enim
1639 631 1735 688 dicat:
1751 633 1818 691 lices

107 716 306 773 visitationem
319 716 373 773 zeli
390 722 419 773 et
434 718 541 774 luroris
557 718 621 790 ejus
638 734 695 775 aon
711 717 888 784 merebatur,
905 717 935 773 in
990 735 1037 789 epo
1050 727 1087 775 tot
1097 720 1278 776 concammio
1289 721 1352 786 titi,
1363 724 1818 794 etnnmqurmpraecepmmtoom

108 804 256 861 Ezechiele
266 804 504 878 loquitnrDeus:
520 807 600 863 Zetus
614 823 690 863 meae
701 807 739 879 (α)
750 808 861 862 recessit
871 822 889 861 c
899 812 934 874 te,
990 810 1132 880 preterini
1146 811 1222 880 (Lac.
1239 826 1285 875 xv,
1301 809 1348 880 29)
1369 826 1375 864 :
1392 813 1491 866 tamen
1507 809 1646 882 quoniam
1661 809 1819 868 bonusest

106 898 134 950 et
147 910 204 950 non
219 896 326 950 irascar
340 896 416 951 ultro
430 896 483 951 titi
497 895 604 968 (deecit.
620 913 679 963 xvc,
706 896 762 967 tt).
789 894 935 959 Quamdiu
990 897 1132 954 Dominus
1143 898 1291 967 omnibus,
1305 902 1333 954 et
1344 897 1551 956 misericordie
1562 898 1643 955 illius
1655 915 1817 972 superom-

107 982 209 1056 itaqne
223 984 328 1056 agebat
343 984 543 1056 paenitentiam
560 984 701 1057 mundns,
718 982 934 1041 consummatio
990 986 1039 1042 uin
1055 1003 1142 1059 opera
1156 989 1220 1060 ejus
1235 988 1291 1059 (Pa.
1309 1004 1372 1055 cxc,
1388 987 1426 1059 6),
1452 993 1481 1044 et
1496 1003 1599 1044 omnes
1613 992 1816 1061 peccavsmnt,

108 1071 191 1128 illius
220 1089 278 1128 nou
309 1072 422 1128 tiebat:
449 1077 604 1146 postquam
632 1090 710 1140 vero,
741 1071 935 1145 multiplicata
988 1079 1017 1131 et
1031 1076 1164 1149 indigent
1178 1076 1270 1149 gloria
1286 1076 1335 1133 Dei
1352 1075 1439 1149 (Rom.
1457 1094 1498 1146 ιιι,
1512 1076 1816 1150 23),justitlcetusab

104 1161 271 1234 iniquitate,
309 1161 421 1217 retrixit
458 1161 587 1218 charitas
621 1162 793 1229 multorum,
828 1161 869 1216 ita
900 1165 935 1217 ut
989 1180 1022 1221 eo
1037 1165 1128 1237 gratis
1163 1166 1282 1221 audiet:
1302 1167 1453 1222 Anacutas
1476 1170 1540 1222 tuns
1553 1168 1816 1239 neqaamest,qcic

104 1252 255 1306 tententur
268 1249 356 1306 etiam
372 1249 455 1305 electi
471 1250 521 1306 Dei
536 1269 542 1306 :
564 1254 634 1306 tuuc
660 1249 768 1307 zelator
790 1249 933 1307 Dominus
988 1269 1037 1325 epo
1053 1254 1137 1310 baem
1152 1271 1214 1310 earn
1228 1254 1331 1326 (tarn.
1348 1272 1396 1322 xx,
1413 1255 1457 1326 15)
1472 1257 1592 1327 ibique
1606 1254 1721 1322 itatlet,
1736 1258 1770 1313 ut
1783 1253 1815 1314 ia

103 1339 182 1396 venit
205 1339 235 1393 in
258 1338 400 1395 ultionem
417 1356 424 1394 ι
450 1355 509 1396 ιιοιι
525 1340 602 1412 quud
619 1339 682 1411 ipsc
698 1339 737 1396 sit
751 1339 891 1396 inimicus
906 1343 935 1394 et
988 1358 1022 1398 eo
1037 1343 1101 1416 ipso
1117 1344 1194 1415 quod
1210 1343 1308 1416 arguit
1321 1346 1350 1399 et
1365 1343 1501 1417 ignoscit,
1528 1343 1644 1400 nullum
1658 1343 1814 1403 innoxium

106 1427 195 1497 ultor,
203 1428 281 1500 quod
293 1427 329 1483 de
337 1426 453 1484 diabolo
464 1427 588 1496 dicitur3
600 1430 651 1484 sed
660 1429 738 1500 quod
750 1427 870 1484 inimica
878 1427 931 1500 [lt.
988 1431 1068 1488 abire
1088 1431 1226 1504 patiatur.

104 1516 210 1589 amica]
225 1517 264 1572 sit
278 1518 343 1588 ejus
359 1514 443 1583 ultio,
459 1521 487 1573 et
501 1516 586 1589 quasi
607 1517 695 1589 ignis,
712 1516 803 1590 ligna,
819 1517 932 1584 fenum,
1024 1522 1117 1592 (Vere.
1133 1521 1174 1592 3.)
1190 1523 1325 1578 Dominus
1339 1522 1369 1576 in
1383 1524 1577 1594 tempestatem
1587 1522 1815 1584 intartinevitoe

104 1605 306 1679 stipulamque
318 1610 484 1672 consumat,
495 1610 528 1662 ut
542 1622 649 1678 purum
661 1622 767 1662 aurum
782 1608 932 1662 remancat
986 1610 1055 1681 ejus,
1072 1609 1220 1667 deciate
1236 1610 1336 1682 pulvis*
1349 1609 1448 1682 pedum
1470 1612 1538 1683 eius.
1561 1610 1616 1668 Pro
1641 1614 1815 1684 tempestate

104 1700 132 1751 et
147 1698 301 1768 argentum
319 1694 426 1766 (aaut.
441 1695 530 1766 xxiv).
986 1701 1015 1754 et
1028 1698 1154 1764 turbine,
1170 1701 1433 1755 consummationem
1446 1699 1486 1769 (ct)
1501 1703 1527 1755 et
1540 1702 1748 1757 commotionem
1761 1703 1811 1759 Se·

141 1784 260 1840 Ubicens
282 1783 427 1850 Dominus,
443 1791 469 1838 et
493 1784 594 1840 babens
617 1786 739 1854 furorem
757 1800 764 1839 ι
795 1786 931 1844 Ulciscens
946 1818 972 1884 B
986 1786 1140 1860 ptuaginta
1154 1785 1386 1843 transtulerunt:
1403 1787 1471 1844 licet
1484 1786 1515 1842 iu
1531 1804 1564 1844 eo
1579 1788 1630 1843 ubi
1644 1804 1697 1844 nas
1709 1788 1811 1862 posui·

101 1873 235 1929 Dominae
249 1874 279 1927 in
294 1873 381 1928 tertre
395 1888 468 1939 suos,
485 1876 512 1928 et
525 1875 648 1928 irascens
662 1875 720 1945 ipse
729 1874 852 1930 inimicis
862 1877 930 1933 suia.
987 1892 1065 1943 mus,
1080 1877 1112 1931 in
1126 1882 1289 1947 tempestate,
1305 1880 1335 1931 et
1349 1876 1379 1931 in
1395 1876 1514 1932 Hebraeo
1529 1875 1669 1932 scribitur
1683 1893 1816 1935 murus

102 1960 192 2018 LXX:
210 1960 346 2018 litatorem
360 1962 492 2017 Dominus
507 1977 570 2017 cunt
581 1961 682 2035 furore
698 1979 705 2018 t
731 1963 866 2020 ulciscens
879 1967 932 2022 lto-
986 1965 1092 2036 (elba),
1108 1967 1139 2020 in
1154 1965 1334 2021 commotione
1348 1980 1467 2036 quoque
1480 1965 1576 2037 possit
1593 1964 1727 2039 intelligi.
1753 1965 1815 2023 ilco

101 2051 195 2106 minue
207 2052 237 2106 in
248 2048 419 2105 aduersarios
430 2054 535 2118 aconei
545 2051 643 2106 tollens
653 2052 712 2123 ipae
721 2052 846 2109 inimicos
858 2070 929 2112 scos.
986 2057 1084 2109 entem
1099 2052 1255 2126 siguificat,
1272 2053 1349 2125 quod
1366 2053 1396 2107 in
1412 2053 1470 2108 stne
1484 2052 1588 2109 muudi
1600 2053 1737 2110 universa
1749 2069 1812 2113 mc·

100 2140 268 2196 Secundum
281 2143 435 2210 utramque
447 2136 682 2212 intelligentiam,
696 2130 932 2215 quia‘diligitlto·
984 2147 1117 2209 veantur,
1137 2142 1223 2212 juxta
1237 2139 1310 2197 illud
1327 2141 1404 2214 quod
1422 2140 1566 2214 scriptum
1581 2145 1628 2199 est
1641 2142 1671 2198 iu
1685 2145 1811 2216 Aggeot

101 2226 205 2284 minus
220 2243 306 2300 quem
322 2227 443 2298 corripit
457 2231 551 2296 (Pron.
568 2227 621 2299 ιιι),
635 2231 664 2284 et
676 2228 800 2301 castigat
813 2247 930 2287 omnem
984 2230 1078 2286 Adice
1090 2231 1172 2287 semei
1188 2239 1214 2287 et
1229 2246 1277 2302 epo
1290 2230 1399 2287 mevebc
1413 2231 1511 2286 coelam
1524 2239 1550 2287 et
1563 2239 1679 2300 terram,
1692 2247 1771 2288 mare
1785 2234 1813 2288 et

101 2315 197 2373 illium
214 2332 301 2389 quem
318 2317 431 2389 recipit,
447 2315 512 2372 idco
528 2315 678 2383 irascitur,
694 2320 726 2372 ut
739 2318 817 2389 quod
830 2320 929 2376 adver·
984 2319 1092 2375 aridum
1107 2320 1225 2390 (tepet,
1242 2337 1272 2390 ιι,
1288 2320 1316 2392 7)
1335 2337 1341 2374 :
1357 2323 1468 2375 etcum
1485 2319 1595 2375 l'uerint
1609 2323 1715 2377 cuncte
1729 2336 1810 2377 coma

98 2405 214 2463 samum
225 2409 252 2460 et
262 2403 415 2460 inimicum
426 2404 483 2460 sibi
492 2404 637 2472 esttollat‚
646 2404 931 2479 etbostibuslrtttol-
984 2413 1065 2464 mota
1074 2408 1119 2481 (ut
1129 2408 1248 2464 credant
1261 2407 1312 2462 viae
1322 2405 1508 2480 Domini‚qui
1520 2408 1548 2463 iu
1561 2406 1807 2481 Evangeliodicit:

99 2495 142 2551 lat
156 2510 192 2551 ex
206 2493 363 2566 hostibuel,
389 2498 418 2550 et
441 2493 599 2550 contrariis
624 2493 853 2566 cogitationibus
868 2496 929 2553 lra-
984 2498 1037 2569 Epo
1061 2513 1120 2551 sam
1143 2497 1199 2563 vic,
1224 2505 1251 2552 et
1275 2499 1341 2564 vita,
1365 2501 1391 2553 et
1414 2496 1756 2569 ceritaallocn.x1v‚tl);
1780 2500 1811 2555 et

98 2582 167 2656 ctis,
183 2582 430 2655 sermonibusque
446 2582 582 2649 sublatis,
595 2582 625 2638 in
641 2583 795 2654 antiquum
808 2586 930 2641 redeant
982 2586 1075 2656 (Marc.
1091 2589 1142 2654 vu)
1155 2602 1161 2640 ι
1173 2584 1247 2641 Cum
1257 2585 1369 2642 venerit
1379 2585 1469 2641 l'ilius
1479 2584 1609 2641 bominis
1620 2585 1650 2641 in
1663 2585 1807 2657 nubibus,

98 2675 223 2729 statum.
233 2670 362 2742 Denique
374 2671 404 2727 in
415 2671 664 2743 consequentibns
675 2671 728 2727 ait:
741 2672 872 2728 Dominus
881 2690 929 2744 ro·
965 2675 968 2681 ’
983 2674 1092 2746 quibus
1107 2674 1265 2729 mandatur
1279 2674 1309 2729 in
1326 2674 1402 2729 isaia
1416 2674 1492 2746 (Cap.
1509 2674 1550 2745 v),
1560 2690 1596 2731 ue
1607 2672 1711 2746 pluant
1720 2689 1811 2746 supet·

95 2764 182 2831 tiens,
205 2764 230 2817 et
252 2761 333 2832 tanqu
345 2760 479 2832 fortitudo
493 2764 562 2833 ejus.
580 2759 635 2816 Sed
651 2759 721 2832 quia
735 2760 825 2817 semel
839 2766 869 2818 et
883 2761 927 2819 hi·
981 2764 1096 2818 vineam
1124 2763 1259 2830 imbrem,
1285 2766 1313 2818 et
1331 2762 1367 2817 ad
1383 2778 1456 2834 quas
1472 2762 1604 2833 pervenit
1625 2761 1732 2820 veritm
1746 2761 1811 2832 Dei,

98 2849 223 2907 storiam
238 2865 381 2921 exponere
396 2849 615 2922 proposuimus,
635 2847 770 2907 inimicos
785 2854 814 2906 et
828 2852 928 2909 hostes
982 2852 1096 2908 dicente
1119 2850 1349 2924 Psalmograpbo
1371 2853 1429 2920 (Pa.
1449 2867 1533 2920 xxxv,
1552 2851 1581 2924 6)
1597 2868 1605 2908 :
1631 2852 1739 2908 Veritas
1760 2856 1810 2911 itta

99 2939 153 2996 Dei
169 2937 369 3012 intelligamus
383 2939 528 3011 Assyrios,
541 2939 570 2993 in
586 2954 659 3011 quos
670 2954 739 2994 cnm
749 2939 799 2995 diu
811 2940 927 3012 patiens
982 2940 1114 3013 usquead
1128 2940 1236 3010 nubes),
1251 2943 1322 2995 tuna
1337 2939 1424 2995 etiam
1440 2939 1509 3011 ipse
1525 2940 1629 3010 nubes,
1645 2939 1724 2998 588
1740 2945 1808 2998 Pro·

101 3027 199 3097 inerit,
224 3032 325 3102 postea
346 3043 414 3083 cum
438 3026 535 3083 lurore
552 3032 580 3083 et
595 3026 749 3084 iracundia
775 3027 854 3084 ultor
867 3029 925 3086 exi·
981 3029 1074 3102 pheta
1089 3027 1234 3098 uidelicet,
1250 3027 1421 3100 animeque
1435 3031 1618 3099 sanctorum,
1644 3045 1709 3102 que
1724 3029 1809 3102 prius

101 3119 169 3174 stet.
981 3117 1187 3190 conjunctione
1198 3115 1295 3173 carnis
1306 3116 1422 3173 luerent
1436 3121 1633 3190 pregravate,
1648 3115 1765 3175 elevate
1777 3117 1809 3176 in

135 3204 228 3278 (Vera.
249 3206 290 3277 2.)
312 3206 444 3261 Dominae
459 3205 565 3275 patiens
580 3211 606 3260 et
618 3221 735 3275 mopnus
751 3205 925 3276 tortitudine,
940 3185 962 3254 C
981 3207 1118 3272 sublime,
1129 3206 1272 3262 tenuioris
1282 3206 1453 3263 substantie
1466 3207 1547 3276 lient,
1559 3209 1587 3263 et
1599 3207 1628 3262 in
1639 3204 1808 3266 scabellum

94 3301 123 3350 et
138 3292 288 3360 mandans,
302 3309 359 3349 non
373 3294 457 3365 [amet
470 3294 651 3348 innocentem.
664 3293 745 3356 Quod
757 3293 926 3367 significan·
980 3297 1087 3368 pedum
1105 3295 1153 3351 Dei
1171 3294 1304 3359 redacta,
1330 3295 1360 3350 in
1384 3295 1524 3350 extremis
1548 3295 1716 3368 quibusque
1729 3295 1808 3354 inter

92 3383 157 3441 tius
166 3381 198 3449 in
213 3382 310 3439 Graeco
324 3381 449 3438 dicitur:
466 3380 511 3434 nat
523 3381 562 3453 (tl
574 3379 661 3433 ἀθοῶν
675 3379 724 3434 οὐκ
735 3380 855 3435 aeaeae
867 3382 924 3454 [ΑΙ.
981 3384 1101 3456 angelos
1111 3383 1216 3438 officiis
1227 3382 1447 3438 ministrabunt.
1461 3381 1561 3437 Priora
1571 3383 1680 3455 quippe
1689 3386 1718 3439 et
1728 3383 1806 3440 antl-

92 3469 141 3526 καὶ
152 3470 248 3525 tenet
260 3468 310 3524 οὐκ
320 3469 506 3542 &iodrum
518 3473 562 3526 est
573 3486 679 3525 sensus
689 3487 695 3525 :
707 3470 782 3526 w
798 3472 848 3525 ltin
859 3471 924 3543 qni·
980 3489 1039 3544 qua
1054 3488 1118 3543 quae
1133 3471 1170 3525 ad
1195 3473 1283 3541 caput
1297 3472 1453 3541 pertinent,
1480 3485 1567 3525 nesae
1581 3485 1639 3525 non
1654 3472 1803 3542 poterunt.

94 3562 170 3618 dem
188 3559 305 3617 sceleris
319 3558 503 3633 Assyriorum
520 3557 635 3630 patiens
650 3557 715 3625 luit,
731 3563 760 3613 et
776 3559 926 3632 magnani-
980 3558 1061 3615 Alius
1076 3576 1142 3614 vero
1167 3558 1260 3613 nubes
1283 3558 1313 3613 in
1337 3557 1513 3613 contrariam
1537 3561 1650 3630 partem
1669 3548 1807 3632 accipiet,

97 3648 214 3706 mitatis
226 3666 286 3706 sua
297 3647 468 3705 tortitudine
478 3645 647 3718 iniquitates
659 3661 759 3701 eorum
771 3646 924 3720 sustinuit,
979 3647 1056 3719 quod
1072 3663 1188 3720 semper
1203 3662 1306 3701 serena
1330 3645 1516 3713 conturbent,
1540 3648 1569 3700 et
1594 3644 1706 3701 clarum
1731 3644 1804 3704 solis

97 3754 263 3812 provocans
273 3753 323 3793 eos
334 3738 371 3793 ad
383 3735 599 3809 paenitentiam
611 3734 661 3790 sed
673 3735 751 3806 qnia,
759 3739 926 3808 contempta
978 3734 1187 3806 stellarumque
1196 3733 1295 3789 lumen
1303 3731 1486 3805 suacaligine
1496 3732 1803 3809 nitanturproetexere,

95 3827 227 3885 bonitate
238 3826 299 3895 Dei,
310 3827 474 3882 secundum
486 3841 535 3880 cor
545 3824 584 3879 im
590 3823 732 3897 poenitens
744 3823 924 3880 thesauriza·
979 3831 1007 3881 et
1022 3823 1099 3897 qnod
1116 3824 1252 3894 subjecta
1269 3827 1370 3893 postea
1380 3820 1533 3878 dominicae
1543 3820 1682 3895 potestati
1692 3822 1723 3879 in
1733 3821 1802 3896 pul-

95 3919 205 3975 verunt
218 3914 275 3972 sibi
291 3915 364 3971 iram
381 3914 410 3970 iu
427 3913 474 3969 die
488 3914 536 3969 irae
553 3913 639 3986 (llorn.
656 3911 699 3984 ιι),
725 3913 858 3984 quiante
873 3930 924 3986 pa·
978 3911 1262 3985 veremredigantur
1274 3914 1302 3967 et
1318 3911 1347 3967 iu
1362 3909 1499 3978 nibilum,
1515 3914 1545 3967 et
1557 3914 1636 3967 terra
1645 3910 1676 3967 in
1685 3910 1728 3969 eis
1738 3927 1803 3985 que

93 4006 175 4063 tiens
198 4004 263 4070 luit,
290 4019 479 4077 nequaquam
505 4018 555 4059 eos
578 4005 730 4073 tamquam
754 4002 881 4058 mundos
896 4006 925 4058 et
978 4002 1096 4077 pinguis
1112 4005 1166 4068 est,
1183 4000 1370 4057 dissolvatur.

91 4096 267 4152 innocentes
281 4092 393 4150 inultos
403 4091 484 4149 abire
494 4091 631 4164 patietur.
645 4089 695 4146 Vel
708 4094 784 4146 certe
793 4089 834 4146 ita
844 4092 925 4163 (quo-
1014 4090 1107 4163 (Vere.
1129 4090 1168 4161 l.)
1192 4089 1339 4161 lnerepona
1362 4104 1450 4157 mare,
1475 4095 1500 4145 et
1523 4089 1664 4145 exsiccant
1687 4087 1758 4145 iilud
1778 4090 1806 4146 et

94 4183 180 4241 niam
189 4182 220 4238 iu
231 4183 339 4238 bouem
351 4187 464 4255 partem
476 4178 563 4237 simul
574 4178 850 4252 volumusaccipere
859 4197 923 4251 que
978 4182 1074 4238 omnia
1083 4181 1202 4250 {lumina
1211 4178 1246 4234 ad
1257 4179 1393 4234 desertum
1402 4177 1561 4251 perduceris.
1574 4178 1664 4234 Juxta
1675 4175 1807 4237 litteram

95 4273 248 4340 dicuntur)
264 4272 378 4343 patiens
394 4276 439 4327 est
452 4268 503 4342 qui
519 4270 667 4324 sustentat
680 4284 783 4324 omnes
794 4272 923 4339 ruentes,
980 4269 1029 4326 Del
1045 4267 1174 4343 potentia
1189 4267 1377 4339 describitur,
1401 4267 1452 4341 qui
1477 4266 1680 4323 vindicaturus
1702 4270 1748 4324 eet
1770 4266 1807 4325 de

93 4368 123 4419 et
146 4360 231 4435 erigit
254 4360 343 4417 elisos
367 4360 420 4432 [m.
438 4358 547 4427 allisos]
570 4357 627 4429 (Pr.
644 4356 756 4427 ιιιιιιι);
773 4356 823 4429 qui
839 4362 925 4414 sanat
979 4357 1154 4415 adversariis
1170 4355 1319 4425 lsraelem,
1336 4357 1412 4429 quod
1430 4372 1488 4411 non
1503 4354 1614 4430 grande
1629 4353 1669 4410 sit
1682 4354 1708 4410 ei
1719 4357 1805 4430 Assy·

94 4448 254 4507 tribulatos
281 4449 377 4517 corde,
404 4451 433 4503 et
456 4446 558 4520 alligat
584 4443 771 4501 contritiones
797 4462 922 4516 eornm;
979 4448 1039 4504 rios
1053 4448 1213 4514 destruere,
1230 4445 1315 4517 cujus
1332 4444 1496 4517 majestatis
1511 4441 1647 4499 citetiam
1661 4442 1806 4502 elementa

93 4543 124 4596 et
140 4554 249 4611 magna
263 4537 358 4593 virtus
374 4538 449 4608 ejus,
474 4534 591 4592 solvens
607 4532 790 4589 inimicitiam
808 4533 855 4606 [tt
870 4535 924 4591 ini·
941 4552 965 4619 D
982 4539 1105 4593 mutare.
1128 4533 1179 4590 Vel
1203 4539 1279 4589 certe
1302 4532 1372 4606 quin
1395 4531 1486 4589 semel
1502 4532 1538 4588 de
1552 4530 1806 4588 consummatione

94 4627 239 4699 micitias]
250 4626 282 4682 iu
296 4642 392 4698 carne,
406 4630 435 4681 et
445 4627 482 4695 (c)
493 4627 647 4680 nocentem
657 4639 715 4678 non
728 4622 836 4679 iaciens
847 4623 929 4680 iuno·
983 4623 1086 4680 mundi
1101 4639 1166 4679 esse
1180 4620 1309 4677 diximus
1322 4620 1517 4695 prophetiam,
1527 4622 1555 4676 et
1565 4617 1620 4674 hoc
1632 4615 1805 4691 simpliciter

134 4788 164 4859 (ιι
190 4786 366 4849 Abrececmt,
381 4784 631 4854 etrecedet,juxta
640 4783 730 4839 Grec.
743 4780 925 4858 ἐξαρθήσεται.
981 4789 1044 4839 )ιιιιι
1062 4783 1150 4837 etiam
1167 4781 1245 4852 quod
1266 4784 1451 4862 coarguatur,
1476 4783 1506 4835 et
1530 4780 1643 4835 veniam
1669 4775 1803 4851 accipiet.

135 4787 175 4931 (ὁ)
191 4859 378 4916 contendunt
393 4856 444 4913 alii
464 4855 620 4930 legendum
646 4853 744 4921 ἀθῶον,
768 4871 832 4927 quae
854 4855 927 4912 scri-
982 4854 1129 4910 Consonat
1145 4852 1214 4907 huic
1229 4851 1328 4906 sensui
1344 4850 1427 4918 rllud,
1452 4850 1529 4923 quod
1550 4851 1690 4907 scribitur
1712 4849 1803 4907 Excd.

99 4935 187 5005 ptura
213 4946 280 4986 cum
304 4928 482 4985 editionibus
507 4927 585 4991 Lxx,
610 4932 673 4981 tum
699 4925 928 5000 Hieronymiane
982 4942 1076 4996 xxxiv,
1104 4924 1257 4995 Nullusque
1271 4922 1383 4993 operite
1396 4939 1446 4994 per
1458 4939 1487 4978 ae
1501 4924 1630 4978 innocens
1650 4926 1701 4979 est.
1727 4920 1805 5006 Quin

99 5001 195 5059 menti
210 5000 387 5058 conformior
400 4999 544 5069 videatur,
561 4997 668 5054 Verum
694 4995 787 5050 atam
813 5002 929 5054 servant
982 4997 1070 5052 etiam
1087 4995 1142 5051 hoc
1158 5011 1275 5066 quoque
1294 4994 1371 5065 quod
1395 4994 1598 5077 exponendum
1622 4997 1804 5066 proponitur,

100 5090 159 5130 ms.
174 5071 400 5130 Alexandrinus.
427 5069 633 5135 Theodoritus,
660 5072 689 5124 ct
703 5069 793 5124 codex
807 5069 928 5142 qnidam
982 5073 1007 5124 et
1022 5066 1158 5123 mundans
1173 5081 1230 5121 non
1242 5067 1329 5138 [umet
1338 5065 1523 5133 innocentem,
1535 5063 1657 5135 scilicet,
1667 5064 1804 5121 innocen·

100 5143 215 5219 Regius
243 5143 297 5199 229
325 5159 413 5216 quem
444 5141 545 5197 laudat
572 5138 741 5196 cotelerius.
774 5140 928 5213 'l'beophy-
983 5145 1028 5195 tes
1040 5138 1120 5211 ipsos
1135 5141 1284 5211 coarguet,
1303 5137 1379 5209 quod
1396 5150 1453 5191 non
1470 5137 1533 5192 suis
1546 5134 1671 5203 viribus,
1687 5135 1738 5192 sed
1753 5131 1806 5192 bet

99 5217 199 5274 lectus
218 5219 317 5272 autem
332 5219 488 5284 utramque
504 5211 657 5268 lectionem
681 5213 818 5283 proponit
841 5219 929 5284 atque
982 5209 1181 5267 misericordia
1198 5206 1357 5264 salventur.
1371 5207 1512 5263 Ceterum
1529 5222 1596 5262 mox
1609 5214 1754 5278 mareotes
1767 5221 1806 5263 ex

101 5305 137 5346 ex
159 5286 239 5343 licat.
518 5294 524 5303 '
983 5299 1054 5339 mss.
1067 5279 1288 5344 substituimus,
1296 5295 1352 5405 pro
1368 5295 1426 5351 quo
1436 5279 1537 5335 vitiose
1547 5277 1807 5335 Martian.retiuuit

149 5358 310 5426 c)Tautum
323 5351 928 5426 mss.animumaddidissentlacilerepo·
983 5351 1217 5421 duobusverbis,
1242 5366 1295 5422 quc
1328 5353 1451 5420 crpctue.
1478 5349 1635 5421 Victorius,
1649 5349 1732 5423 qood,
1753 5365 1805 5407 vc·

101 5445 242 5493 suessam,
258 5431 285 5484 et
300 5428 481 5492 innocentem,
506 5441 558 5508 pro
582 5431 731 5480 nocentem.
759 5424 797 5479 lla
821 5426 928 5497 quippe
983 5423 1079 5481 culam
1095 5427 1210 5478 tantum
1225 5420 1385 5477 induxerat.

102 5498 271 5573 Hieronymi
282 5501 429 5567 mensest,
441 5511 588 5553 nemmem
598 5495 733 5567 quamvis
743 5493 929 5552 innocentem
1019 5496 1058 5564 (c)
1070 5494 1171 5576 Voces,
1183 5500 1209 5550 et
1220 5494 1439 5562 commotionem,
1450 5509 1513 5566 qua
1524 5494 1655 5562 deerant,
1667 5489 1806 5567 supplent

102 5572 240 5629 laturam
254 5573 322 5626 ante
336 5574 440 5636 Deum,
455 5567 651 5634 innocentem,
677 5582 744 5623 cum
772 5567 851 5638 quod
871 5584 929 5625 uon
984 5584 1055 5624 mss.
1074 5570 1177 5623 nostri.

101 5636 926 5717 meritcpropriositinnocens3sedabillcluetilioetur:
