3818 6104
106 284 188 353 1³25
481 286 853 353 couuuuutsloiwu
875 287 915 349 IN
937 287 1091 353 ABAGUG
1112 290 1187 352 hili.
1210 290 1250 354 ll.
1273 291 1360 356 CAP.
1381 292 1434 357 lll.
1729 295 1807 360 isso

107 436 179 479 nera
193 419 382 491 christorum,
397 423 426 477 et
440 424 541 493 postea
555 423 758 488 tractabimus,
783 421 930 493 quomodo
944 419 972 488 Α
986 425 1015 476 et
1030 437 1145 493 semper
1158 423 1222 495 ejus
1237 428 1360 497 augetur
1373 424 1472 481 unctio
1487 424 1540 496 [rit
1557 429 1765 498 unguentum,
1779 431 1809 484 st

105 508 929 584 egressussitDominusinsalutemchristorumsuorum.
975 509 1020 575 ,de
1050 508 1156 582 leprosi
1186 512 1249 568 oleo
1279 513 1386 586 migrat
1410 514 1446 569 ad
1473 513 1569 570 oleum
1596 513 1696 586 populi
1721 518 1808 586 atque
1893 525 1895 528 ’

105 598 212 655 Christi
227 598 258 653 in
272 599 361 655 veteri
376 601 565 656 Testamenta
578 600 751 655 dicebantur
764 603 793 655 et
807 599 929 672 patriar·
984 602 1165 667 sanctorum,
1194 606 1222 656 et
1251 601 1287 657 de
1314 601 1376 658 oleo
1400 601 1500 675 populi
1524 605 1560 658 ad
1585 601 1681 658 oleum
1707 618 1807 674 perve-

104 687 179 758 ohae,
194 687 231 744 de
246 688 354 760 quibus
370 689 571 761 scriptumest
585 689 615 744 in
631 688 774 746 Psalmis:
792 688 931 760 Corripuit
984 686 1028 741 uit
1056 688 1250 760 sacerdotum,
1285 694 1314 746 et
1346 707 1363 745 a
1394 690 1594 747 sacerdotibus
1626 689 1808 747 transcendit

102 792 183 847 repes
196 791 245 847 pro
260 777 300 832 eis
313 794 322 831 :
336 778 421 834 notite
433 781 550 851 torpere
562 777 680 834 cbristus
695 793 777 848 meos,
791 786 816 834 et
827 779 857 832 iu
865 793 929 850 pro·
984 774 1020 830 ad
1036 774 1164 831 chrisma
1180 777 1335 848 pontificis,
1361 795 1378 834 a
1401 779 1538 851 pontifice
1562 795 1678 851 quoque
1702 780 1739 835 ad
1758 794 1807 836 re·

100 864 192 937 pleatis
206 867 274 921 mers
296 866 548 935 nolitemctipuuri
571 867 628 936 (Pa.
646 883 700 933 civ,
719 867 762 933 ll,
780 865 836 937 15.)
851 867 884 921 lit
898 864 929 920 in
983 879 1060 936 gom,
1086 881 1103 919 a
1127 881 1194 937 rege
1218 866 1256 938 (α)
1281 866 1317 922 ad
1345 867 1536 939 patriarchas,
1558 871 1587 923 et
1601 884 1618 922 a
1632 867 1806 940 patriarchis

101 953 199 1026 primo
215 953 456 1027 Paralipomenon
472 953 557 1021 libro,
573 954 740 1027 omnesqui
756 955 928 1028 deAEgypto
982 952 1078 1024 pergit
1106 954 1141 1008 ad
1170 953 1329 1022 Christum,
1359 960 1388 1014 et
1415 957 1536 1029 ungitur
1563 955 1625 1012 olco
1650 955 1806 1013 exultatio·

101 1042 214 1114 agressi
229 1046 299 1098 sunt
324 1042 426 1099 christi
440 1047 593 1098 vocantur.
617 1042 752 1098 Chrisma
766 1058 883 1114 quoque
898 1043 927 1098 in
982 1041 1028 1095 nis
1043 1044 1100 1109 (Ps.
1116 1059 1191 1110 xciv,
1206 1044 1244 1115 8),
1260 1060 1318 1114 quo
1333 1044 1385 1116 qui
1400 1045 1487 1100 fuerit
1506 1044 1619 1113 linitus,
1646 1062 1723 1102 unus
1738 1062 1804 1101 cum

101 1130 200 1187 Exodo
215 1132 298 1202 (Cup.
313 1132 378 1202 xxa)
392 1130 571 1187 sacerdotale
584 1130 747 1200 conficitur,
759 1147 817 1203 quo
827 1136 929 1204 postea
983 1129 1039 1185 lleo
1054 1130 1179 1186 allicitur
1194 1131 1325 1203 spiritus,
1341 1133 1433 1189 stubi
1451 1133 1533 1189 Pater
1547 1137 1576 1189 et
1590 1132 1680 1189 Filius
1695 1137 1750 1201 est,
1764 1133 1805 1188 ibi

104 1219 272 1276 sacerdotes
286 1219 317 1275 in
334 1220 458 1276 Levitico
474 1219 551 1292 (Cup.
572 1219 635 1292 viu)
656 1222 824 1276 reieruntur
839 1219 927 1277 uncti.
982 1218 1070 1274 etiam
1086 1218 1134 1275 ille
1148 1220 1212 1276 erit.
1229 1224 1337 1277 Verum
1354 1221 1409 1277 hoc
1424 1239 1523 1278 rarum
1538 1226 1592 1288 est,
1613 1226 1643 1278 et
1656 1227 1727 1278 sunt
1740 1225 1807 1278 vota

105 1307 158 1363 list
182 1313 211 1363 et
225 1306 304 1363 aliud
319 1313 504 1378 unguentum
516 1324 574 1380 quo
585 1324 668 1380 reges
678 1313 829 1382 unguntur
841 1310 870 1364 in
884 1326 928 1365 re·
982 1307 1176 1368 credentium.
1197 1313 1338 1365 Caeterum
1353 1310 1451 1366 nescio
1467 1327 1503 1366 an
1518 1313 1659 1382 sequatur
1674 1310 1803 1367 effectus.
1888 1352 1893 1357 -

99 1411 171 1468 gno,
187 1396 266 1467 quod
281 1396 312 1451 in
334 1396 392 1451 duo
415 1395 570 1452 scinditur.
596 1397 624 1451 Si
640 1396 720 1452 enim
736 1397 826 1453 David
842 1402 886 1454 est
901 1402 930 1454 et
982 1394 1094 1451 Dicitur
1118 1398 1197 1453 enim
1214 1413 1221 1453 :
1249 1400 1333 1455 linuit
1352 1408 1378 1455 te
1393 1401 1473 1469 Deus,
1489 1401 1560 1455 Deus
1574 1403 1647 1468 tuus,
1663 1400 1721 1456 oleo
1736 1400 1805 1455 teeti·

99 1481 251 1551 Salomon,
262 1484 291 1540 id
303 1489 357 1555 est,
367 1486 448 1556 sortis
458 1501 557 1550 maru,
568 1485 736 1557 etpocificus
749 1487 772 1558 (l
783 1488 847 1555 liep.
858 1488 927 1558 xvi),
982 1486 1040 1556 tiae,
1054 1500 1116 1556 pree
1129 1488 1312 1559 participibus
1328 1490 1392 1554 tuis,
1410 1489 1465 1544 hoc
1479 1492 1537 1556 est,
1552 1504 1584 1544 eo
1600 1486 1674 1558 oleo,
1686 1488 1763 1560 quod
1774 1486 1806 1543 hi

99 1587 194 1628 cornu
209 1571 339 1644 ungitur.
356 1572 385 1629 si
401 1588 467 1629 vero
481 1572 557 1628 Jehu
574 1578 602 1628 et
616 1574 700 1630 linaei
717 1578 796 1643 sunt,
810 1575 927 1647 perfun·
982 1570 1032 1642 qui
1046 1571 1088 1627 tui
1102 1572 1258 1646 participes
1273 1579 1353 1643 sunt,
1365 1579 1416 1631 aut
1428 1592 1504 1642 raro,
1517 1580 1568 1632 aut
1578 1580 1742 1647 numquam
1753 1592 1804 1648 po·

94 1661 214 1719 duntur
236 1659 375 1718 lenticula
398 1661 448 1730 (lv
473 1664 536 1733 liep.
563 1678 591 1716 ιιι
614 1666 641 1718 et
661 1666 739 1732 xix):
763 1668 928 1720 vosautem
981 1663 1082 1715 terunt
1091 1661 1271 1718 invenirem
1281 1661 1805 1735 horumigiturchristorumsalutsm

97 1748 191 1807 fictile
201 1750 242 1807 sio
253 1753 383 1818 vocatur,
394 1750 423 1805 id
434 1753 488 1818 est,
498 1748 593 1825 φακρς,
604 1751 659 1807 Sed
671 1754 700 1808 et
710 1751 812 1825 cyrus,
825 1753 926 1810 persa.
981 1761 1117 1820 egressus
1132 1753 1176 1805 cst
1189 1749 1266 1805 Deus
1281 1750 1395 1808 deloco
1410 1768 1474 1817 suo,
1491 1751 1749 1809 sicutetliiehaeas
1759 1749 1805 1807 lo-

96 1855 168 1909 rum
177 1853 227 1895 rex
236 1843 324 1910 atque
333 1839 494 1911 Medorum,
502 1839 552 1911 qui
561 1840 597 1895 de
609 1839 775 1912 captivitate
783 1841 924 1913 populum
978 1835 1079 1906 quitur
1092 1854 1098 1892 :
1115 1838 1147 1892 Et
1160 1839 1312 1908 egredietur
1322 1840 1353 1895 de
1366 1840 1423 1897 loco
1433 1857 1482 1896 suo
1493 1849 1523 1896 ut
1532 1841 1618 1897 sulcet
1628 1840 1718 1913 (liiclu
1732 1858 1751 1911 ι,
1764 1841 1802 1910 3).

95 1925 239 2001 relaxavit
249 1927 328 1999 (licet
339 1925 424 1983 multi
436 1932 542 1997 errent,
557 1932 585 1982 et
595 1927 631 1982 da
643 1927 766 1983 Domino
778 1929 925 1986 Salvatore
980 1924 1053 1991 Quia
1068 1925 1146 1981 enim
1163 1925 1193 1980 hi
1210 1927 1260 1999 qui
1276 1927 1447 2001 indigebant
1462 1929 1556 1985 salute
1570 1930 1606 1985 ed
1619 1946 1685 1985 eum
1696 1929 1806 1985 intrare

96 2014 244 2088 scriptum
254 2014 378 2090 putenti,
392 2015 473 2071 audit
483 2032 533 2086 per
545 2014 650 2071 isaiam
663 2033 670 2070 :
683 2017 748 2074 llaee
759 2016 826 2073 dicit
836 2019 926 2074 llomi-
980 2012 1147 2085 noluerunt,
1163 2014 1226 2086 ipse
1241 2029 1378 2088 egressus
1393 2021 1438 2073 est
1452 2017 1487 2074 de
1503 2018 1657 2089 maiestate
1668 2034 1723 2072 sua
1732 2017 1806 2073 etde

95 2120 152 2160 uus
167 2104 267 2160 christo
282 2120 342 2161 meo
358 2105 444 2174 Cpro,
455 2105 534 2174 cuius
549 2106 626 2160 tenui
639 2105 792 2176 dexterum,
803 2110 833 2161 ut
845 2106 925 2162 cudi-
980 2101 1043 2158 loco
1064 2119 1128 2171 suo,
1152 2107 1185 2158 ut
1207 2121 1256 2160 eos
1271 2105 1322 2177 qui
1337 2106 1409 2162 loris
1422 2110 1507 2162 erant
1521 2107 1640 2162 duceret
1653 2106 1683 2161 in
1696 2109 1805 2162 terram

96 2197 162 2250 rent
175 2209 268 2249 corum
281 2208 311 2248 eo
324 2195 415 2261 pentes
431 2192 505 2265 (lsai.
523 2209 585 2261 xcv,
604 2193 642 2263 1),
659 2198 713 2248 eto.
731 2194 767 2248 lli
780 2194 816 2250 ad
833 2198 925 2251 extre·
980 2197 1201 2247 mansuetorum
1211 2191 1818 2265 regionemqueviventium,dequaAdam·

96 2298 183 2338 mum
199 2281 325 2338 dieitur:
341 2282 378 2336 iu
392 2285 484 2337 autem
497 2297 551 2338 nou
566 2283 716 2352 reposuisti
730 2298 783 2348 me,
796 2284 874 2354 quod
890 2284 927 2339 de
980 2279 1075 2335 iuerat
1089 2279 1228 2353 expulsus
1244 2298 1251 2336 :
1268 2281 1304 2336 de
1319 2297 1378 2353 qua
1392 2297 1527 2354 egressus
1543 2281 1613 2338 Cain
1630 2279 1806 2338 inhabitavit

98 2368 248 2426 salvatore
264 2369 345 2425 nolas
360 2372 405 2425 est
418 2367 589 2441 intelligere.
602 2371 652 2426 list
663 2375 848 2442 unguentum
859 2387 925 2444 pro·
979 2367 1009 2423 in
1021 2373 1099 2424 terra
1108 2368 1180 2424 Naid
1191 2373 1267 2439 (Gen.
1283 2386 1315 2424 ιιι
1326 2373 1351 2425 el
1364 2386 1466 2437 1v,sec.
1479 2369 1570 2439 LXX).
1584 2369 1741 2426 Sciendum
1752 2384 1803 2424 au·

92 2457 263 2539 photioum,
280 2474 337 2530 quo
354 2457 521 2530 praecipitur
534 2458 613 2525 illia,
638 2465 668 2514 ut
682 2457 819 2515 Elissam
834 2464 927 2532 ungat
979 2461 1038 2513 tem
1049 2461 1081 2512 ut
1092 2473 1179 2528 supra
1191 2457 1415 2529 diximus,qucd
1427 2458 1478 2514 uhi
1489 2461 1651 2530 posueruut
1659 2457 1730 2513 LXX
1741 2455 1805 2530 plu-

97 2544 131 2602 in
146 2544 319 2618 prophetam
333 2546 383 2617 (ΙΙΙ
398 2547 462 2615 ltep.
478 2546 547 2619 xia).
572 2546 607 2602 ui
632 2563 721 2618 super
745 2549 844 2603 omnia
867 2564 924 2604 un·
979 2545 1033 2601 rati
1049 2561 1181 2610 numero,
1196 2553 1226 2600 ut
1239 2546 1361 2601 sulcares
1370 2544 1484 2601 christos
1500 2555 1571 2615 tuos,
1588 2545 1629 2601 ibi
1645 2560 1711 2602 esse
1726 2544 1803 2602 oso

97 2637 279 2707 guentorum
295 2650 413 2707 genera,
429 2637 475 2690 est
490 2639 672 2707 unguentum
685 2635 836 2707 spirituale
847 2638 925 2708 quod
979 2633 1009 2689 in
1022 2633 1160 2701 Hebraico
1170 2649 1288 2690 mansus
1300 2651 1353 2689 sna
1364 2649 1506 2691 uassricn
1518 2634 1636 2721 (quium
1649 2645 1693 2694 nrt
1703 2619 1803 2705 Phth),

95 2726 219 2779 vocatur
233 2721 330 2779 oleum
346 2722 561 2791 exsultationis,
578 2738 636 2795 quo
652 2724 772 2796 ungitur
784 2724 924 2794 Salvator,
980 2723 1056 2794 quod
1074 2721 1182 2794 Aquila
1195 2721 1358 2790 transtulit,
1373 2725 1404 2777 in
1418 2723 1537 2779 sulutem
1550 2739 1613 2779 cum
1626 2723 1732 2780 Christe
1745 2727 1803 2791 tuo,

95 2815 128 2868 st
143 2810 250 2867 dicitur
265 2812 302 2868 ad
318 2826 407 2866 eum:
432 2811 580 2882 Propterea
599 2813 683 2866 uouit
706 2819 731 2866 te
750 2812 830 2883 Deus,
854 2813 926 2869 Deus
980 2828 1038 2867 non
1053 2811 1131 2883 quod
1147 2815 1223 2868 Deus
1239 2826 1376 2882 egressus
1392 2811 1441 2880 sit,
1461 2816 1494 2867 ut
1509 2810 1635 2867 salvaret
1649 2810 1803 2884 populum,

98 2908 179 2966 tuus,
194 2900 253 2956 oleo
267 2899 458 2955 ampliationis
468 2914 530 2973 prae
537 2901 701 2971 participius
715 2902 771 2956 tuis
786 2899 843 2972 pil.
859 2902 926 2975 suis1
980 2898 1140 2955 etsalvaret
1149 2899 1297 2955 Christum
1307 2916 1411 2967 suum;
1426 2900 1476 2956 sed
1491 2900 1568 2972 quod
1580 2899 1610 2954 in
1621 2898 1745 2955 salutem
1755 2916 1805 2972 po·

99 2989 161 3062 (Po.
177 3005 252 3056 xciv,
276 2988 316 3059 8).
340 2987 500 3060 Participes
515 2992 613 3044 autem
629 3004 678 3044 eos
694 2992 776 3060 puto,
801 2989 836 3044 ad
852 3005 926 3060 quos
979 2987 1041 3060 puli
1057 2988 1166 3044 venerit
1176 3004 1242 3043 cum
1254 2988 1368 3044 Christo
1381 2989 1540 3059 suo,juxta
1552 2987 1624 3044 illud
1639 2986 1802 3062 Evangelii:

98 3076 235 3148 loquitur
255 3081 284 3132 et
303 3076 434 3133 Joannes
450 3093 457 3132 :
484 3078 515 3132 Et
539 3092 584 3133 uos
603 3081 775 3148 unquentum
789 3076 925 3134 lutetiae
980 3079 1063 3133 Pater
1077 3078 1107 3132 iu
1122 3093 1173 3143 me,
1189 3081 1216 3132 et
1230 3092 1278 3148 epo
1293 3078 1325 3131 iu
1337 3078 1442 3138 Pctre;
1456 3080 1481 3132 et
1496 3078 1580 3133 Pater
1592 3078 1622 3132 iu
1632 3093 1675 3132 me
1689 3091 1805 3132 mouens

97 3167 195 3222 saucio
208 3165 229 3238 (l
244 3166 323 3223 loon.
340 3182 372 3234 11,
387 3166 444 3236 20).
460 3166 495 3220 ut
509 3169 575 3238 post
591 3165 758 3222 modicum:
777 3167 840 3224 liaec
853 3168 924 3222 sori·
940 3143 962 3212 C
981 3167 1039 3238 ipse
1049 3167 1116 3237 lucit
1124 3181 1204 3237 opera
1213 3181 1264 3221 suu
1274 3165 1427 3237 (tcouxiv,
1436 3165 1554 3234 10).Sed
1566 3168 1594 3222 ct
1604 3165 1707 3237 quinta
1716 3163 1804 3221 editio

93 3255 146 3328 psi
158 3253 233 3310 uobis
247 3253 280 3310 de
292 3254 334 3309 liis
349 3255 399 3325 qui
411 3253 542 3309 seducunt
556 3269 621 3309 rios:
636 3258 662 3309 et
672 3254 791 3310 chrisme
801 3255 871 3327 quod
881 3271 926 3310 uc·
981 3253 1116 3309 similiter
1125 3253 1290 3310 transtulit:
1303 3255 1435 3322 Egressus
1444 3271 1472 3310 es
1481 3257 1511 3309 in
1520 3254 1637 3310 salutem
1644 3255 1742 3326 populi
1751 3255 1804 3319 tui,

91 3343 209 3420 *cepistis
223 3342 256 3397 ab
269 3358 309 3410 eo,
325 3349 435 3398 moueat
449 3344 479 3396 iu
493 3342 568 3398 uobis
580 3361 590 3397 :
606 3347 631 3398 et
640 3359 694 3398 uon
706 3358 812 3399 necesse
822 3345 928 3400 habetis
982 3344 1013 3397 iu
1026 3343 1144 3397 sulutem
1157 3359 1220 3397 cum
1235 3342 1342 3397 Christo
1358 3346 1412 3397 tuo.
1435 3341 1596 3398 Theodotio
1620 3346 1718 3398 autem
1740 3357 1807 3398 vere

96 3431 245 3503 utaliquis
254 3431 347 3487 doceat
360 3446 423 3493 uos,·
438 3430 484 3486 sed
495 3432 586 3501 ipsum
596 3431 717 3485 chrisme
728 3431 832 3487 docebit
842 3431 928 3487 oosde
982 3430 1067 3502 quasi
1082 3445 1193 3501 pauper
1207 3434 1235 3484 et
1251 3429 1394 3500 Ebionita,
1412 3430 1462 3485 sed
1474 3433 1503 3484 et
1517 3428 1712 3502 Symmachus
1727 3429 1806 3499 ejus·

96 3519 240 3587 omnibuis,
250 3529 276 3575 et
290 3535 390 3575 verum
406 3528 456 3584 est,
465 3526 492 3574 et
505 3534 560 3574 uou
574 3522 614 3574 est
627 3518 812 3587 menducium,
824 3523 850 3574 et
859 3521 928 3574 siuet
983 3517 1049 3571 dem
1065 3517 1222 3588 dogmatis,
1248 3531 1407 3587 pauperem
1423 3531 1542 3571 sensum
1567 3515 1670 3579 secuti,
1684 3514 1807 3570 iudaice

96 3624 148 3666 uos
162 3607 262 3675 docuit,
277 3613 386 3664 menete
401 3610 431 3662 iu
446 3623 476 3663 eo
493 3606 585 3678 (ibid,
600 3607 646 3672 26,
659 3607 716 3678 27).
742 3608 783 3662 Αο
805 3623 841 3662 ne
856 3607 929 3663 sorte
983 3603 1195 3660 transtulerunt
1216 3621 1223 3658 :
1243 3605 1372 3675 Epressus
1385 3619 1412 3659 es
1424 3605 1454 3659 in
1469 3604 1589 3660 sulutem
1603 3604 1698 3675 populi
1711 3604 1763 3670 tui,
1779 3609 1811 3659 ut

98 3696 153 3770 qui
168 3696 243 3753 sos
262 3695 393 3751 chrisma
406 3693 546 3767 baptismi
561 3694 764 3766 perdiderunt,
774 3694 929 3765 desperent
982 3694 1102 3749 solveres
1117 3692 1257 3747 Christum
1273 3697 1360 3746 tuum.
1381 3691 1436 3745 Et:
1454 3692 1584 3760 Egressus
1598 3707 1625 3746 es
1639 3692 1747 3746 scivere
1759 3706 1809 3763 po-

97 3785 138 3842 ds
154 3782 312 3841 chrismate
327 3782 500 3855 reparando,
517 3782 662 3853 scriptum
679 3780 768 3837 estin
785 3781 928 3838 Levitico:
981 3782 1079 3853 putum
1092 3784 1179 3847 tuum,
1194 3780 1302 3835 sulcare
1316 3779 1454 3834 Christum
1466 3783 1554 3834 tuum.
1567 3780 1638 3835 item
1650 3777 1808 3834 incredibi-

97 3871 184 3939 Quod
198 3870 331 3945 leprosus
347 3876 430 3928 extra
440 3874 538 3927 castra
547 3871 695 3941 projectus
707 3885 775 3924 cum
785 3870 821 3925 ad
832 3885 928 3925 sacer·
983 3870 1041 3926 lem
1056 3869 1188 3926 dicturus
1205 3885 1282 3936 sum,
1294 3869 1344 3924 sed
1359 3871 1458 3923 tamen
1471 3884 1579 3923 veram.
1592 3866 1643 3923 isti
1655 3865 1809 3923 semichri-

99 3962 202 4019 dotsm
211 3960 333 4028 venerit,
345 3964 374 4016 et
383 3958 568 4033 lepraipsius
583 3958 670 4014 luerit
680 3958 850 4024 emundata,
861 3957 929 4013 mit·
984 3958 1071 4016 stiani
1085 3956 1207 4014 iudaice
1219 3955 1451 4013 transtulerunt:
1469 3959 1498 4011 et
1511 3955 1630 4012 Judaeus
1644 3954 1751 4027 Aquila
1764 3955 1809 4010 in-

97 4052 146 4109 tat
161 4047 217 4106 sibi
232 4050 366 4106 sacerdos
381 4046 478 4104 oleum
493 4047 525 4103 in
541 4062 631 4102 manu
648 4045 781 4114 sinistra,
799 4050 828 4102 et
842 4045 929 4101 intin·
983 4050 1159 4119 terpretatus
1182 4049 1235 4110 est,
1262 4048 1294 4100 ut
1319 4043 1514 4100 Christianus.
1535 4044 1621 4100 Sexta
1635 4044 1723 4100 editio
1739 4061 1808 4116 pro·

52 4173 56 4187 »
98 4141 150 4196 oto
165 4136 255 4211 digito
270 4137 378 4210 septies
389 4140 525 4208 aspergat
537 4133 634 4191 oleum
645 4150 745 4190 coram
757 4135 890 4206 Domino,
902 4137 932 4191 et
985 4135 1058 4192 dens
1073 4133 1314 4190 manifestissime
1330 4133 1809 4201 sacramentum,itavertitexlie·

98 4229 208 4299 tangat
220 4226 322 4284 eodem
338 4225 401 4281 oleo
412 4221 575 4281 auriculam
585 4223 651 4294 ejus
662 4222 713 4294 qui
724 4223 858 4295 leprosus
869 4222 932 4278 iue·
985 4223 1080 4279 brac:
1098 4223 1227 4294 Epressus
1241 4237 1279 4289 es,
1295 4225 1326 4277 ut
1339 4225 1463 4278 setuores
1476 4223 1609 4294 poputum
1618 4231 1698 4278 tuum
1704 4239 1757 4294 per
1765 4223 1810 4280 Je-

99 4318 150 4372 rat
164 4318 194 4370 st
207 4314 339 4372 dextram
354 4329 488 4380 manum,
498 4316 527 4368 et
539 4311 674 4367 dextrum
686 4310 802 4382 pedem,
814 4315 843 4367 et
853 4311 931 4383 quod
984 4326 1048 4367 sum
1063 4309 1201 4366 Christum
1215 4313 1305 4376 tuum,
1323 4311 1400 4381 quod
1412 4309 1507 4366 Graece
1518 4307 1626 4364 dicitur
1635 4304 1745 4376 ἐξῆλθες
1760 4311 1810 4361 τοῦ

99 4402 280 4462 mmanssrit
296 4403 331 4458 ds
346 4404 496 4475 unguento
512 4403 608 4457 totum
619 4399 760 4455 mittatin
771 4403 859 4472 caput
868 4401 933 4471 ejus
986 4403 1071 4452 σῶσαι
1091 4397 1137 4452 τὸν
1160 4394 1225 4451 λαόν
1242 4418 1290 4451 σου
1306 4393 1350 4451 διὰ
1367 4398 1468 4466 Ἰησοῦν
1484 4395 1529 4449 τὸν
1545 4393 1659 4470 Χριστόν
1676 4414 1735 4451 σου.
1757 4395 1810 4451 Cui

98 4493 202 4564 (Lavit.
221 4491 290 4564 niv).
315 4490 449 4563 Cumque
463 4488 563 4545 omnia
577 4488 636 4543 huo
652 4487 706 4543 rite
721 4486 909 4558 compleverit
922 4504 929 4556 ;
944 4506 969 4572 Ι)
984 4488 1083 4545 sensui
1095 4491 1192 4561 potest
1205 4486 1277 4542 illud
1288 4486 1517 4558 adaptari‚quod
1528 4499 1665 4556 egressus
1676 4483 1811 4539 sitPater

96 4583 176 4639 tunc
189 4578 323 4637 immolet
337 4578 542 4635 holocaustum
558 4592 610 4649 pro
625 4591 669 4641 eo,
686 4580 715 4631 ct
726 4575 788 4648 ipse
802 4575 930 4632 christus
985 4594 1054 4634 eum
1077 4577 1149 4633 Filio
1164 4577 1199 4631 de
1215 4575 1322 4646 templo
1337 4579 1365 4631 ct
1379 4576 1413 4631 de
1428 4572 1610 4629 caeremouiis
1627 4571 1809 4641 Judaeorum,

95 4670 223 4728 matur
236 4668 297 4726 Dei.
314 4667 385 4724 Volo
400 4665 513 4739 aliquid
528 4665 643 4734 dicerc;
660 4665 710 4720 sed
726 4665 815 4720 timeo
830 4680 867 4721 ne
881 4681 930 4721 ne·
985 4666 1104 4722 dicens:
1122 4665 1301 4735 Relinquetur
1311 4662 1386 4718 uotis
1396 4663 1492 4718 domus
1506 4665 1598 4717 vestra
1612 4660 1717 4717 deamo
1732 4659 1809 4732 (Luc.

96 4757 286 4834 gligsntibus
309 4755 491 4814 occasionem
511 4753 602 4809 ruina
623 4753 752 4809 tribuam
770 4771 776 4808 :
802 4754 879 4824 quod
900 4753 931 4810 in
983 4771 1047 4820 xiii,
1062 4755 1127 4822 35)3
1145 4756 1174 4807 et
1188 4751 1225 4822 (b)
1240 4750 1351 4806 venerit
1365 4750 1402 4805 ad
1417 4750 1543 4806 salutem
1554 4748 1696 4822 gentium,
1708 4752 1740 4805 ut
1750 4748 1811 4804 sal·

96 4845 265 4921 scripturis
280 4845 392 4903 sanctis
403 4845 481 4901 idem
492 4843 579 4899 homo
590 4843 757 4914 frequenter
769 4847 875 4898 unctus
885 4843 930 4898 in·
986 4846 1066 4898 varet
1080 4841 1231 4897 credentes
1251 4840 1415 4911 pertesum
1429 4837 1579 4894 Christum
1593 4836 1697 4893 Filium
1711 4852 1809 4895 suum.

97 4933 249 4996 veniatur.
275 4934 407 5007 Denique
427 4932 519 4988 David
534 4931 618 4987 tertio
634 4934 740 4986 unctus
756 4935 800 4987 est
815 4931 850 5004 (li
866 4933 930 5002 Req.
1023 4928 1113 4985 LXX:
1136 4928 1232 4982 Misisti
1256 4929 1286 4981 in
1309 4935 1389 4997 caput
1418 4927 1572 4996 impiorum
1595 4929 1721 4984 mortem.
1747 4925 1811 4981 Non

98 5041 133 5095 τι
147 5032 176 5081 et
188 5024 267 5095 xrxl:
284 5023 363 5095 quod
377 5039 430 5078 nos
446 5037 505 5078 non
520 5019 720 5093 intelligamus
736 5035 823 5091 super
837 5035 870 5075 eo
881 5020 932 5093 qui
986 5023 1126 5092 putamus
1140 5016 1176 5071 dc
1191 5014 1245 5070 hac
1261 5014 1317 5071 dici
1334 5019 1427 5071 morte
1446 5015 1597 5071 communi
1623 5032 1682 5087 qua
1708 5029 1811 5070 omnes

100 5111 268 5188 peccaverit
282 5155 289 5180 ,
305 5115 334 5168 et
348 5112 455 5167 iterum
469 5107 591 5181 ungitur
600 5106 719 5179 (sufficit
730 5107 807 5164 enim
817 5105 933 5180 leproso
987 5107 1140 5171 morimur,
1152 5108 1180 5160 et
1190 5107 1325 5162 mortuus
1336 5104 1549 5171 estAbraham,
1560 5108 1589 5160 et
1599 5102 1754 5175 Appositus
1767 5107 1812 5158 est

101 5205 140 5260 nt
154 5204 223 5274 post
236 5199 363 5274 primum
380 5201 562 5273 unguentum
579 5196 737 5268 perditum,
750 5200 878 5269 ungatur
890 5213 934 5254 se·
988 5197 1024 5253 ad
1040 5200 1136 5269 patres
1151 5211 1220 5250 suos
1236 5195 1341 5265 (Ceues.
1358 5197 1443 5262 xxv);
1460 5197 1488 5249 et
1512 5192 1670 5266 propbeta,
1696 5195 1724 5248 et
1749 5190 1812 5263 ipse

103 5288 228 5362 cundo),
245 5290 296 5347 sed
310 5304 447 5362 supereo
462 5287 512 5361 qui
527 5284 932 5359 peroiessingulosprouoit,
987 5285 1121 5374 Christus
1144 5287 1189 5340 est
1212 5285 1346 5339 mortuus
1365 5282 1453 5354 (ioue.
1470 5282 1539 5354 ιιιιι),
1556 5282 1606 5339 sed
1622 5296 1703 5337 mors
1718 5280 1825 5338 missa

142 5448 184 5521 (u)
194 5447 351 5522 Perperam
360 5447 548 5505 Martianaus
558 5446 657 5512 verba,
667 5444 703 5502 ud
710 5446 934 5518 petripertusa
1023 5443 1061 5518 (t)
1076 5442 1177 5520 Regin
1195 5458 1263 5516 ms,
1278 5448 1305 5500 et
1317 5442 1441 5501 uruitud
1450 5441 1566 5499 sulutem
1579 5440 1757 5516 ausurum,
1769 5444 1812 5516 ut,

100 5537 133 5594 a,
150 5520 347 5594 pretermisit,
371 5519 471 5594 legens
489 5535 507 5575 u
525 5533 588 5592 repe
607 5533 639 5573 uc
654 5517 836 5593 patriurchis.
863 5521 933 5580 tiss.
988 5518 1043 5577 sto.

100 5591 201 5679 pontii
214 5592 345 5673 aditique
358 5589 426 5652 libri
440 5590 490 5653 atii
506 5588 653 5668 supplent.
