3840 6098
112 215 187 277 luel
747 214 779 272 S.
804 208 960 273 ausonii
981 208 1202 272 disponunt
1738 198 1814 267 iffi

110 362 158 406 nnn
170 348 249 438 (pp),
266 345 457 420 Septuaginta
467 347 582 411 iaceam,
597 344 628 399 id
644 347 697 411 est,
716 341 824 418 βόθρον,
841 341 933 398 Theo·
948 344 976 411 Α
991 358 1029 398 na
1043 342 1194 414 AEthiopia
1206 333 1812 405 indedetulernnneumasnonemomiea·

109 438 187 495 datio
202 438 347 509 parietem,
364 433 557 507 Symmachus
568 432 719 504 cyrenem:
737 448 824 503 quem
840 434 868 486 et
882 447 936 487 nos
990 448 1021 488 re
1031 436 1188 504 poterunt:
1204 433 1293 501 Nipra
1306 447 1369 487 eam
1382 438 1408 487 et
1421 431 1556 502 specioso,
1568 420 1808 502 quoniamdecbio

108 529 138 584 in
155 527 209 582 hoo
222 516 394 582 loeo'secuti
410 540 525 580 sumus.
542 526 643 578 Totam
664 521 718 577 loci
743 521 833 593 hujus
847 535 935 591 quem
990 523 1063 577 reoit
1076 537 1121 576 rna
1134 522 1175 577 sot
1191 520 1281 593 (Cant.
1299 538 1318 588 1,
1333 521 1372 589 l).
1388 512 1808 592 Corporaenimumbrieotio·

108 614 256 688 proposui,
270 618 299 670 et
309 614 443 670 omnium
455 630 519 684 qum
534 610 588 667 hoc
598 604 725 683 capitulo
736 610 933 677 continentur,
990 628 1046 682 quo
1055 610 1228 676 marcentia,
1239 609 1418 666 tentationes
1428 613 1552 665 etaetus
1561 603 1662 663 seculi
1673 604 1806 660 lemnon

107 703 332 777 intelligentiam
348 702 427 758 brevi
444 717 579 759 sermone
594 698 777 767 concludam,
793 715 886 771 usqae
897 698 933 755 ad
990 704 1127 771 possunt:
1138 717 1203 773 quaa
1213 703 1311 755 autem
1322 697 1359 754 ad
1371 698 1477 753 luctam
1488 696 1562 754 etad
1571 692 1809 765 certaminapna·

24 802 28 809 “
107 810 175 850 eum
192 793 289 849 locum
301 793 329 846 in
342 808 400 862 quo
411 791 554 862 scriptum
565 793 610 846 est
621 806 627 844 :
640 790 692 858 Qai
705 789 810 857 dicant,
821 804 877 844 non
886 803 934 858 ap·
990 794 1140 861 parantur,
1152 791 1213 845 sole
1227 787 1337 843 siccata
1352 789 1493 859 superant
1507 783 1611 840 mundi
1634 780 1809 855 injurianti

105 881 312 954 propinquabit,
322 884 346 936 et
356 897 412 935 aaa
423 881 510 935 veniet
519 895 601 950 saper
611 894 660 933 nos
671 877 787 945 matam,
800 880 832 931 ut
842 875 934 949 possi·
989 877 1218 933 benedictionem
1230 877 1323 932 sancti
1335 876 1461 949 Spiritus
1472 879 1710 945 consequuntur,
1718 871 1808 927 dioen-

107 987 173 1027 mus
191 986 277 1026 nosse
293 971 369 1042 quod
382 969 508 1025 dieitur:
523 969 582 1040 Ego
592 966 735 1022 Dominus
747 966 824 1023 Deus
838 965 933 1021 omni·
987 966 1025 1021 tis
1041 966 1076 1021 ad
1089 967 1206 1036 justum
1218 984 1225 1022 ε
1239 965 1375 1022 Perdiem
1390 965 1430 1020 sot
1446 979 1501 1019 non
1516 966 1577 1018 arat
1591 970 1628 1029 te,
1643 976 1737 1033 neque
1751 960 1810 1017 tm

105 1057 427 1132 potens,quemeelari
457 1058 510 1126 [lt.
529 1056 632 1129 celare]
662 1055 735 1111 nihil
761 1059 865 1128 potest,
882 1053 933 1127 qui
986 1063 1152 1126 pernoctem
1166 1056 1250 1127 (Psoi.
1263 1072 1325 1126 cxx,
1339 1053 1377 1125 6).
1394 1052 1541 1124 lo'thiopes
1563 1066 1636 1125 ergo
1658 1052 1810 1106 vertuntur

106 1152 195 1221 tango
214 1152 330 1213 terram,
347 1150 376 1201 et
388 1146 572 1201 movebitur:
598 1144 774 1216 quiadideo
803 1144 833 1200 in
862 1143 932 1199 coelo
986 1143 1185 1214 infiliosDei,
1206 1144 1231 1199 ei
1262 1143 1373 1216 egerint
1400 1140 1615 1215 poenitentiam,
1641 1143 1672 1195 et
1698 1136 1810 1195 filiiDai

106 1235 305 1292 ascensionem
316 1232 932 1306 meam:quivocoaqnasmaris,eteliundo
985 1236 1141 1288 transeunt
1154 1232 1182 1288 in
1198 1232 1359 1304 AEthiopes,
1377 1231 1401 1287 si
1427 1229 1655 1304 inprolundum
1683 1226 1811 1284 venerint

105 1341 156 1380 eas
167 1339 255 1395 snper
267 1323 369 1378 faciem
381 1326 482 1378 terrae:
500 1322 586 1392 cujus
596 1325 640 1377 est
656 1338 762 1378 nomen
777 1321 932 1390 Dominus,
986 1321 1182 1393 peccatorum.
1194 1321 1259 1393 lpse
1270 1321 1348 1375 enim
1363 1320 1482 1375 Creator
1497 1317 1631 1374 omnium
1646 1316 1730 1373 Dens
1743 1315 1810 1388 Cap·

105 1413 156 1485 qui
172 1417 285 1468 creator
296 1428 362 1467 sum
374 1411 524 1467 omnium:
537 1415 659 1466 cunctas
670 1414 770 1482 gentes
784 1411 818 1465 de
830 1411 931 1466 eodem
987 1409 1111 1481 padoees
1125 1410 1212 1467 vertit
1221 1409 1251 1465 in
1263 1408 1442 1480 Palaestines,
1454 1412 1541 1464 eteoe
1551 1405 1605 1478 qui
1619 1405 1813 1462 versabantur

104 1501 175 1556 finxi
187 1500 259 1571 luto,
272 1505 300 1557 et
310 1499 415 1572 aquali
427 1504 505 1554 sorte
522 1499 667 1571 generavi.
680 1499 808 1571 Denique
822 1498 931 1554 AEthio-
984 1497 1015 1554 in
1024 1499 1131 1572 frigora
1142 1498 1220 1566 fidei,
1230 1505 1259 1554 et
1267 1497 1404 1569 Aquiloni
1416 1500 1500 1553 vento
1509 1495 1672 1551 durissimo
1683 1494 1811 1566 subjace-

104 1605 165 1661 pes,
178 1587 362 1658 Palaestinos,
373 1587 461 1661 Syros
472 1592 559 1660 atque
569 1588 695 1655 Judaos,
709 1588 850 1644 distantes
858 1587 930 1644 loeis
986 1587 1065 1658 bant,
1079 1586 1146 1643 tecit
1157 1588 1288 1643 bibentes
1300 1587 1413 1658 eadere,
1423 1590 1452 1642 et
1460 1584 1592 1657 deposita
1604 1582 1811 1656 su-perbiaDo·

103 1681 192 1751 atque
206 1678 392 1750 corporibus,
409 1676 595 1732 mortalitatis
618 1676 679 1750 lege
701 1677 819 1749 sociali,
835 1681 864 1731 et
878 1693 930 1748 pro
985 1675 1057 1731 mini
1073 1676 1181 1732 sentire
1192 1675 1350 1746 judicium.
1367 1675 1455 1745 Syros
1465 1689 1593 1746 quoque,
1606 1672 1636 1727 id
1649 1673 1708 1739 est,
1722 1668 1810 1729 exad-

103 1766 224 1822 arbitrio
240 1782 304 1821 meo
320 1782 418 1821 servos
435 1781 515 1820 moos
526 1765 583 1820 hue
594 1764 721 1836 illucque
732 1769 890 1835 commuto,
902 1768 931 1820 et
985 1780 1033 1821 sos
1044 1769 1131 1837 atque
1140 1765 1293 1831 sublimes,
1308 1764 1359 1836 qui
1371 1764 1601 1820 dicuntureanm
1610 1772 1675 1822 ntra
1684 1764 1810 1818 transtu·

103 1854 134 1911 in
150 1854 301 1911 universas
318 1854 483 1927 provincias
498 1854 652 1909 transiero.
674 1854 715 1909 Ne
731 1854 884 1923 erigamini
899 1853 928 1908 in
983 1852 1063 1911 litde
1078 1856 1197 1926 Cyrene,
1212 1854 1329 1909 infirmo
1344 1853 1463 1925 pariete,
1477 1852 1537 1907 sive
1555 1867 1621 1924 quea
1636 1849 1809 1907 imminebat

103 1944 282 2016 superbiam,
301 1944 378 2016 quod
395 1959 444 1998 vos
455 1943 490 1998 da
501 1947 623 2015 AEgypto
634 1942 795 2010 adrrnrrim,
806 1947 835 1998 et
845 1941 928 2013 quasi
983 1942 1168 1999 amarissimo
1183 1943 1268 2010 mari,
1285 1947 1314 1997 et
1328 1941 1424 1997 vicina
1446 1939 1580 2014 Syrtibus
1596 1944 1673 2007 erat,
1688 1937 1809 2010 etjunta

103 2032 280 2106 peculiarem
295 2031 437 2104 populum
454 2048 552 2087 meum
577 2031 721 2086 Pharaoni
746 2031 855 2086 servire
869 2046 927 2086 non
983 2032 1094 2087 LXXin
1110 2032 1191 2087 lovea
1205 2032 1369 2097 tenebatur,
1382 2029 1546 2086 mutavitin
1562 2029 1677 2085 bonam
1688 2032 1806 2101 panem,

102 2137 209 2193 passus
225 2121 301 2176 sim:
316 2120 369 2175 hoc
387 2120 464 2175 idem
482 2118 534 2175 ieci
550 2124 578 2176 ct
593 2119 765 2189 Palestinis,
788 2135 862 2192 quos
878 2121 927 2175 Se·
982 2126 1015 2177 at
1029 2120 1157 2177 excelsos
1173 2121 1289 2176 laceret.
1300 2119 1382 2176 Oculi
1393 2119 1471 2175 enim
1483 2117 1599 2174 Domini
1611 2115 1808 2190 superomnia

102 2210 257 2281 ptuaginta
267 2208 671 2280 atierriqenastranstulerunt,
684 2209 778 2281 (alqui
789 2208 928 2264 Hebraico
982 2214 1051 2266 eunt
1066 2226 1155 2283 regna
1169 2211 1247 2266 aaa
1263 2209 1422 2281 peccantia,
1440 2224 1503 2279 qua
1526 2206 1659 2264 ostendit
1674 2204 1806 2263 diabolas

103 2299 289 2371 appellantur
304 2315 487 2354 ceruanicam
502 2300 661 2369 (turnines),
686 2301 719 2352 ut
737 2299 927 2354 transferrem
984 2299 1294 2370 Domino(blattb.1v),
1313 2302 1342 2353 et
1356 2298 1390 2355 de
1406 2297 1514 2369 quibus
1533 2293 1697 2368 Apostolus
1721 2293 1804 2352 dicit:

102 2388 196 2443 eosde
207 2386 399 2459 Cappadocia,
412 2391 441 2442 et
453 2386 481 2441 in
492 2385 651 2441 Palaestinae
664 2385 832 2457 regionibus
841 2384 928 2442 collo·
980 2389 1039 2444 Non
1053 2397 1146 2460 reqnet
1155 2393 1296 2460 perentam
1305 2389 1335 2443 in
1347 2387 1458 2443 mortali
1467 2393 1552 2442 oestro
1561 2400 1687 2456 corpore,
1699 2383 1735 2441 ad
1746 2384 1802 2441 obr-

104 2492 200 2532 carem
213 2495 219 2532 :
232 2480 319 2548 Syros
330 2492 456 2547 quoque,
473 2475 568 2543 idest,
585 2493 665 2531 aanor
681 2474 767 2546 (n'tttl
789 2475 927 2532 transtuli
980 2477 1111 2533 diendarn
1124 2477 1266 2533 desideriis
1278 2478 1336 2547 ejas
1351 2477 1440 2546 (Rom.
1459 2491 1499 2530 vn.
1517 2474 1571 2546 12).
1596 2472 1804 2530 Verumtamen

103 2565 138 2622 do
152 2565 280 2638 Cyrene:
297 2581 332 2621 ex
347 2582 404 2636 quc
420 2564 469 2636 qui
481 2564 582 2634 aquali
591 2564 756 2620 conditione
767 2569 837 2620 sunt
848 2564 926 2632 lacti,
982 2584 1048 2623 cum
1064 2566 1092 2621 in
1106 2567 1188 2639 virga
1202 2565 1298 2621 visitet
1320 2568 1495 2637 peccatores,
1508 2568 1537 2620 et
1551 2566 1689 2619 conterat
1702 2578 1752 2620 aas
1764 2565 1804 2619 at·

102 2654 206 2726 aequali
218 2655 323 2726 judicii
339 2655 395 2710 mei
412 2654 556 2709 sententia
581 2654 749 2725 punientur,
775 2658 805 2708 et
828 2653 928 2709 omnia
981 2673 1038 2728 que
1047 2655 1199 2727 percutiat,
1212 2654 1262 2726 qui
1273 2653 1490 2725 permanserint
1500 2653 1529 2707 in
1541 2655 1675 2724 peccato:
1686 2650 1803 2709 emant-

103 2745 215 2816 absque
225 2743 399 2799 discretione
410 2743 928 2816 personarum,impiaregnasubver-
981 2762 1056 2812 mas,
1074 2761 1137 2816 qua
1148 2742 1449 2815 appellanturdcmus
1459 2741 1559 2811 Jacob,
1571 2745 1602 2797 et
1611 2739 1802 2815 supplantant

104 2832 244 2888 tam.Vos
259 2837 396 2899 autem‚o
412 2831 464 2885 lilii
480 2831 578 2898 lsrael,
593 2832 751 2903 dequibus
766 2831 842 2885 dixi:
867 2833 928 2886 Pri·
981 2839 1143 2906 peecatum,
1159 2837 1188 2888 et
1202 2833 1231 2887 in
1260 2832 1418 2887 certamine
1441 2834 1591 2904 superant,
1618 2834 1649 2887 et
1675 2829 1802 2902 plantam

105 2920 536 2988 moqenitmfiliarnreaalsrael
559 2918 657 2988 (anob.
675 2936 711 2989 iv,
736 2920 795 2986 22).
815 2919 868 2974 Et:
888 2923 929 2975 Se
982 2921 1094 2978 cruenti
1110 2921 1207 2977 fratris
1223 2921 1377 2989 invadunt,
1407 2920 1437 2976 in
1466 2923 1608 2975 aternum
1635 2918 1800 2990 perimnou

105 3010 334 3080 AEqyptoaocari
359 3008 451 3077 filiam
474 3023 565 3063 maara
593 3006 742 3078 (decenn,
759 3007 795 3074 1),
824 3024 926 3078 percu·
983 3012 1102 3084 patitur.

104 3098 175 3155 tiam
191 3097 220 3152 in
236 3097 326 3169 virga,
343 3102 371 3152 et
387 3096 509 3151 visitabo
525 3100 641 3168 peccata
660 3100 772 3161 vestra3
804 3096 853 3150 sod
870 3085 964 3153 nonC
1020 3100 1457 3172 (vers.9,10.)ttcceentmeqe
1483 3096 1633 3168 madaba,
1664 3105 1692 3153 et
1714 3111 1803 3153 conu-

104 3185 135 3242 in
150 3189 322 3258 perpetuum
347 3188 507 3249 conteram,
533 3188 562 3239 et
589 3185 666 3241 852
695 3184 926 3240 misericordiam
980 3191 1050 3244 biorn
1063 3189 1092 3243 in
1107 3189 1232 3244 omnibns
1247 3188 1370 3259 pentibus
1382 3188 1492 3243 domurn
1509 3187 1608 3253 lsrael,
1620 3188 1698 3243 sicat
1711 3201 1802 3243 maca-

102 3291 196 3330 meam
210 3290 268 3329 non
280 3275 412 3328 aularum
429 3290 446 3328 a
461 3274 542 3328 vobis
558 3275 614 3343 (Pe.
631 3277 776 3341 axxxvm),
799 3277 827 3329 at
842 3274 926 3345 quasi
981 3279 1050 3333 titur
1062 3277 1168 3348 lrlddit.
1183 3275 1267 3348 Vulg.
1280 3276 1562 3347 triticarnlincribro,
1574 3283 1601 3331 ct
1611 3274 1801 3331 noncadma·

101 3363 131 3418 in
146 3363 241 3420 cribro
256 3362 381 3435 agitatos
395 3366 483 3433 atque
498 3378 667 3429 concussos,
682 3363 830 3417 mundabo
841 3366 869 3417 et
878 3361 927 3418 eli·
979 3367 1065 3439 pittas
1078 3381 1158 3437 anper
1170 3373 1281 3421 terrain.
1297 3367 1327 3420 ln
1338 3365 1430 3434 qtadio
1440 3366 1596 3420 morientur
1608 3380 1706 3421 mnes
1715 3378 1800 3437 pecca·

101 3468 180 3525 gam,
196 3455 229 3506 ut
243 3452 293 3524 qui
308 3449 426 3522 lapillus
443 3450 539 3522 suerit,
558 3456 586 3506 et
601 3466 653 3523 per
667 3450 867 3522 paenitentiam
885 3467 928 3506 ro·
981 3463 1048 3512 tores
1062 3456 1156 3527 papali
1169 3456 1225 3510 mei
1240 3457 1288 3526 qai
1311 3454 1405 3510 dicam
1415 3471 1425 3509 :
1440 3454 1500 3509 Nan
1521 3454 1764 3527 appropinquabit,
1777 3460 1801 3508 et

104 3542 234 3606 bonatus,
247 3540 282 3595 de
297 3540 392 3596 cribro
408 3556 471 3595 meo
488 3556 545 3595 non
561 3539 690 3595 excidat:
708 3540 756 3609 qui
772 3546 870 3595 autem
885 3541 928 3595 in·
980 3546 1224 3615 ncnoenietsaprr
1235 3544 1405 3599 incarnatam.
1418 3542 1588 3610 lxxiiidie
1602 3558 1720 3612 ececeqo
1733 3557 1800 3613 prz-

103 3633 165 3685 star
173 3628 482 3702 pulveriscecideritin
498 3635 616 3695 terram,
630 3628 809 3700 percutiatur
819 3628 925 3700 gladio,
980 3637 1052 3706 cipio
1063 3642 1088 3690 et
1098 3633 1234 3689 *rrenlitnbo
1244 3634 1274 3688 in
1285 3634 1389 3687 randis
1398 3632 1520 3703 partibas
1535 3631 1650 3688 domam
1662 3630 1753 3701 lsrael,
1762 3629 1801 3684 ai·

102 3727 132 3774 ut
150 3719 202 3790 [lt.
220 3720 258 3789 etl
275 3719 440 3774 moriantur
454 3723 618 3790 peccatores
641 3717 740 3790 populi
770 3717 846 3773 mei:
869 3735 927 3774 non
980 3729 1011 3778 at
1025 3724 1178 3778 venditatur
1191 3723 1221 3776 in
1235 3722 1397 3787 eventitabro,
1412 3730 1439 3777 el
1461 3737 1516 3776 non
1529 3721 1608 3777 eadat
1621 3721 1745 3777 contritio
1755 3734 1802 3776 aa·

102 3807 172 3878 quia
187 3812 254 3863 ante
269 3808 450 3878 peccaverint
464 3825 470 3874 ;
486 3808 535 3863 sed
553 3807 623 3878 qnia
638 3823 731 3878 usque
751 3807 787 3861 ad
804 3813 926 3863 mortem
979 3829 1029 3884 per
1042 3820 1153 3868 terram.
1170 3813 1201 3867 ln
1214 3810 1307 3882 plodio
1323 3812 1476 3866 morientur
1489 3825 1581 3867 omnes
1590 3818 1749 3882 poeeatorea
1758 3823 1804 3882 po·

103 3896 349 3968 perseveraverint
373 3896 403 3951 in
424 3895 561 3968 pcccatis.
578 3895 680 3950 Omnis
695 3898 793 3950 autem
810 3895 859 3966 qui
883 3899 929 3951 est
980 3903 1041 3975 pati
1054 3905 1120 3967 inei,
1137 3903 1186 3972 qni
1200 3900 1314 3955 dicant:
1332 3901 1390 3955 Non
1405 3899 1650 3972 appropinquabit,
1667 3913 1804 3973 nequent·

104 3984 191 4040 lsrael
201 3988 230 4038 et
240 3982 321 4055 prius
332 3984 424 4038 Deum
434 3986 531 4038 mento
542 3983 781 4055 conspiciens,(b)
793 3985 928 4041 eductus·
981 3993 1058 4047 nient
1068 4006 1148 4061 super
1158 4006 1206 4045 nos
1216 3990 1300 4044 mata.
1312 3988 1390 4044 Deus
1401 3989 1451 4059 qui
1459 4004 1581 4044 mensus
1592 3992 1638 4044 est
1646 4004 1743 4060 aquas
1752 4002 1805 4044 mt-

103 4072 208 4142 queda
226 4075 359 4142 AEgypto,
377 4071 401 4126 si
417 4071 588 4127 desiderans
602 4073 674 4126 vitia
687 4072 812 4144 AEgypti,
829 4076 858 4128 et
872 4089 928 4128 sa·
982 4096 1032 4149 nu,
1047 4076 1193 4134 stenelum
1208 4076 1317 4149 palmo,
1333 4080 1362 4133 et
1380 4093 1497 4133 omnem
1521 4080 1632 4133 terram
1662 4076 1804 4135 concludit

103 4159 160 4214 culi
176 4158 349 4231 voluptates,
367 4176 425 4215 non
440 4160 536 4216 solum
547 4160 576 4215 in
588 4165 754 4233 AEgyptum,
772 4161 865 4218 sedin
881 4163 927 4218 AE-
982 4165 1091 4240 pugillo
1107 4168 1183 4235 (lsai.
1198 4168 1255 4237 xe),
1273 4165 1335 4237 ipse
1353 4182 1405 4236 pro
1420 4164 1626 4238 magnitudino
1648 4182 1718 4235 sua,
1733 4170 1804 4223 utra·

102 4246 246 4319 thiopiam
262 4251 432 4313 revertatur,
449 4247 479 4303 in
495 4265 553 4320 qua
569 4249 618 4321 qui
635 4249 731 4317 luerit,
744 4251 830 4321 juxta
849 4252 927 4308 tere·
982 4272 1038 4328 que
1049 4272 1138 4311 manu
1147 4259 1250 4310 tenens
1262 4254 1410 4327 margines
1418 4259 1510 4325 tarra,
1521 4253 1607 4326 quasi
1615 4254 1804 4312 cribrumhnb

104 4335 193 4392 mium
211 4337 294 4410 (Cap.
310 4339 383 4405 xm),
400 4336 505 4409 pellem
522 4352 606 4393 suam
618 4341 732 4393 mutare
749 4356 806 4394 non
822 4343 927 4411 polest,
981 4342 1803 4417 illucqueconcutiet:utpaleieacsordibuspaccutorum

104 4425 212 4482 Christi
227 4425 356 4482 salvatur
370 4426 422 4497 [lt.
440 4425 543 4497 salvat]
557 4427 693 4494 adventu,
707 4431 735 4483 et
750 4426 927 4499 impleturin
943 4455 965 4520 D
981 4434 1128 4490 interram
1142 4432 1324 4504 cadentibus,
1334 4449 1442 4504 purum
1452 4433 1637 4489 frumentum
1650 4434 1802 4497 remaneat,

104 4532 137 4572 eo
153 4517 230 4587 quod
246 4515 389 4588 scriptum
405 4518 469 4572 est:
495 4517 635 4587 AEtbiopia
655 4518 805 4589 preveniat
829 4533 928 4574 ananus
983 4524 1059 4597 quod
1075 4523 1218 4578 condatur
1232 4521 1261 4577 in
1277 4522 1399 4579 horrea:
1415 4521 1476 4578 sive
1499 4525 1532 4577 ut
1553 4521 1626 4577 Lat
1650 4521 1804 4580 transtule-

103 4606 300 4677 ejasDeoll's.
327 4623 412 4671 mvn,
431 4607 487 4675 32).
517 4612 648 4680 Cumque
663 4624 730 4662 eum
755 4608 926 4680 adoraverit,
982 4616 1061 4681 runt,
1077 4611 1270 4668 ventilabrum
1296 4610 1406 4667 tenebit
1433 4611 1463 4666 in
1492 4627 1593 4679 manu,
1616 4615 1645 4667 et
1675 4608 1804 4687 purgabit

104 4693 220 4750 dicotur
235 4695 270 4750 de
285 4694 355 4751 illo:
372 4696 404 4750 ln
418 4704 560 4767 conspecta
571 4696 630 4768 ejas
638 4696 780 4768 procident
791 4698 929 4768 AEtbiopee
983 4718 1080 4758 aream
1098 4718 1192 4767 suam,
1209 4705 1238 4756 et
1252 4701 1382 4756 triticum
1398 4700 1502 4756 condet
1515 4700 1546 4754 in
1561 4698 1690 4769 horreis,
1713 4700 1803 4776 pale·

104 4781 162 4855 (Pe.
179 4800 253 4851 cxxi,
270 4783 309 4855 9).
325 4783 378 4848 Qui
395 4801 462 4840 cum
477 4785 665 4857 prociderint,
681 4790 709 4841 et
725 4789 808 4843 trans
831 4785 928 4842 llumi·
983 4795 1080 4848 autem
1098 4793 1250 4847 comburet
1261 4789 1322 4863 igni
1333 4788 1580 4862 inexstinguibili;
1594 4789 1633 4845 de
1648 4791 1760 4862 quibus
1771 4788 1804 4845 la·

140 4959 178 5032 (a)
190 4961 318 5043 Luxatue
329 4962 592 5020 omninoestlocue
603 4965 667 5036 iste,
677 4963 877 5039 legendusque
887 4966 930 5022 in·
984 4971 1022 5026 sit
1036 4969 1128 5038 locus,
1145 4968 1236 5024 nullis
1252 4967 1378 5023 induetis
1393 4982 1427 5022 ex
1441 4966 1559 5040 iugenio
1572 4967 1688 5035 verbis,
1713 4966 1804 5025 ordint

103 5047 186 5087 verso
197 5034 308 5115 ordino,
324 5044 354 5091 at
369 5039 547 5091 transferrem
562 5052 607 5092 eoa
630 5037 663 5092 de
687 5039 866 5109 Cappadocia,
883 5039 931 5122 qai
983 5047 1110 5107 tantum,
1128 5045 1161 5096 ut
1175 5040 1338 5105 innuimus,
1354 5038 1514 5095 incisorem
1532 5044 1658 5105 mutato,
1685 5037 1802 5099 restitui.

104 5104 417 5177 llebrurccappeltantar
428 5107 931 5182 Carpldborirn.Stenimquisnesciat
984 5113 1039 5169 Sed
1055 5112 1166 5168 nullam
1183 5112 1261 5168 ineat
1275 5128 1291 5166 a
1308 5110 1465 5167 lectoribus
1477 5111 1604 5184 gratiam
1613 5112 1803 5175 blartianaeuu.

985 5185 1034 5256 qui
1050 5200 1188 5251 errorem,
1207 5188 1240 5239 ut
1254 5183 1294 5237 ait
1307 5181 1466 5252 Victorias,
1491 5181 1652 5255 complosis
1675 5184 1803 5241 manibus

42 5205 49 5213 ⁶
105 5208 274 5266 Pfllaebfflnffi
292 5213 428 5269 ¹¹⁰bffli⁰e
444 5198 578 5278 n'm’53’
596 5214 761 5269 'mihinam
778 5215 930 5287 appellari'
985 5255 1199 5328 explodendum
1210 5252 1415 5324 dissimulavit,
1426 5254 1604 5325 autpenitus
1616 5250 1805 5313 nonanimed·

105 5296 163 5335 non
174 5292 309 5350 mittit),
324 5284 514 5355 cupidinaria,
525 5286 601 5357 quod
614 5286 869 5359 estCappndoeum
882 5304 931 5344 no·
985 5328 1081 5384 verm.

106 5352 197 5407 men‘l
214 5354 304 5410 aliter
319 5355 466 5412 Victorius
482 5356 517 5412 dc
532 5374 585 5413 suo
596 5358 731 5431 corrigit:
746 5360 931 5478 qatllebraire
1022 5398 1059 5471 (b)
1075 5402 1139 5454 ΗΜ
1154 5398 1286 5454 omnium
1301 5396 1443 5453 librorum
1458 5401 1503 5453 est
1517 5393 1617 5478 leptim
1633 5413 1733 5472 eaque
1742 5391 1803 5455 ,Β

104 5459 279 5530 appellantur
291 5447 414 5546 nimphe
431 5471 459 5518 at
473 5466 653 5547 transferrem
676 5481 720 5522 eos
745 5476 875 5533 ninom,
901 5465 930 5523 td
986 5485 1052 5543 pers
1071 5470 1158 5555 icua:
1176 5485 1228 5526 nec
1242 5467 1325 5553 yideo
1341 5485 1393 5525 cur
1406 5471 1500 5525 mutet
1519 5470 1630 5526 Victor.
1647 5469 1683 5528 ln
1703 5469 1800 5531 m

103 5531 144 5589 ra
158 5529 191 5589 de
205 5532 396 5611 Cappadocia:
409 5535 487 5613 quod
497 5552 596 5596 minue
606 5536 763 5615 probatur,
779 5554 847 5598 oum
863 5552 930 5616 poa·
986 5545 1035 5619 ret,
1050 5487 1195 5620 inestque,
1212 5539 1296 5602 aliter
1310 5557 1369 5603 noa
1383 5544 1516 5603 canania
1528 5555 1666 5605 musam.
