3840 6098
112 268 146 340 Β
451 266 828 341 censuariorum
847 270 891 337 tit
907 264 1159 337 annuntiabam
1179 270 1255 338 tls.
1278 274 1302 337 l.
1318 274 1404 338 GAP.
1425 273 1465 337 tl.
1766 274 1810 341 fl

110 420 169 465 ress
183 407 290 466 eelim
302 412 433 481 tuamet
444 411 524 482 Dosa
537 416 586 466 mo
600 409 875 479 salmanansar,
889 407 929 480 e).
945 410 972 476 Α
988 406 1087 481 [linig.
1103 420 1272 480 quaeeunque
1284 409 1390 480 loquor]
1405 410 1487 466 odie.
1504 408 1567 466 lion
1594 416 1664 481 erge
1686 421 1806 466 cusas·

111 496 161 562 Dei
170 500 201 553 ei
215 496 245 553 in
260 497 513 570 consequentibus
526 503 692 571 arguuntur
705 498 803 554 cordis
812 496 930 569 lapidei,
988 495 1072 567 dum,
1084 496 1151 553 licei
1160 496 1230 553 mali
1241 496 1311 554 sint.
1328 496 1611 570 quibustoquimur;
1620 497 1806 570 quinsecun·

109 585 184 657 quod
199 584 280 643 Dens
296 585 469 643 evulsurum
483 601 549 643 esse
564 603 597 644 ss
610 587 722 657 dieit‚et
735 604 788 660 pro
803 584 853 642 illo
867 601 930 642 oar·
986 584 1057 640 dum
1071 583 1242 657 Apostolum
1257 586 1293 658 (li
1309 586 1374 642 Tim.
1392 587 1442 658 ιν),
1456 590 1629 659 opportune,
1639 583 1807 659 importune

108 688 194 731 neum
208 675 417 732 redditurum:
434 679 470 732 ut
491 674 615 732 mollitie
633 691 698 742 sua,
714 675 765 732 Dei
790 678 933 748 precepta
985 672 1106 729 verbum
1122 673 1173 729 Dei
1184 674 1387 746 praedicemus,
1403 674 1473 745 quia
1487 678 1583 746 potest
1596 674 1648 731 Ν
1673 675 1746 747 lieri,
1773 680 1807 732 at
1829 675 1841 690 “

105 761 264 834 mscipiat
985 763 1014 817 ei
1028 761 1119 817 durus
1134 762 1299 835 corrigatur
1312 763 1348 819 ad
1363 761 1526 832 mollitiem,
1551 767 1580 818 et
1601 763 1652 835 qui
1667 763 1807 823 obediens

139 850 338 922 (Vera-bnt
366 851 438 908 dieas
466 852 502 908 ud
529 867 594 909 eos:
611 855 678 908 Hoec
705 850 772 908 dieii
797 853 932 910 Dominus
985 853 1040 918 est,
1056 849 1330 907 mutatavoluntate
1346 867 1404 907 non
1420 851 1530 907 audiat.

104 943 185 996 Deus
200 956 210 994 t
226 939 256 995 Si
264 942 336 1011 sorte
349 941 393 996 aet
408 942 466 1013 ipsi
476 941 603 1010 audient,
616 946 643 996 et
652 942 680 997 si
692 942 763 1012 fode
772 942 932 1012 quaerant:
1020 936 1087 994 Noli
1095 953 1153 996 aare
1165 955 1340 1012 receperam,
1355 942 1426 996 dcet
1440 940 1535 996 moras
1548 943 1740 1011 esespeutric
1754 948 1805 1002 est.

105 1028 347 1099 quonmmdomua
359 1043 527 1101 mmmm
537 1033 617 1100 estet
630 1031 790 1101 scientquia
799 1031 932 1101 prophete
985 1025 1080 1082 Semd
1097 1026 1226 1084 diximus
1239 1029 1500 1101 exasperationem,
1515 1029 1575 1085 sive
1598 1029 1804 1100 irritationem,

103 1118 193 1187 [serii
205 1118 236 1170 ἐκ
250 1117 345 1173 medio
354 1133 458 1174 eoram
474 1117 576 1174 Simile
587 1118 659 1189 quid
670 1117 833 1174 inieramia
843 1116 932 1191 scrip-
986 1113 1177 1187 Septuaginta
1191 1117 1418 1173 amaritudinem
1426 1120 1545 1190 'ponere
1558 1118 1639 1182 Quod
1654 1134 1721 1190 ergo
1736 1119 1808 1175 dicit

103 1208 167 1260 iam
180 1206 229 1261 cst
243 1220 251 1260 :
268 1204 302 1260 Si
317 1205 392 1281 sorte
405 1205 522 1262 radiant
534 1209 562 1262 et
574 1207 856 1278 rgontparaitentiem
865 1207 930 1279 (ter.
986 1201 1041 1257 hoo
1054 1205 1100 1259 esi
1114 1218 1122 1259 τ
1138 1203 1200 1261 Νοιι
1213 1205 1302 1261 debes
1317 1220 1368 1262 eos
1381 1204 1501 1274 imitari,
1519 1206 1555 1262 ed
1569 1221 1644 1278 quos
1658 1207 1806 1281 corrigen-

103 1306 186 1361 xxvr,
199 1292 238 1362 3).
251 1291 288 1348 st
302 1293 335 1349 in
350 1293 505 1368 Evangelio
522 1295 677 1351 :Fundam
687 1294 779 1365 filiam
788 1310 880 1352 meam
889 1308 933 1352 oe·
986 1291 1040 1346 dos
1055 1291 1230 1362 mitteris,ne
1245 1296 1397 1365 peceatum
1412 1295 1507 1350 simite
1522 1294 1648 1351 similem
1659 1299 1809 1353 mereatur

106 1382 240 1438 reram
259 1382 375 1454 (diuiti.
407 1399 463 1452 ιιι,
491 1383 548 1456 37).
576 1382 721 1456 Loquitur
748 1386 846 1440 autem
871 1383 932 1440 baso
986 1381 1015 1434 et
1030 1394 1156 1452 posnam.

109 1470 931 1545 Dweanbigentiaaneotuge)utliberumhominumue·
1022 1469 1808 1546 Aperioriaumetcommedeqaaeepodotabillignumts

108 1563 183 1615 stret
196 1557 246 1616 ’ὅ
265 1560 472 1628 arbitrium,ne
487 1561 670 1634 praescientia
680 1560 846 1617 tatarorum
861 1560 932 1618 mali
986 1555 1091 1629 inquii,
1107 1559 1203 1630 prebe
1218 1560 1403 1617 sermonibus
1420 1560 1502 1631 meis,
1518 1563 1546 1616 et
1560 1560 1658 1616 cibum
1692 1562 1809 1635 suscipe

107 1646 153 1703 rei
165 1647 429 1705 boniimmutabite
440 1649 697 1721 iaciatquodDeus
708 1650 933 1708 iuiuromnove·
988 1644 1182 1717 spiritualem,
1193 1650 1226 1702 ut
1241 1649 1388 1719 quomodo
1404 1648 1434 1703 in
1449 1647 1606 1721 Evangelio
1616 1648 1724 1705 dicitur
1736 1668 1743 1707 :
1755 1651 1811 1719 Qui

103 1736 152 1792 rit.
167 1735 232 1792 lion
247 1736 329 1792 enim
345 1737 415 1810 qnia
427 1736 476 1794 ille
490 1740 613 1793 ventura
627 1736 787 1810 cognoscit,
811 1754 931 1797 neeesse
993 1733 1071 1791 'tobei
1084 1751 1164 1791 aures
1186 1736 1330 1806 audiendi,
1346 1737 1445 1792 radiat
1469 1737 1622 1808 (tuc.v1a,
1645 1737 1675 1810 8)
1691 1755 1699 1808 ;
1716 1741 1746 1794 et
1760 1737 1809 1794 bie

102 1828 148 1881 est
161 1841 221 1881 nos
229 1824 326 1883 lacere
341 1825 420 1898 quod
434 1825 484 1882 illa
507 1825 675 1901 prescivit:
698 1826 750 1883 sed
774 1827 853 1898 quod
877 1842 931 1885 nos
989 1821 1104 1880 diceus
1119 1840 1127 1880 r
1142 1824 1196 1888 Qui
1209 1824 1298 1881 habet
1312 1829 1445 1898 apertum
1461 1840 1494 1882 os
1523 1825 1558 1881 ad
1584 1827 1809 1899 comedendum,

100 1912 382 1986 proprieroluuiate
396 1929 501 1971 sumus
515 1914 632 1986 lecturi,
648 1914 788 1973 illenovit
798 1916 930 1973 futurum
986 1912 1130 1969 comedat
1146 1912 1229 1969 Unde
1243 1917 1273 1971 et
1290 1913 1454 1970 psalmista
1483 1913 1625 1971 Dominus
1652 1913 1808 1988 loquitur:

101 2001 190 2074 quasi
207 2000 297 2059 Deus.
985 2003 1112 2072 Aperlae
1127 2009 1205 2057 tuam
1220 2002 1375 2075 etimptebo
1391 2002 1465 2059 iilud
1484 2003 1569 2075 (Prot.
1597 2015 1680 2072 cxxx,
1697 2005 1752 2076 11).
1774 2005 1812 2062 ut

136 2089 235 2161 (Vere.
248 2091 292 2163 b.)
306 2091 345 2148 iia
357 2106 431 2164 ergo,
445 2091 491 2164 stt
510 2091 641 2164 bominis,
666 2107 723 2149 aon
748 2094 847 2150 timeas
874 2109 930 2163 eor,
985 2087 1034 2146 ille
1049 2090 1184 2162 repondit
1199 2107 1206 2147 :
1223 2090 1259 2148 Os
1271 2106 1365 2148 meam
1378 2093 1486 2164 operari,
1501 2095 1528 2148 et
1557 2094 1665 2149 otoaci
1676 2093 1807 2166 spiritum

100 2195 191 2253 seque
205 2180 306 2255 (vulg.
321 2179 368 2253 ne)
381 2196 517 2239 umores
537 2196 635 2240 rorum
655 2189 772 2250 metuas,
800 2185 930 2256 quoniam
985 2178 1187 2249 (santerna,
1205 2179 1690 2254 131).utapostotasrau1us‚qai
1713 2180 1808 2238 trabe-

101 2269 248 2327 r'aeredati
260 2274 288 2326 et
298 2269 471 2329 miratores
484 2278 549 2328 sarri
562 2273 661 2328 tecum.
677 2271 768 2327 Lxx:
784 2272 818 2328 lit
833 2275 874 2340 tu,
889 2273 933 2343 fili
985 2267 1037 2325 bat
1051 2267 1081 2323 iu
1097 2282 1129 2323 ae
1142 2267 1297 2324 thesauros
1312 2268 1461 2341 sapientire
1474 2271 1504 2326 et
1517 2269 1696 2338 scientie‚et
1709 2269 1810 2343 inquo

102 2358 240 2426 minii,
251 2372 306 2415 non
320 2360 422 2416 mneos
436 2374 491 2429 eos,
504 2374 555 2417 aec
567 2376 587 2416 a
600 2360 672 2432 socie
681 2375 775 2417 eoram
789 2361 931 2432 semidea:
986 2354 1118 2412 christus
1131 2356 1272 2413 Dominus
1282 2356 1466 2430 loquebatur,
1477 2356 1579 2414 scribit
1587 2356 1746 2415 Corinthiis
1757 2359 1809 2416 :dr

104 2447 240 2518 quem
262 2449 411 2517 inanimi,
435 2450 832 2522 memoriaemartino
851 2453 879 2506 te
901 2452 931 2506 iu
984 2459 1076 2500 meum
1089 2445 1309 2516 apertamestad
1322 2461 1368 2502 aros
1383 2461 1398 2502 e
1413 2445 1549 2503 Consilii
1562 2448 1600 2519 (tr
1613 2445 1675 2503 dor.
1698 2463 1738 2515 vr,
1751 2447 1807 2518 lt).

102 2536 234 2591 emmila.
250 2534 329 2592 Lissi
343 2535 539 2594 duraoerrios
553 2537 623 2609 sint,
638 2542 669 2594 et
683 2537 771 2594 corde
794 2537 930 2595 indoma·
985 2541 1021 2598 st
1034 2540 1070 2598 de
1085 2541 1222 2598 Savatore
1236 2542 1388 2599 Mattheus
1404 2543 1492 2599 refert
1508 2560 1515 2599 :
1532 2543 1662 2617 Aperiens
1671 2559 1701 2600 os
1715 2560 1806 2612 suum,

104 2622 285 2691 artacaeon
299 2636 369 2682 mea
388 2629 459 2682 suut
487 2625 608 2684 fortiora
635 2630 788 2700 praecepta.
817 2627 878 2686 Nec
902 2630 932 2686 ie
984 2630 1095 2688 docebm
1107 2630 1254 2702 discipmos
1268 2629 1371 2703 (Dalm.
1386 2646 1415 2699 v,
1428 2631 1468 2701 2).

102 2715 191 2786 putes
205 2726 271 2768 me
284 2712 454 2788 dereptum,
471 2713 636 2771 simittaris
651 2716 687 2771 ad
701 2731 752 2772 eos
774 2715 825 2789 qui
841 2719 869 2773 ts
887 2716 930 2773 lo·
1020 2719 1053 2776 Et
1065 2718 1135 2789 aldi,
1149 2723 1176 2776 et
1189 2735 1248 2776 ecce
1261 2736 1361 2776 manaa
1378 2720 1464 2776 mirra
1491 2717 1531 2776 od
1555 2732 1607 2776 me.
1634 2718 1688 2776 Pro
1716 2733 1807 2778 manu

103 2806 243 2874 quantem
260 2817 319 2859 nou
327 2802 460 2860 audiant.
471 2802 544 2861 ileos
556 2803 682 2876 predico
692 2803 744 2860 tibi
754 2805 834 2877 quod
848 2804 930 2862 insa·
985 2807 1230 2875 miserescentem
1243 2807 1435 2882 Septuaginta
1448 2806 1743 2874 transtuleruntoua
1752 2811 1807 2866 mit

104 2890 198 2962 niani,
212 2892 244 2947 et
258 2896 474 2966 congregentur
487 2893 643 2950 adversum
658 2895 697 2963 te,
713 2896 743 2949 et
758 2892 930 2951 circundcnt
983 2895 1056 2953 titur
1070 2900 1099 2954 et
1113 2897 1279 2954 extenditur
1293 2897 1329 2954 ad
1344 2896 1459 2970 eos,qui
1471 2894 1612 2954 beneficia
1626 2911 1809 2970 consequun-

104 2983 142 3050 te‚
155 2977 278 3036 nullum
289 2980 347 3037 tibi
361 2978 502 3055 stingium
525 2979 736 3055 relinquentes.
753 2982 812 3038 iloc
831 2986 929 3040 summ
984 2988 1042 3041 tur.
1058 2985 1352 3044 contrahiturautem
1369 2985 1405 3043 ab
1421 2985 1468 3041 bis
1484 2984 1592 3058 quibua
1606 2983 1738 3058 loquitur
1755 2999 1808 3058 per

105 3066 224 3136 briant,
240 3068 312 3141 quia
328 3068 470 3127 increduli
484 3074 566 3138 sunt,
583 3072 613 3128 ei
636 3070 686 3127 Dei
710 3071 835 3145 imperia
860 3088 929 3130 eon·
984 3074 1156 3147 prophetam
1182 3091 1189 3130 :
1222 3074 1361 3148 Numquid
1384 3074 1523 3131 abreoioto
1551 3076 1577 3130 et
1602 3076 1744 3131 coeundo
1772 3083 1813 3131 est

104 3160 284 3214 mentes.
945 3146 966 3214 C
984 3178 1084 3219 monus
1102 3165 1212 3219 Domini
1225 3164 1280 3224 lisa
1295 3180 1321 3233 a,
1336 3166 1366 3233 2)
1380 3162 1395 3218 ‘l
1410 3163 1445 3218 Et
1472 3163 1502 3218 in
1530 3160 1646 3219 Psalmo
1663 3179 1670 3218 ε
1685 3164 1718 3221 Ut
1744 3162 1811 3235 quid

138 3246 173 3300 lit
186 3261 253 3301 cam
266 3245 456 3319 scorpionibus
469 3247 589 3304 babitus.
608 3249 700 3304 Verbo
729 3264 824 3305 eoram
840 3266 879 3306 ne
893 3251 928 3306 ti·
984 3252 1085 3307 ooertia
1099 3267 1215 3307 menam
1228 3260 1344 3320 tuomet
1357 3250 1499 3308 damarum
1508 3258 1585 3308 taam
1594 3250 1627 3307 de
1639 3250 1730 3308 medio
1744 3253 1809 3308 airu

104 3343 190 3402 m,
204 3333 331 3392 esaim
344 3348 485 3393 coruom
498 3334 639 3409 remeas,
656 3338 723 3410 quia
737 3337 833 3395 domur
850 3353 929 3396 eaeor-
983 3341 1032 3395 tao
1046 3340 1078 3395 ia
1091 3341 1176 3412 tieem
1189 3340 1276 3414 (Prot,
1292 3354 1390 3408 axxrn,
1403 3338 1446 3411 tt)
1461 3339 1476 3394 i
1490 3339 1620 3412 Denique
1632 3339 1763 3397 extendit
1777 3341 1809 3397 in

103 3438 205 3495 penna
219 3432 269 3481 eat.
284 3422 341 3491 Qui
354 3423 469 3498 possint
478 3424 576 3496 ierire,
587 3425 638 3498 qui
646 3429 765 3483 arcuato
779 3431 930 3500 percutere
983 3428 1120 3500 passione
1134 3445 1246 3502 pennas
1275 3445 1355 3495 suas,
1376 3427 1563 3501 suscepitque
1587 3427 1759 3500 discipulos,
1780 3430 1810 3485 ei

103 3511 268 3583 volneraet
280 3510 680 3584 aculeotlstnlato,utsadem
693 3513 779 3589 plaga
794 3519 929 3574 stentem
984 3515 1184 3589 portavitilios
1199 3514 1228 3572 iu
1244 3516 1377 3573 humeris
1392 3516 1467 3585 suis,
1483 3519 1512 3572 et
1526 3515 1642 3573 loeutus
1660 3520 1728 3573 est:
1745 3517 1808 3573 loto

103 3601 225 3675 aperiat,
239 3603 269 3658 et
279 3617 394 3658 venena
406 3600 562 3659 diffundat.
576 3601 785 3677 Unusquisque
800 3620 854 3677 pro
868 3620 930 3662 mo-
982 3602 1027 3661 die
1053 3605 1174 3679 expandi
1192 3621 1294 3662 menas
1311 3620 1373 3661 mro
1386 3604 1422 3661 od
1433 3604 1567 3677 populum
1580 3620 1637 3660 nou
1654 3603 1810 3661 credentem

103 3688 186 3747 ffltus
200 3689 266 3747 suis
280 3690 403 3749 sortitur
414 3689 715 3748 vocabulumscribis
730 3696 758 3749 et
772 3691 928 3751 Pharisais
982 3694 1047 3767 (isa.
1059 3711 1122 3766 axv,
1137 3693 1177 3767 2),
1193 3697 1227 3750 nt
1240 3696 1431 3767 congregaret
1445 3692 1522 3749 illios
1538 3693 1638 3761 lsrael,
1652 3692 1729 3748 sicut
1741 3691 1803 3766 gal*-

104 3776 233 3834 dicitur:
251 3778 397 3838 amatu
405 3779 678 3853 marmoreamve.
694 3781 836 3855 xxr11,33).
848 3784 929 3839 tilde
982 3779 1043 3837 lina
1057 3785 1215 3856 congregat
1225 3780 1322 3854 pullos
1337 3780 1392 3837 sub
1407 3779 1554 3836 alassuus
1570 3796 1577 3834 :
1594 3782 1624 3836 et
1638 3779 1806 3835 extensione

103 3865 215 3924 Herode
230 3868 283 3940 qui
296 3868 462 3943 versipellis
477 3873 540 3926 erat
552 3887 560 3926 ε
574 3871 613 3926 ite
626 3873 652 3926 et
666 3869 749 3927 dicite
763 3871 840 3944 vulpi
862 3872 929 3929 iaie
982 3885 1125 3926 manuum
1141 3870 1243 3943 Moysi,
1257 3869 1343 3926 Israel
1359 3871 1480 3941 superat
1490 3868 1608 3924 Amalec
1622 3867 1720 3941 (deod,
1735 3870 1806 3937 xvn)

102 3956 182 4027 (tae.
198 3972 260 4026 xm,
274 3957 332 4030 32).
348 3956 385 4013 st
398 3957 660 4032 pseudopropheta
687 3959 718 4015 iu
746 3959 801 4016 hoo
825 3960 928 4016 eodem
1018 3959 1111 4031 (Vers.
1128 3959 1168 4031 9.)
1182 3961 1214 4015 iu
1229 3976 1282 4031 qao
1297 3966 1356 4015 erat
1370 3957 1510 4015 innotatur
1526 3957 1605 4029 tiber,
1629 3960 1655 4014 et
1673 3955 1808 4030 expondit

103 4043 251 4116 Propheta
269 4043 413 4119 vulpibus
438 4050 655 4119 comparantur.
678 4047 714 4103 itt
739 4064 819 4104 nunc
841 4050 929 4106 corde
981 4047 1064 4104 ritum
1076 4062 1171 4104 coram
1183 4063 1234 4104 me.
1252 4045 1381 4120 etiiulg.
1397 4047 1457 4120 qai)
1471 4047 1658 4118 ermsmiptas
1685 4047 1761 4102 intur
1782 4053 1809 4102 et

102 4132 277 4191 indomabili
292 4135 464 4208 scorpiones
479 4150 544 4192 esse
558 4135 705 4192 dicuntur.
733 4131 814 4194 Unde
842 4141 872 4194 et
895 4138 927 4194 in
980 4139 1070 4209 forts:
1085 4138 1247 4209 scriptorque
1259 4144 1339 4192 ment
1353 4138 1384 4191 iu
1394 4151 1424 4192 eo
1434 4136 1807 4202 tamentationeaetcormen

102 4219 261 4295 Evangelio
276 4220 405 4296 legimus
419 4240 429 4278 :
444 4223 544 4280 Omnes
558 4225 608 4298 qai
625 4227 690 4281 onte
716 4240 759 4282 me
784 4234 927 4293 reumont,
981 4231 1007 4282 et
1019 4241 1069 4281 ooe.
1089 4224 1122 4281 lit
1136 4225 1211 4280 desit
1224 4224 1259 4280 ad
1272 4240 1317 4280 me
1332 4242 1338 4280 :
1354 4224 1408 4279 Fili
1422 4222 1552 4292 bominis,
1563 4223 1751 4297 qaodmrnrque
1764 4225 1807 4279 irr-

99 4313 217 4383 {flemi
232 4313 309 4384 {nrm
323 4320 351 4369 et
365 4306 485 4370 inurerer
498 4318 526 4370 et
552 4329 608 4370 non
623 4313 772 4372 audierant
796 4331 842 4372 eos
869 4330 929 4372 ovea
985 4315 1100 4385 amris,
1115 4311 1231 4370 comede.
1258 4313 1311 4368 Pro
1336 4311 1468 4368 involuto
1494 4308 1581 4380 libro,
1615 4310 1806 4384 Septuaginta

100 4399 212 4472 (Ionan.
229 4414 258 4472 r,
275 4400 315 4473 8).
330 4400 365 4458 lit
376 4401 523 4474 quomodo
537 4417 605 4459 oves
621 4400 741 4475 perdita
765 4402 870 4460 domus
885 4405 929 4461 ls·
981 4403 1133 4476 comiatum
1148 4403 1216 4458 libri
1227 4400 1452 4458 transtulerunt.
1468 4400 1502 4456 lu
1517 4415 1605 4456 manu
1621 4398 1738 4456 Domini
1760 4412 1808 4455 se·

101 4488 165 4546 rael
179 4488 342 4547 audierunt
355 4489 563 4548 adversarios?
577 4490 618 4545 Ex
633 4506 691 4563 quo
705 4491 929 4559 ostenditur,eos
944 4513 967 4578 D
982 4492 1062 4548 denti
1076 4507 1165 4564 super
1178 4490 1328 4560 thronum,
1346 4504 1409 4562 qus
1423 4489 1517 4546 missa
1531 4492 1576 4544 est
1586 4492 1615 4545 et
1627 4491 1753 4544 extenta.
1763 4487 1806 4544 De

99 4578 153 4651 qui
168 4577 322 4635 audierint
335 4578 416 4636 iures
433 4582 462 4636 et
474 4576 615 4647 latrones,
632 4578 729 4636 ovium
753 4580 927 4638 vocabulum
985 4596 1042 4651 quo
1057 4583 1086 4636 et
1098 4579 1127 4634 in
1144 4578 1269 4635 Psalmis
1284 4577 1415 4635 dicitur:
1431 4579 1463 4634 ln
1477 4578 1566 4650 capite
1579 4577 1647 4633 libri
1673 4583 1808 4646 scriptam

103 4666 311 4738 perdidissem
321 4667 378 4725 alia
388 4668 928 4742 assumpsissenomina‚ntnonqnasi
983 4675 1024 4723 est
1040 4667 1073 4723 de
1088 4683 1131 4723 mc
1144 4667 1232 4740 (Prot,
1247 4682 1343 4733 xxxix,
1358 4668 1397 4739 8).
1413 4665 1584 4739 Capitulum
1598 4663 1647 4722 2⁷
1664 4661 1808 4733 intelliga-
1904 4697 1906 4701 ι

102 4754 336 4827 orsaparierint,
353 4756 403 4812 sed
420 4757 507 4829 quasi
528 4756 644 4829 viperea
659 4755 762 4830 vulpes
790 4760 819 4812 et
848 4773 930 4814 scor·
984 4771 1052 4812 mus
1067 4755 1228 4812 exordium.
1246 4750 1806 4824 isteliberinvolutusatqnesignatns‚
1857 4811 1860 4815 ,

102 4842 220 4916 Pim-
984 4845 1171 4919 scriptusque
1187 4844 1267 4901 intus
1282 4848 1310 4900 ei
1323 4844 1404 4912 loris,
1421 4843 1464 4899 vel
1479 4846 1547 4898 ante
1572 4845 1601 4897 et
1626 4843 1703 4911 post,
1717 4840 1808 4894 tantae

137 4931 234 5004 (Vera.
247 4930 280 5003 7,
292 4934 333 5007 8.)
347 4935 380 4990 st
394 4934 514 5007 loqueris
524 4934 606 4991 uerbo
617 4950 680 4991 oreo
698 4933 734 4989 ud
749 4949 793 4991 eos
810 4936 931 5008 :risorie
984 4934 1169 4991 difficultatis
1184 4933 1249 5000 luit,
1265 4937 1297 4988 ut
1310 4931 1411 4989 nullus
1426 4928 1552 5004 potuerit
1564 4942 1661 5000 neque
1675 4927 1707 4984 in
1721 4925 1805 4996 coelo,

99 5021 430 5096 audiunt‚etir'meurri,(b)
439 5021 481 5081 vel
489 5025 769 5096 pulmentariorum
776 5025 931 5081 irritatores
983 5038 1079 5096 neque
1093 5022 1123 5079 in
1137 5028 1226 5090 terra,
1242 5038 1337 5094 neque
1352 5020 1459 5078 subtus
1467 5023 1576 5074 terram
1592 5016 1705 5090 aperire
1719 5016 1804 5072 illum

97 5116 178 5170 atat.
196 5112 233 5168 Tu
245 5118 349 5184 ouum,
364 5113 407 5184 titi
419 5114 550 5184 bominis,
580 5113 647 5170 uadi
660 5111 732 5187 qaod
759 5128 806 5185 epo
835 5115 930 5185 loquor
986 5111 1124 5185 ellegere
1139 5108 1196 5167 nisi
1212 5110 1294 5168 sotus
1308 5109 1352 5165 leo
1367 5106 1493 5164 detribu
1507 5104 1596 5175 duda,
1613 5103 1695 5161 radix
1712 5101 1804 5162 David

139 5375 929 5510 (uJCsnieriiabannmabihuncexliieronymoiocum
983 5379 1062 5454 quod
1076 5376 1154 5437 enim
1170 5375 1210 5433 ait
1223 5372 1364 5432 ilebraioe
1378 5376 1423 5430 est
1447 5354 1542 5443 iiim,
1571 5368 1689 5428 Hieron.
1720 5366 1808 5423 vertit

99 5451 154 5510 lan
178 5446 750 5527 atinbpistadlirberardumcomitem
763 5454 923 5515 cannabe·
983 5455 1150 5585 &assaraci
1175 5447 1256 5531 mr
1279 5462 1346 5504 vera
1373 5446 1534 5530 πτοῃθᾰσιν,
1564 5446 1689 5500 timeant.
1718 5438 1806 5526 Porro

99 5524 196 5583 resim
210 5523 425 5583 dotbesoalehi.
1007 5521 1308 5605 ieronymrsnsmraie
1345 5509 1806 5597 rotationenseptaagirtuvamtt

137 5596 178 5671 [bi
195 5595 431 5669 Victor.,inrerso
446 5596 583 5667 ordinari
597 5599 646 5674 qai
675 5598 927 5668 custodiimcaat:
984 5591 1275 5666 comtnnotaatprs
1331 5604 1388 5651 err.
