3818 6104
90 310 155 379 tta
383 306 756 377 commutationum
779 308 819 370 IN
842 301 1091 370 assummum
1115 307 1189 375 ute.
1213 299 1294 374 Xlll.
1316 304 1404 372 cte.
1425 306 1518 375 XLV.
1740 311 1800 376 tm

95 445 153 518 lus,
170 444 321 504 seeundum
344 446 545 518 separationem
558 444 715 498 sanctuarii
729 444 803 496 orarii
826 442 919 497 domui
933 439 959 504 A
975 443 1153 508 cerdatibus‚
1168 442 1350 514 appellantur
1360 441 1424 498 loca
1439 448 1574 517 separata
1587 449 1616 504 et
1630 450 1800 505 consecrata

95 531 918 607 lsrael.Principiqaoquetiacetiadc(attemperatione(set
975 529 1003 585 iu
1016 530 1223 594 ministerium,
1234 536 1262 586 et
1273 531 1300 584 in
1314 531 1575 590 sanctificationem
1587 535 1687 592 domui
1699 537 1798 593 lsrael.

97 625 398 698 primumprimnum
407 625 435 678 in
444 623 638 695 possessionem
646 623 765 677 ciuitatis
774 634 869 677 eontra
878 619 922 694 so·
975 619 1044 676 Post
1054 619 1276 693 quadruplicem
1285 625 1368 677 terra
1384 626 1490 679 sancta
1504 624 1739 698 descriptionem,
1752 645 1802 700 po·

99 717 162 770 ciem
176 715 360 786 separationis
374 713 538 780 sanctuarii,
554 716 581 767 et
594 716 690 767 earttru
705 713 807 782 faciem
819 726 921 782 posses·
975 709 1055 766 nitur
1069 709 1169 781 quinta
1180 709 1295 766 divisio.
1308 712 1456 784 Princeps,
1469 712 1527 769 sive
1544 715 1602 770 dux
1612 716 1712 789 populi
1725 718 1799 774 acci-

103 805 179 861 sionis
194 803 273 857 urbis
290 819 307 856 o
322 803 406 857 tatere
418 803 504 857 maris
514 816 599 872 usquc
613 800 647 854 aa
663 807 750 868 more,
764 803 792 855 et
806 817 822 854 a
838 800 921 855 latere
975 800 1037 873 piat
1051 799 1120 855 hinc
1134 804 1163 855 et
1178 800 1256 864 inde,
1266 800 1319 856 hoc
1334 805 1388 869 est,
1398 818 1432 857 ex
1443 805 1565 875 utraque
1576 809 1656 877 parte
1667 810 1802 863 sanctua-

106 893 215 949 Orientis
226 908 313 963 eaque
327 890 362 945 od
378 889 524 957 timentem,
538 889 720 959 lonpitndinis
734 897 827 944 autem
837 890 919 959 jurata
976 889 1010 944 rii
1027 889 1056 943 in
1069 890 1285 961 passessionem
1303 907 1398 956 suam,
1411 895 1440 946 et
1454 891 1484 946 in
1501 894 1572 948 urbe
1585 899 1717 951 versetur
1733 912 1739 950 :
1757 914 1801 952 rc-

106 996 318 1053 unomquomque
329 984 438 1051 partem
451 996 468 1033 a
480 981 599 1034 terraiao
615 977 872 1049 Occidentaliusaue
887 977 921 1032 ad
976 978 1139 1051 spiciatque
1154 980 1219 1050 ejus
1235 980 1382 1051 possessio
1398 981 1432 1036 ad
1450 986 1619 1052 separatum
1635 984 1744 1057 templo
1759 984 1801 1041 lo·

108 1073 244 1128 liminum
259 1070 438 1137 orientalem,
454 1076 537 1125 terrm
560 1068 656 1141 [Vulg.
675 1069 708 1123 de
722 1067 808 1140 terro]
826 1068 880 1122 erit
896 1067 922 1121 ei
976 1084 1054 1134 cum,
1067 1072 1096 1123 et
1107 1068 1209 1124 tractem
1219 1068 1301 1124 urbis
1313 1088 1319 1125 ε
1332 1069 1429 1141 sitque
1441 1086 1458 1124 a
1469 1068 1558 1126 latere
1569 1073 1669 1139 maris,
1682 1075 1735 1129 boc
1746 1080 1801 1142 est,

109 1162 221 1237 pomisne
233 1162 265 1215 iu
274 1159 406 1214 israel.·el
416 1174 471 1213 aon
483 1157 921 1230 copulabuntur(siveuasmlma-t)
976 1157 1012 1212 ab
1025 1156 1189 1224 Occidente,
1201 1174 1296 1230 usque
1311 1158 1346 1213 ad
1362 1158 1484 1214 alterum
1501 1161 1578 1216 latus
1589 1162 1689 1230 maris,
1702 1162 1802 1218 latitu-

111 1253 169 1308 ultro
180 1249 322 1322 principes
334 1249 464 1320 populum
477 1263 567 1302 meum
582 1265 591 1300 .·
606 1250 631 1302 et
647 1245 743 1318 [Vulg.
753 1247 809 1316 sect]
820 1253 922 1301 terram
976 1246 1074 1302 dinem
1090 1247 1211 1310 habens,
1228 1263 1316 1319 quam
1327 1247 1449 1304 inferius
1465 1249 1493 1304 in
1510 1250 1736 1322 descriptionem
1748 1252 1800 1307 tri-

114 1338 197 1396 iotunt
207 1337 305 1392 domui
315 1337 399 1392 lsrael
416 1335 566 1392 secuudum
579 1336 666 1390 tritas
678 1350 780 1390 eorum.
793 1335 862 1390 Post
873 1349 921 1389 ce·
976 1336 1069 1391 buum
1085 1335 1267 1407 singularum
1284 1336 1427 1409 propheta
1441 1338 1590 1394 describit.
1607 1340 1739 1412 Denique
1754 1359 1802 1399 se·

116 1427 244 1485 remonias
259 1425 445 1482 sacerdotum
461 1424 632 1496 cultumque
647 1440 747 1480 eorum
767 1426 795 1478 et
811 1424 921 1491 cibum,
977 1425 1099 1498 quitur:
1117 1427 1147 1480 la
1174 1425 1345 1496 lonpitudine
1365 1431 1455 1482 uatem
1475 1429 1559 1500 jueta
1583 1445 1805 1503 unamquamque

118 1515 295 1589 quedebeunt
304 1529 502 1585 sumereque
512 1513 603 1568 vitare
613 1531 619 1567 :
631 1528 709 1567 nuuc
720 1517 802 1567 terras
815 1516 921 1567 sanctas
976 1516 1053 1572 569
1063 1520 1183 1585 partem,
1192 1516 1497 1588 quamsinpuiaetribus
1506 1518 1804 1589 occipiunt,atermino

119 1603 178 1669 iacit,
187 1602 427 1675 descriptionem,
436 1607 464 1657 et
478 1605 636 1672 antequam
652 1617 769 1657 omnem
786 1601 815 1655 in
827 1600 921 1656 tribus
978 1604 1157 1674 occidentali,
1169 1603 1197 1657 id
1209 1607 1262 1674 est,
1273 1604 1375 1671 maris,
1386 1621 1479 1676 usque
1490 1606 1524 1660 ad
1537 1606 1803 1664 terminumOrien·

122 1692 215 1761 diridet,
225 1692 261 1747 de
270 1689 531 1747 cunctistribubus
541 1691 623 1760 jubet
635 1689 700 1762 eligi
711 1689 819 1757 locum,
831 1689 880 1762 qui
891 1689 920 1744 in
975 1691 1076 1759 talem,
1089 1692 1138 1763 qui
1154 1691 1204 1746 ubi
1220 1692 1348 1760 finiatur,
1361 1691 1390 1747 iu
1406 1693 1538 1749 tribuum
1549 1696 1745 1769 descriptione
1754 1715 1802 1754 no·

122 1781 279 1853 longitudine
291 1778 398 1834 habeat
407 1778 509 1851 viginti
521 1777 651 1850 quinque
662 1777 764 1844 millia,
774 1783 803 1834 et
816 1779 845 1834 in
857 1778 923 1833 lati·
939 1808 962 1872 B
977 1797 1104 1836 scamus.
1121 1781 1155 1835 Et
1169 1780 1230 1836 hac
1245 1781 1300 1835 erit
1314 1781 1461 1853 possessio
1475 1783 1569 1849 ducis,
1586 1784 1645 1840 sive
1660 1785 1802 1858 principis

126 1869 198 1924 tudina
210 1868 311 1924 decem
328 1866 472 1922 militaus
489 1868 559 1938 quin
573 1871 684 1923 nonest
700 1868 830 1938 positum
841 1867 922 1922 cubi·
977 1869 1007 1924 in
1023 1873 1100 1924 terra
1115 1868 1214 1924 lsrael.
1231 1869 1296 1925 Haec
1311 1869 1429 1926 interim
1445 1871 1523 1927 dicta
1547 1872 1617 1937 sint,
1633 1877 1666 1929 ut
1680 1874 1804 1946 simplex

127 1961 195 2013 taum
209 1957 268 2013 sira
283 1957 392 2029 pedum
408 1961 460 2011 aut
474 1955 625 2023 ulnarum,
642 1955 820 2029 subintelligi
837 1957 923 2012 datur
977 1957 1106 2015 historice
1132 1974 1228 2014 sermo
1252 1962 1398 2039 nascatur.
1415 1960 1556 2016 Caeterum
1581 1962 1605 2017 si
1625 1961 1804 2019 voluerimus

130 2031 261 2117 significare
280 2045 427 2100 calamum
444 2044 494 2115 qui
508 2048 571 2099 erat
582 2045 610 2098 in
623 2061 711 2099 manu
723 2044 823 2111 viri,et
838 2045 924 2101 habe·
977 2063 1146 2119 comparare
1161 2046 1365 2119 spiritualibus
1380 2048 1556 2120 spiritualia,
1572 2055 1601 2106 et
1616 2052 1696 2122 juxta
1712 2069 1804 2124 quos-

130 2133 163 2188 ta
177 2150 309 2190 mensuras
324 2150 375 2188 sex
396 2132 521 2197 cubitos,
537 2137 565 2187 et
579 2132 688 2188 sexium
705 2138 817 2206 partem
835 2134 923 2190 unius
978 2135 1046 2192 dam
1057 2135 1229 2208 interpretes
1240 2137 1275 2191 ad
1283 2135 1386 2193 altiora
1396 2139 1661 2212 conscendere,qui
1669 2146 1807 2197 asserunt

130 2223 205 2288 cubiti,
218 2223 245 2278 id
260 2225 315 2287 est,
331 2218 495 2290 παλαιστήν,
512 2219 643 2294 Diligens
666 2226 807 2294 supputet
822 2221 921 2292 lector,
978 2224 1103 2296 liguram
1113 2224 1353 2280 futurorumesse
1364 2226 1529 2296 prasentia,
1541 2232 1569 2283 et
1579 2229 1680 2284 omnia
1693 2246 1756 2302 qua
1766 2230 1805 2285 di·

131 2310 375 2382 quotcalamimillc
383 2326 489 2383 passus
501 2309 617 2377 iaciant,
627 2314 750 2381 etquam
758 2311 851 2367 multa
861 2311 925 2366 mil·
979 2317 1085 2368 cuntur
1099 2312 1244 2384 pertinere
1268 2313 1304 2367 ad
1320 2312 1467 2369 coelestem
1491 2315 1665 2383 Jerusalem,
1684 2335 1748 2390 quea
1762 2322 1807 2375 est

129 2397 160 2454 lic
172 2400 194 2455 io
210 2400 388 2472 longitudine
403 2398 499 2470 fuerit,
517 2402 544 2454 et
560 2398 723 2455 latitudine.
741 2404 810 2456 Post
834 2417 921 2472 quam
979 2400 1805 2476 materomniumnostrum,etEcclesiamprimitivorum,

128 2488 339 2562 descriptionem,
357 2504 459 2543 rursus
478 2488 619 2560 precipit,
637 2494 669 2543 ut
692 2489 727 2543 dc
743 2489 924 2545 sanctificata
978 2506 1036 2546 uon
1052 2490 1172 2561 quidem
1189 2488 1309 2544 difficile
1325 2488 1379 2545 erit
1394 2490 1491 2546 dicere
1511 2508 1574 2563 qum
1592 2493 1669 2549 dicta
1685 2498 1806 2552 suntab

127 2581 195 2643 terra,
206 2595 264 2650 qun
275 2577 368 2634 electa
378 2582 424 2633 est
437 2593 471 2633 ex
481 2576 619 2632 amnibus
635 2576 772 2631 tribubus
783 2576 881 2646 Israel,
893 2578 923 2633 id
979 2578 1045 2634 aliis
1056 2594 1061 2633 τ
1073 2578 1123 2632 sed
1138 2593 1273 2633 veremur
1283 2595 1318 2633 ne
1328 2577 1501 2649 hujusmodi
1512 2581 1723 2651 expositionem
1735 2601 1804 2656 pru-

126 2666 257 2740 estaiginti
271 2667 402 2739 quinque
413 2665 538 2720 millium
555 2664 735 2721 calamorum
751 2665 780 2719 in
797 2665 923 2738 longita·
978 2667 1153 2724 denslector
1173 2683 1359 2738 nequaqnam
1376 2667 1507 2739 recipiat.
1522 2667 1604 2725 Unde
1624 2671 1659 2726 ad
1677 2688 1837 2743 presens*-

125 2755 187 2822 dine,
200 2760 224 2811 et
246 2757 344 2812 decem
369 2753 496 2809 millium
511 2755 541 2808 in
566 2752 732 2822 latitudine,
748 2752 873 2826 eligatur
888 2757 922 2811 ad
977 2753 1346 2827 tempus,etadEcclesiam
1358 2770 1422 2825 que
1432 2770 1510 2809 nunc
1521 2755 1671 2812 taboratin
1683 2761 1806 2825 munda,

124 2844 304 2900 edificandum
316 2842 565 2911 sanctuarium,id
581 2847 625 2898 est
640 2842 784 2915 templum
798 2844 922 2913 Domini,
979 2846 1007 2900 et
1021 2844 1057 2898 ud
1069 2841 1196 2898 caelestia
1209 2842 1251 2898 ire
1263 2841 1396 2911 festinat,
1407 2843 1559 2898 referenda
1571 2849 1640 2900 sunt
1651 2847 1761 2915 amnia,
1774 2851 1807 2904 ut

123 2932 345 2990 aliaiutrinsecus
357 2933 671 3004 terraquingentorum
682 2931 862 2987 calamorum
873 2949 925 3005 per
978 2932 1015 2988 de
1029 2931 1164 2987 universo
1190 2932 1303 2987 mundo
1319 2930 1466 3004 eligantur
1480 2930 1529 2987 alii
1544 2931 1573 2987 iu
1589 2935 1807 3005 possessionem

123 3023 266 3094 circuitum,
283 3023 360 3080 558
376 3023 431 3078 hoc
446 3025 501 3089 est,
512 3023 603 3076 duum
620 3019 800 3076 milliumitt
816 3038 852 3076 aa
868 3022 923 3077 lor·
978 3020 1437 3092 Dei,quisanctun1possideant{;
1450 3019 1807 3097 alii‚quiadmajorapra-

122 3111 185 3166 sitan
198 3111 312 3167 edificio
327 3109 518 3183 templissndes
527 3109 590 3164 aliae
602 3109 808 3181 jungerentur,
825 3110 923 3182 praeci-
979 3109 1109 3175 iecerint,
1133 3113 1251 3165 teneant
1274 3113 1376 3165 sancta
1403 3114 1583 3166 sanctorum.
1605 3111 1637 3166 In
1663 3113 1809 3171 ministris

123 3201 158 3272 pit
170 3204 196 3255 ut
208 3200 420 3273 quinquaginta
434 3197 541 3254 cubitis
557 3213 608 3270 per
623 3198 777 3254 circuitum
792 3203 870 3255 terra
885 3199 924 3255 sit
940 3174 962 3243 G
980 3213 1097 3271 quoque
1112 3199 1182 3253 ordo
1198 3199 1330 3255 diversus
1341 3202 1386 3254 est
1399 3199 1585 3255 sacerdotum
1601 3205 1630 3257 et
1641 3200 1805 3259 Levitarum

122 3304 197 3343 meua
208 3290 236 3344 in
246 3290 432 3346 suburbana:
447 3286 490 3342 vel
504 3291 536 3341 ut
550 3287 745 3359 Symmachus
755 3288 923 3344 ctheodo·
976 3302 1102 3359 quorum
1114 3287 1350 3344 aliinratianibus
1360 3288 1424 3343 suis
1435 3291 1521 3361 atqua
1531 3287 1689 3345 virtutibus
1704 3290 1805 3361 quoti·

123 3376 258 3433 lioettttt
269 3378 492 3447 transtulerunt,
504 3375 533 3429 in
547 3375 716 3442 terminum,
728 3378 922 3448 etseparatio·
977 3376 1310 3432 diesacrissciaalierunt
1321 3376 1379 3431 Deo
1389 3394 1395 3444 ;
1406 3375 1453 3431 alii
1466 3376 1495 3431 in
1507 3376 1646 3441 secundo,
1657 3381 1687 3431 et
1697 3378 1805 3433 minori

125 3479 179 3521 nam
190 3472 214 3522 et
226 3467 434 3540 spatiumflac
444 3464 638 3535 descriptione
652 3463 744 3544 finita,
758 3463 815 3520 alia
830 3481 864 3521 cx
878 3465 923 3520 iu·
978 3466 1071 3537 gradu
1087 3470 1166 3532 sunt,
1181 3469 1213 3520 ut
1227 3465 1270 3521 cis
1280 3464 1461 3535 ministrent,
1472 3469 1501 3520 et
1516 3480 1626 3536 percos
1640 3464 1690 3536 qui
1702 3465 1739 3519 ad
1751 3466 1806 3520 vir·

125 3551 922 3629 lagromparandaesauctificationismansurnpraecipitur,
978 3559 1076 3610 tutum
1099 3554 1228 3609 culmina
1248 3554 1492 3623 conscenderunt,
1504 3553 1576 3608 etad
1589 3557 1752 3609 extremum
1767 3554 1806 3610 sit

129 3639 922 3718 mutantiquinquemilliumcalamoruminlongitudine,
979 3641 1805 3714 duxsiveprinceps,quitantumpossit‚utcontrauuam

129 3733 150 3783 ct
158 3729 290 3789 latitudine
302 3732 404 3789 decem
417 3729 556 3796 millium,
567 3733 634 3802 post
648 3729 828 3800 superiorem
840 3746 924 3785 men·
979 3731 1089 3786 tribum
1105 3729 1320 3801 possessionem
1346 3728 1469 3800 accipiat
1481 3747 1487 3796 ;
1505 3728 1652 3799 uniusque
1667 3729 1805 3785 meritum

130 3832 207 3876 tumn
217 3826 291 3878 terra
313 3820 371 3876 alia
388 3820 536 3884 metiatur,
553 3818 583 3873 iu
599 3834 656 3887 qua
680 3834 866 3890 nequaquam
887 3818 925 3873 sit
981 3818 1261 3889 compensatmerita
1271 3816 1478 3890 plurimorum,
1489 3816 1806 3889 etprimumdumvcr·

133 3906 256 3980 templum,
269 3910 297 3965 id
310 3913 356 3964 est
366 3912 513 3977 sanctum,
524 3907 572 3962 sed
583 3912 718 3962 sanctum
731 3911 925 3978 sanctumque
981 3913 1063 3964 satur
1078 3906 1107 3962 in
1122 3905 1237 3975 seacula,
1248 3905 1364 3960 damari
1375 3921 1469 3976 usque
1480 3906 1516 3961 ad
1527 3921 1607 3960 mare
1619 3904 1806 3963 latitudinem

136 3998 278 4066 maturum,
297 4003 327 4054 et
340 3997 475 4053 habitent
488 3996 517 4050 in
534 4013 567 4051 ea
582 3996 758 4061 sacerdotes,
776 3995 825 4065 qui
843 4010 925 4050 acce·
980 3995 1144 4068 possideat,
1160 3993 1265 4048 deinde
1281 3992 1316 4048 ab
1329 3992 1496 4058 Occidente,
1513 3991 1574 4047 sive
1589 4009 1606 4046 a
1622 3993 1696 4048 mari
1714 4010 1807 4066 usque

136 4079 192 4137 dunt
206 4086 235 4141 ed
255 4085 453 4143 ministerium
478 4084 604 4140 Domini.
621 4084 759 4140 Habitent
778 4088 875 4139 autem
892 4099 925 4138 ca
981 4082 1189 4150 adorientem,
1207 4086 1237 4136 ut
1253 4079 1407 4152 prasentia
1422 4079 1637 4152 derelinquens,
1652 4081 1688 4138 ad
1705 4081 1806 4139 lutura

134 4173 243 4244 uapore,
264 4176 384 4248 quando
408 4172 578 4230 sacerdotali
595 4173 758 4245 iunguntur
771 4172 876 4242 allicio,
898 4176 944 4236 et
980 4171 1110 4241 festinet,
1125 4175 1153 4225 et
1167 4169 1273 4226 habeat
1299 4172 1408 4225 certam
1424 4169 1640 4240 possessionem
1668 4187 1765 4238 suam,
1780 4175 1809 4227 et
1906 4217 1908 4222 .

133 4259 925 4336 sitipmutdiximuapossessiovigintiquinquemillium
981 4275 1169 4332 nequaquam
1180 4258 1326 4331 principes
1337 4255 1434 4313 aliena
1443 4257 1620 4329 desiderent,
1630 4262 1658 4314 et
1669 4276 1806 4329 unaqua-

133 4347 559 4425 calamoruminlongitudine,et
569 4352 669 4406 decem
682 4349 808 4405 millium
824 4350 854 4404 in
865 4350 928 4405 lati·
982 4365 1037 4421 que
1052 4349 1147 4405 tribus
1162 4362 1246 4404 suam
1272 4351 1385 4420 partem
1400 4351 1498 4402 teneat
1515 4364 1521 4402 :
1539 4348 1616 4419 quad
1640 4347 1756 4418 proprie
1771 4348 1805 4402 ud

133 4438 215 4498 tudine.
227 4447 316 4498 Porro
330 4440 443 4510 Levita,
460 4439 510 4511 qui
532 4439 733 4495 sacerdotibus
746 4439 887 4504 serviunt,
899 4443 927 4493 ct
983 4439 1135 4511 episcopos
1146 4442 1175 4493 et
1184 4437 1380 4510 Presbyteros,
1391 4435 1491 4491 referri
1505 4434 1723 4507 potest,quibus
1736 4435 1807 4490 dici-

133 4522 213 4586 tuen
223 4531 339 4604 propria
350 4527 674 4600 ministeria,accipicnt
683 4527 780 4583 locum
792 4527 828 4582 ad
840 4526 927 4581 aediu-
941 4539 965 4603 Ι)
979 4529 1350 4597 tur,utn0nvastentatque
1361 4522 1807 4597 depopulenturultrupapulum

133 4619 200 4674 nuta
212 4620 314 4693 viginti
328 4617 525 4690 pamphylum
536 4617 629 4687 duxlt
642 4615 778 4688 Aquilam
794 4614 925 4676 exedras:
981 4616 1042 4686 Dei,
1059 4632 1111 4672 nec
1126 4620 1234 4672 terram
1252 4613 1339 4670 lsrael
1363 4612 1530 4668 hereditate
1546 4611 1739 4682 possideant:
1756 4612 1807 4667 sed

129 4701 188 4772 iuxta
198 4707 405 4781 Symmachum
420 4706 558 4761 thalamos
566 4722 576 4767 ;
588 4705 673 4775 juxta
687 4703 925 4771 theodotionem,
981 4703 1185 4776 unusquisque
1195 4701 1524 4772 habeatpossessionem
1535 4716 1619 4756 suam
1631 4699 1806 4772 quagradui

128 4799 299 4866 manassias
324 4800 356 4852 ut
373 4795 442 4850 LXX
465 4792 690 4861 transtulerunt,
706 4795 855 4849 civitatem.
872 4797 926 4846 Per
981 4786 1655 4860 illiuscoustitutaest.Vigintiquinqueautem
1668 4787 1807 4843 milliare-

128 4886 183 4952 nod
194 4885 396 4958 intelligimus,
412 4887 580 4956 separatum
604 4881 762 4955 quemdam
776 4881 872 4938 lacum
889 4882 924 4936 ad
981 4881 1114 4937 seruntur
1129 4879 1165 4933 ad
1181 4894 1297 4944 sensus,
1315 4893 1379 4948 quon
1394 4881 1498 4948 quater
1513 4877 1608 4948 posita
1623 4880 1703 4931 sunt.
1720 4876 1808 4933 Porro

128 4968 313 5033 habitationem
322 4972 496 5043 Leritnrum,
506 4971 587 5028 urbis
600 4970 739 5027 vocabulo
751 4971 926 5043 nuncupari,
981 4969 1081 5025 decem
1097 4965 1191 5022 millia
1216 4966 1252 5022 ud
1268 4966 1427 5036 perfectam
1443 4963 1608 5032 scientiam,
1625 4968 1657 5019 ut
1672 4963 1702 5020 in
1718 4964 1808 5022 altero

127 5062 163 5131 tui
173 5062 247 5122 locus
257 5064 388 5138 quinque
400 5060 494 5118 millia
508 5060 615 5116 habeat
624 5059 804 5116 calamorum
819 5061 849 5115 in
861 5059 926 5114 luti·
981 5056 1106 5128 simplex
1117 5059 1231 5111 tantum
1242 5057 1375 5108 teneatur
1385 5051 1517 5117 historia,
1527 5051 1555 5105 in
1570 5051 1661 5109 altero
1672 5052 1760 5109 etiam
1770 5054 1806 5111 de

127 5150 245 5221 atinent
258 5151 362 5226 viginti
375 5149 504 5221 quinqua
516 5147 648 5204 milliain
664 5148 927 5221 longitudineflac
981 5144 1137 5217 theologia,
1154 5154 1182 5199 et
1196 5141 1332 5214 supernis
1346 5139 1503 5195 virtutibus
1523 5139 1690 5212 disputetur
1706 5159 1713 5198 τ
1729 5143 1807 5201 58⁰

128 5244 204 5299 uhta
217 5243 325 5309 omnia,
336 5240 365 5295 id
380 5243 434 5306 est,
451 5237 663 5304 sanctuarium,
676 5241 704 5293 et
719 5238 842 5293 atterum
860 5253 927 5291 san·
982 5234 1051 5308 quia
1061 5230 1233 5290 decenarius
1244 5228 1678 5303 perlectusestnumerus.lllud
1692 5246 1809 5302 quoque

127 5331 462 5400 duadummanctumque
472 5330 653 5394 sanctorum,
662 5331 691 5382 et
701 5324 870 5381 habitacula
880 5341 927 5380 sa·
981 5322 1238 5385 considerandum,
1251 5319 1329 5391 quod
1341 5317 1577 5389 sacerdotes.qui
1588 5317 1618 5374 in
1630 5318 1734 5390 majori
1744 5333 1819 5396 gra-⁸

126 5419 307 5487 anatome
321 5419 426 5474 domus
442 5415 619 5483 Levitarum,
633 5415 683 5487 qui
695 5414 864 5470 ministrant
878 5431 926 5469 sa·
981 5413 1020 5470 du
1034 5415 1104 5466 sunt
1114 5407 1387 5479 constituti,viginti
1399 5406 1631 5478 quinquemillia
1640 5407 1810 5479 possideant

151 5559 184 5632 (a)
196 5559 350 5627 Victorius,
366 5560 431 5613 tine
445 5556 549 5614 eliade
563 5559 593 5612 ia
607 5558 818 5630 separationem,
834 5557 875 5614 ael
887 5557 1029 5628 primitias
1044 5552 1207 5622 sanctuarii,
1223 5558 1248 5607 et
1263 5553 1293 5605 iu
1306 5551 1510 5621 possessioam,
1526 5554 1593 5617 ete,
1604 5549 1689 5621 juxta
1697 5545 1810 5621 Vulga-

124 5632 183 5703 hm,
199 5636 282 5706 atqim
298 5632 448 5689 Hebraeum
462 5633 586 5699 textum,
602 5634 631 5686 et
644 5629 788 5686 Granum.
