<?xml version="1.0" encoding="UTF-8"?>
<!DOCTYPE html PUBLIC "-//W3C//DTD XHTML 1.0 Transitional//EN"
    "http://www.w3.org/TR/xhtml1/DTD/xhtml1-transitional.dtd">
<html xmlns="http://www.w3.org/1999/xhtml" xml:lang="en" lang="en">
 <head>
  <title>
</title>
<meta http-equiv="Content-Type" content="text/html;charset=utf-8" />
  <meta name='ocr-system' content='tesseract 3.04.00' />
  <meta name='ocr-capabilities' content='ocr_page ocr_carea ocr_par ocr_line ocrx_word'/>
</head>
<body>
  <div class='ocr_page' id='page_1' title='image "./patrologiaecurs07goog_0773.png"; bbox 0 0 3840 6098; ppageno 0'>
   <div class='ocr_carea' id='block_1_1' title="bbox 100 208 1801 285">
    <p class='ocr_par' dir='ltr' id='par_1_1' title="bbox 100 208 1801 285">
     <span class='ocr_line' id='line_1_1' title="bbox 100 208 1801 285; baseline 0.004 -8"><span class='ocrx_word' id='word_1_1' title='bbox 100 214 181 278; x_wconf 78' lang='lat' dir='ltr'><strong><em>tosa</em></strong></span> <span class='ocrx_word' id='word_1_2' title='bbox 390 211 764 278; x_wconf 77' lang='lat' dir='ltr'><strong><em>coamanrsmoaon</em></strong></span> <span class='ocrx_word' id='word_1_3' title='bbox 786 211 825 275; x_wconf 86' lang='grc' dir='ltr'><strong><em>ΙΝ</em></strong></span> <span class='ocrx_word' id='word_1_4' title='bbox 846 208 1076 279; x_wconf 75' lang='lat' dir='ltr'>ZAGHARIAM</span> <span class='ocrx_word' id='word_1_5' title='bbox 1098 211 1225 275; x_wconf 80' lang='lat' dir='ltr'><strong><em>masa.</em></strong></span> <span class='ocrx_word' id='word_1_6' title='bbox 1247 211 1302 274; x_wconf 91' lang='lat' dir='ltr'><strong><em>lll.</em></strong></span> <span class='ocrx_word' id='word_1_7' title='bbox 1324 211 1411 276; x_wconf 77' lang='lat' dir='ltr'>CAP.</span> <span class='ocrx_word' id='word_1_8' title='bbox 1432 210 1514 280; x_wconf 83' lang='lat' dir='ltr'><strong><em>xlv.</em></strong></span> <span class='ocrx_word' id='word_1_9' title='bbox 1720 212 1801 285; x_wconf 67' lang='lat'><strong><em>¹⁸88</em></strong></span> 
     </span>
    </p>
   </div>
   <div class='ocr_carea' id='block_1_2' title="bbox 53 345 1889 4860">
    <p class='ocr_par' dir='ltr' id='par_1_2' title="bbox 98 345 1889 3088">
     <span class='ocr_line' id='line_1_2' title="bbox 99 345 1801 426; baseline 0.002 -22"><span class='ocrx_word' id='word_1_10' title='bbox 99 348 162 404; x_wconf 82' lang='lat' dir='ltr'><strong><em>uir:</em></strong></span> <span class='ocrx_word' id='word_1_11' title='bbox 181 347 271 406; x_wconf 85' lang='lat' dir='ltr'><strong><em>Unum</em></strong></span> <span class='ocrx_word' id='word_1_12' title='bbox 278 348 365 420; x_wconf 86' lang='lat' dir='ltr'><strong><em>petivi</em></strong></span> <span class='ocrx_word' id='word_1_13' title='bbox 378 365 396 404; x_wconf 94' lang='lat' dir='ltr'><strong><em>a</em></strong></span> <span class='ocrx_word' id='word_1_14' title='bbox 407 349 535 416; x_wconf 88' lang='lat' dir='ltr'><strong><em>Domina,</em></strong></span> <span class='ocrx_word' id='word_1_15' title='bbox 547 347 597 404; x_wconf 83' lang='lat' dir='ltr'><strong><em>troo</em></strong></span> <span class='ocrx_word' id='word_1_16' title='bbox 611 347 761 420; x_wconf 77' lang='lat' dir='ltr'><strong><em>requiram,</em></strong></span> <span class='ocrx_word' id='word_1_17' title='bbox 772 354 803 403; x_wconf 87' lang='lat' dir='ltr'><strong><em>ut</em></strong></span> <span class='ocrx_word' id='word_1_18' title='bbox 812 347 922 403; x_wconf 75' lang='lat' dir='ltr'><strong><em>intrabi-</em></strong></span> <span class='ocrx_word' id='word_1_19' title='bbox 937 351 965 420; x_wconf 68' lang='grc' dir='ltr'><strong>Α</strong></span> <span class='ocrx_word' id='word_1_20' title='bbox 981 360 1013 402; x_wconf 89' lang='lat' dir='ltr'><strong><em>ac</em></strong></span> <span class='ocrx_word' id='word_1_21' title='bbox 1028 345 1165 402; x_wconf 88' lang='lat' dir='ltr'><strong><em>tribubus</em></strong></span> <span class='ocrx_word' id='word_1_22' title='bbox 1173 349 1256 402; x_wconf 80' lang='lat' dir='ltr'><strong><em>tarra</em></strong></span> <span class='ocrx_word' id='word_1_23' title='bbox 1270 350 1325 415; x_wconf 89' lang='lat' dir='ltr'><strong><em>est,</em></strong></span> <span class='ocrx_word' id='word_1_24' title='bbox 1341 345 1491 404; x_wconf 85' lang='lat' dir='ltr'><strong><em>etidcirco</em></strong></span> <span class='ocrx_word' id='word_1_25' title='bbox 1505 347 1663 408; x_wconf 87' lang='lat' dir='ltr'><strong><em>Dominum</em></strong></span> <span class='ocrx_word' id='word_1_26' title='bbox 1677 366 1735 407; x_wconf 91' lang='lat' dir='ltr'><strong><em>non</em></strong></span> <span class='ocrx_word' id='word_1_27' title='bbox 1752 369 1801 426; x_wconf 71' lang='lat' dir='ltr'><strong><em>pm</em></strong></span> 
     </span>
     <span class='ocr_line' id='line_1_3' title="bbox 98 435 1800 513; baseline 0.004 -20"><span class='ocrx_word' id='word_1_28' title='bbox 98 441 154 494; x_wconf 89' lang='lat' dir='ltr'><strong><em>tem</em></strong></span> <span class='ocrx_word' id='word_1_29' title='bbox 168 439 198 493; x_wconf 90' lang='lat' dir='ltr'><strong><em>in</em></strong></span> <span class='ocrx_word' id='word_1_30' title='bbox 212 438 291 494; x_wconf 87' lang='lat' dir='ltr'><strong><em>domo</em></strong></span> <span class='ocrx_word' id='word_1_31' title='bbox 305 439 417 494; x_wconf 84' lang='lat' dir='ltr'><em>Domini</em></span> <span class='ocrx_word' id='word_1_32' title='bbox 431 439 555 493; x_wconf 78' lang='lat' dir='ltr'><strong><em>ominibus</em></strong></span> <span class='ocrx_word' id='word_1_33' title='bbox 569 438 664 493; x_wconf 88' lang='lat' dir='ltr'><strong><em>diebus</em></strong></span> <span class='ocrx_word' id='word_1_34' title='bbox 678 439 744 495; x_wconf 80' lang='lat' dir='ltr'><strong><em>vitoe</em></strong></span> <span class='ocrx_word' id='word_1_35' title='bbox 758 454 836 502; x_wconf 83' lang='lat' dir='ltr'><strong><em>mea,</em></strong></span> <span class='ocrx_word' id='word_1_36' title='bbox 849 446 874 493; x_wconf 90' lang='lat' dir='ltr'><strong><em>et</em></strong></span> <span class='ocrx_word' id='word_1_37' title='bbox 884 438 923 492; x_wconf 87' lang='lat' dir='ltr'><strong><em>ai·</em></strong></span> <span class='ocrx_word' id='word_1_38' title='bbox 977 438 1035 491; x_wconf 85' lang='lat' dir='ltr'><strong><em>test</em></strong></span> <span class='ocrx_word' id='word_1_39' title='bbox 1051 435 1181 506; x_wconf 85' lang='lat' dir='ltr'><strong><em>adorare,</em></strong></span> <span class='ocrx_word' id='word_1_40' title='bbox 1199 452 1257 491; x_wconf 92' lang='lat' dir='ltr'><strong><em>non</em></strong></span> <span class='ocrx_word' id='word_1_41' title='bbox 1283 435 1338 491; x_wconf 88' lang='lat' dir='ltr'><strong><em>erit</em></strong></span> <span class='ocrx_word' id='word_1_42' title='bbox 1352 453 1440 508; x_wconf 88' lang='lat' dir='ltr'><strong><em>super</em></strong></span> <span class='ocrx_word' id='word_1_43' title='bbox 1461 454 1528 493; x_wconf 90' lang='lat' dir='ltr'><strong><em>cum</em></strong></span> <span class='ocrx_word' id='word_1_44' title='bbox 1546 436 1641 494; x_wconf 89' lang='lat' dir='ltr'><strong><em>imber</em></strong></span> <span class='ocrx_word' id='word_1_45' title='bbox 1653 441 1800 513; x_wconf 82' lang='lat' dir='ltr'><strong><em>tempora·</em></strong></span> 
     </span>
     <span class='ocr_line' id='line_1_4' title="bbox 99 525 1801 602; baseline 0.002 -21"><span class='ocrx_word' id='word_1_46' title='bbox 99 525 177 582; x_wconf 63' lang='lat' dir='ltr'><strong><em>mam</em></strong></span> <span class='ocrx_word' id='word_1_47' title='bbox 193 527 405 584; x_wconf 80' lang='lat' dir='ltr'><strong><em>delectationem</em></strong></span> <span class='ocrx_word' id='word_1_48' title='bbox 421 529 540 592; x_wconf 83' lang='lat' dir='ltr'><strong><em>Domini,</em></strong></span> <span class='ocrx_word' id='word_1_49' title='bbox 556 535 581 583; x_wconf 88' lang='lat' dir='ltr'><strong><em>et</em></strong></span> <span class='ocrx_word' id='word_1_50' title='bbox 597 528 702 582; x_wconf 76' lang='lat' dir='ltr'><strong><em>visitem</em></strong></span> <span class='ocrx_word' id='word_1_51' title='bbox 720 528 850 598; x_wconf 77' lang='lat' dir='ltr'><strong><em>tempium</em></strong></span> <span class='ocrx_word' id='word_1_52' title='bbox 865 528 923 596; x_wconf 85' lang='lat' dir='ltr'><strong><em>ejus</em></strong></span> <span class='ocrx_word' id='word_1_53' title='bbox 977 541 1061 589; x_wconf 91' lang='lat' dir='ltr'><strong><em>neus,</em></strong></span> <span class='ocrx_word' id='word_1_54' title='bbox 1073 528 1101 580; x_wconf 86' lang='lat' dir='ltr'><strong><em>et</em></strong></span> <span class='ocrx_word' id='word_1_55' title='bbox 1116 525 1333 592; x_wconf 87' lang='lat' dir='ltr'><strong><em>serotinus‚nec</em></strong></span> <span class='ocrx_word' id='word_1_56' title='bbox 1346 530 1424 582; x_wconf 88' lang='lat' dir='ltr'><strong><em>terra</em></strong></span> <span class='ocrx_word' id='word_1_57' title='bbox 1434 525 1514 581; x_wconf 89' lang='lat' dir='ltr'><strong><em>illius</em></strong></span> <span class='ocrx_word' id='word_1_58' title='bbox 1526 525 1633 599; x_wconf 85' lang='lat' dir='ltr'><strong><em>pluviis</em></strong></span> <span class='ocrx_word' id='word_1_59' title='bbox 1647 527 1712 583; x_wconf 84' lang='lat' dir='ltr'><strong><em>coeli</em></strong></span> <span class='ocrx_word' id='word_1_60' title='bbox 1722 527 1801 602; x_wconf 82' lang='lat' dir='ltr'><strong><em>riga·</em></strong></span> 
     </span>
     <span class='ocr_line' id='line_1_5' title="bbox 99 614 1801 688; baseline 0.002 -18"><span class='ocrx_word' id='word_1_61' title='bbox 99 615 157 687; x_wconf 81' lang='lat' dir='ltr'><strong><em>(Po.</em></strong></span> <span class='ocrx_word' id='word_1_62' title='bbox 168 617 354 688; x_wconf 79' lang='lat' dir='ltr'><strong><em>xxv1‚l).0ui</em></strong></span> <span class='ocrx_word' id='word_1_63' title='bbox 369 617 399 671; x_wconf 92' lang='lat' dir='ltr'><strong><em>in</em></strong></span> <span class='ocrx_word' id='word_1_64' title='bbox 415 615 582 671; x_wconf 82' lang='lat' dir='ltr'><strong><em>istiusmodi</em></strong></span> <span class='ocrx_word' id='word_1_65' title='bbox 593 615 705 671; x_wconf 88' lang='lat' dir='ltr'><strong><em>habitat</em></strong></span> <span class='ocrx_word' id='word_1_66' title='bbox 715 615 923 684; x_wconf 85' lang='lat' dir='ltr'><strong><em>tabernaculis,</em></strong></span> <span class='ocrx_word' id='word_1_67' title='bbox 978 614 1066 668; x_wconf 88' lang='lat' dir='ltr'><strong><em>bitur.</em></strong></span> <span class='ocrx_word' id='word_1_68' title='bbox 1078 614 1152 683; x_wconf 84' lang='lat' dir='ltr'><strong><em>Sive,</em></strong></span> <span class='ocrx_word' id='word_1_69' title='bbox 1164 619 1196 669; x_wconf 89' lang='lat' dir='ltr'><strong><em>ut</em></strong></span> <span class='ocrx_word' id='word_1_70' title='bbox 1207 619 1355 669; x_wconf 88' lang='lat' dir='ltr'><strong><em>verterunt</em></strong></span> <span class='ocrx_word' id='word_1_71' title='bbox 1364 616 1567 686; x_wconf 86' lang='lat' dir='ltr'><strong><em>Septuaginta,</em></strong></span> <span class='ocrx_word' id='word_1_72' title='bbox 1575 618 1626 687; x_wconf 83' lang='lat' dir='ltr'><strong><em>qui</em></strong></span> <span class='ocrx_word' id='word_1_73' title='bbox 1633 633 1689 672; x_wconf 89' lang='lat' dir='ltr'><strong><em>non</em></strong></span> <span class='ocrx_word' id='word_1_74' title='bbox 1703 633 1801 673; x_wconf 84' lang='lat' dir='ltr'><strong><em>ascen·</em></strong></span> 
     </span>
     <span class='ocr_line' id='line_1_6' title="bbox 100 701 1803 778; baseline 0.002 -18"><span class='ocrx_word' id='word_1_75' title='bbox 100 710 129 761; x_wconf 87' lang='lat' dir='ltr'><strong><em>et</em></strong></span> <span class='ocrx_word' id='word_1_76' title='bbox 144 706 179 761; x_wconf 90' lang='lat' dir='ltr'><strong><em>dc</em></strong></span> <span class='ocrx_word' id='word_1_77' title='bbox 195 703 395 761; x_wconf 88' lang='lat' dir='ltr'><strong><em>tabernaculis</em></strong></span> <span class='ocrx_word' id='word_1_78' title='bbox 405 706 441 761; x_wconf 90' lang='lat' dir='ltr'><strong><em>ad</em></strong></span> <span class='ocrx_word' id='word_1_79' title='bbox 456 705 539 773; x_wconf 87' lang='lat' dir='ltr'><strong><em>atria,</em></strong></span> <span class='ocrx_word' id='word_1_80' title='bbox 550 709 579 759; x_wconf 86' lang='lat' dir='ltr'><strong><em>et</em></strong></span> <span class='ocrx_word' id='word_1_81' title='bbox 592 704 628 759; x_wconf 88' lang='lat' dir='ltr'><strong><em>de</em></strong></span> <span class='ocrx_word' id='word_1_82' title='bbox 643 704 726 759; x_wconf 85' lang='lat' dir='ltr'><strong><em>atriis</em></strong></span> <span class='ocrx_word' id='word_1_83' title='bbox 739 705 776 759; x_wconf 93' lang='lat' dir='ltr'><strong><em>ad</em></strong></span> <span class='ocrx_word' id='word_1_84' title='bbox 793 704 924 776; x_wconf 90' lang='lat' dir='ltr'><strong><em>domum,</em></strong></span> <span class='ocrx_word' id='word_1_85' title='bbox 977 702 1113 758; x_wconf 75' lang='lat' dir='ltr'><strong><em>arrianae</em></strong></span> <span class='ocrx_word' id='word_1_86' title='bbox 1122 701 1330 776; x_wconf 78' lang='lat' dir='ltr'><strong><em>samitirstcrrae</em></strong></span> <span class='ocrx_word' id='word_1_87' title='bbox 1340 702 1803 778; x_wconf 69' lang='lat' dir='ltr'><strong><em>adierusatemmtcdorentrepem</em></strong></span> 
     </span>
     <span class='ocr_line' id='line_1_7' title="bbox 100 792 1802 866; baseline 0.001 -16"><span class='ocrx_word' id='word_1_88' title='bbox 100 796 130 851; x_wconf 87' lang='lat' dir='ltr'><strong><em>et</em></strong></span> <span class='ocrx_word' id='word_1_89' title='bbox 144 795 179 850; x_wconf 91' lang='lat' dir='ltr'><strong><em>de</em></strong></span> <span class='ocrx_word' id='word_1_90' title='bbox 195 795 282 850; x_wconf 90' lang='lat' dir='ltr'><strong><em>domo</em></strong></span> <span class='ocrx_word' id='word_1_91' title='bbox 298 795 333 849; x_wconf 92' lang='lat' dir='ltr'><strong><em>ad</em></strong></span> <span class='ocrx_word' id='word_1_92' title='bbox 349 793 493 865; x_wconf 90' lang='lat' dir='ltr'><strong><em>templum</em></strong></span> <span class='ocrx_word' id='word_1_93' title='bbox 508 793 624 849; x_wconf 89' lang='lat' dir='ltr'><strong><em>Domini</em></strong></span> <span class='ocrx_word' id='word_1_94' title='bbox 638 793 680 848; x_wconf 88' lang='lat' dir='ltr'><strong><em>ire</em></strong></span> <span class='ocrx_word' id='word_1_95' title='bbox 695 794 823 864; x_wconf 84' lang='lat' dir='ltr'><strong><em>festinat,</em></strong></span> <span class='ocrx_word' id='word_1_96' title='bbox 839 794 926 849; x_wconf 87' lang='lat' dir='ltr'><strong><em>debat</em></strong></span> <span class='ocrx_word' id='word_1_97' title='bbox 979 792 1126 847; x_wconf 90' lang='lat' dir='ltr'><strong><em>Dominum</em></strong></span> <span class='ocrx_word' id='word_1_98' title='bbox 1153 793 1373 862; x_wconf 80' lang='lat' dir='ltr'><strong><em>cnanipotentem,</em></strong></span> <span class='ocrx_word' id='word_1_99' title='bbox 1402 809 1469 847; x_wconf 91' lang='lat' dir='ltr'><strong><em>cum</em></strong></span> <span class='ocrx_word' id='word_1_100' title='bbox 1494 793 1553 849; x_wconf 89' lang='lat' dir='ltr'><strong><em>illis</em></strong></span> <span class='ocrx_word' id='word_1_101' title='bbox 1577 795 1802 866; x_wconf 85' lang='lat' dir='ltr'><strong><em>reputabuntur,</em></strong></span> 
     </span>
     <span class='ocr_line' id='line_1_8' title="bbox 101 879 1802 955; baseline 0 -16"><span class='ocrx_word' id='word_1_102' title='bbox 101 882 249 940; x_wconf 87' lang='lat' dir='ltr'><strong><em>celebrare</em></strong></span> <span class='ocrx_word' id='word_1_103' title='bbox 259 883 404 939; x_wconf 89' lang='lat' dir='ltr'><strong><em>solemnia</em></strong></span> <span class='ocrx_word' id='word_1_104' title='bbox 415 881 671 938; x_wconf 78' lang='lat' dir='ltr'><strong><em>tabernaculorum</em></strong></span> <span class='ocrx_word' id='word_1_105' title='bbox 683 882 712 937; x_wconf 94' lang='lat' dir='ltr'><strong><em>in</em></strong></span> <span class='ocrx_word' id='word_1_106' title='bbox 724 881 925 955; x_wconf 81' lang='lat' dir='ltr'><strong><em>lignosapien-</em></strong></span> <span class='ocrx_word' id='word_1_107' title='bbox 980 879 1030 948; x_wconf 88' lang='lat' dir='ltr'><strong><em>qui</em></strong></span> <span class='ocrx_word' id='word_1_108' title='bbox 1046 883 1249 952; x_wconf 79' lang='lat' dir='ltr'><strong><em>pugnauerunt</em></strong></span> <span class='ocrx_word' id='word_1_109' title='bbox 1272 880 1427 941; x_wconf 85' lang='lat' dir='ltr'><strong><em>adversum</em></strong></span> <span class='ocrx_word' id='word_1_110' title='bbox 1442 880 1617 948; x_wconf 82' lang='lat' dir='ltr'><strong><em>Jerusalem,</em></strong></span> <span class='ocrx_word' id='word_1_111' title='bbox 1633 887 1662 938; x_wconf 87' lang='lat' dir='ltr'><strong><em>at</em></strong></span> <span class='ocrx_word' id='word_1_112' title='bbox 1676 899 1802 955; x_wconf 88' lang='lat' dir='ltr'><strong><em>quorum</em></strong></span> 
     </span>
     <span class='ocr_line' id='line_1_9' title="bbox 100 967 1804 1044; baseline 0 -15"><span class='ocrx_word' id='word_1_113' title='bbox 100 973 148 1029; x_wconf 76' lang='lat' dir='ltr'><strong><em>tic</em></strong></span> <span class='ocrx_word' id='word_1_114' title='bbox 163 971 456 1044; x_wconf 73' lang='lat' dir='ltr'><strong><em>pulcherrimo,t)82</em></strong></span> <span class='ocrx_word' id='word_1_115' title='bbox 468 972 569 1043; x_wconf 81' lang='lat' dir='ltr'><strong><em>dequo</em></strong></span> <span class='ocrx_word' id='word_1_116' title='bbox 584 971 614 1027; x_wconf 92' lang='lat' dir='ltr'><strong><em>in</em></strong></span> <span class='ocrx_word' id='word_1_117' title='bbox 626 970 787 1026; x_wconf 83' lang='lat' dir='ltr'><strong><em>Proverbiis</em></strong></span> <span class='ocrx_word' id='word_1_118' title='bbox 798 971 924 1027; x_wconf 85' lang='lat' dir='ltr'><strong><em>dicitur:</em></strong></span> <span class='ocrx_word' id='word_1_119' title='bbox 981 968 1110 1023; x_wconf 76' lang='lat' dir='ltr'><strong><em>tabescet</em></strong></span> <span class='ocrx_word' id='word_1_120' title='bbox 1124 983 1201 1035; x_wconf 86' lang='lat' dir='ltr'><strong><em>carc,</em></strong></span> <span class='ocrx_word' id='word_1_121' title='bbox 1218 972 1247 1023; x_wconf 88' lang='lat' dir='ltr'><strong><em>et</em></strong></span> <span class='ocrx_word' id='word_1_122' title='bbox 1261 967 1336 1023; x_wconf 91' lang='lat' dir='ltr'><strong><em>oculi</em></strong></span> <span class='ocrx_word' id='word_1_123' title='bbox 1353 969 1528 1037; x_wconf 86' lang='lat' dir='ltr'><strong><em>defluant,et</em></strong></span> <span class='ocrx_word' id='word_1_124' title='bbox 1543 969 1644 1043; x_wconf 86' lang='lat' dir='ltr'><strong><em>lingua</em></strong></span> <span class='ocrx_word' id='word_1_125' title='bbox 1656 974 1804 1044; x_wconf 83' lang='lat' dir='ltr'><strong><em>putrescet</em></strong></span> 
     </span>
     <span class='ocr_line' id='line_1_10' title="bbox 100 1056 1804 1134; baseline 0.003 -16"><span class='ocrx_word' id='word_1_126' title='bbox 100 1065 222 1132; x_wconf 69' lang='lat' dir='ltr'><strong><em>bianum</em></strong></span> <span class='ocrx_word' id='word_1_127' title='bbox 236 1063 302 1120; x_wconf 76' lang='lat' dir='ltr'><strong><em>uitae</em></strong></span> <span class='ocrx_word' id='word_1_128' title='bbox 311 1069 351 1117; x_wconf 87' lang='lat' dir='ltr'><strong><em>est</em></strong></span> <span class='ocrx_word' id='word_1_129' title='bbox 360 1061 488 1117; x_wconf 85' lang='lat' dir='ltr'><strong><em>erunibus</em></strong></span> <span class='ocrx_word' id='word_1_130' title='bbox 498 1063 546 1132; x_wconf 82' lang='lat' dir='ltr'><strong><em>qui</em></strong></span> <span class='ocrx_word' id='word_1_131' title='bbox 559 1063 783 1134; x_wconf 85' lang='lat' dir='ltr'><strong><em>appropinquant</em></strong></span> <span class='ocrx_word' id='word_1_132' title='bbox 796 1063 866 1127; x_wconf 86' lang='lat' dir='ltr'><strong><em>ei,et</em></strong></span> <span class='ocrx_word' id='word_1_133' title='bbox 879 1061 929 1132; x_wconf 84' lang='lat' dir='ltr'><strong><em>qai</em></strong></span> <span class='ocrx_word' id='word_1_134' title='bbox 1016 1056 1110 1128; x_wconf 70' lang='lat' dir='ltr'><strong><em>(Vers-</em></strong></span> <span class='ocrx_word' id='word_1_135' title='bbox 1137 1057 1180 1123; x_wconf 89' lang='lat'><strong><em>18,</em></strong></span> <span class='ocrx_word' id='word_1_136' title='bbox 1204 1057 1260 1128; x_wconf 81' lang='grc'><strong><em>19·)</em></strong></span> <span class='ocrx_word' id='word_1_137' title='bbox 1285 1056 1360 1125; x_wconf 66' lang='lat' dir='ltr'><strong><em>Quod</em></strong></span> <span class='ocrx_word' id='word_1_138' title='bbox 1383 1066 1408 1113; x_wconf 74' lang='lat'><strong><em>0!</em></strong></span> <span class='ocrx_word' id='word_1_139' title='bbox 1428 1059 1454 1113; x_wconf 68' lang='grc' dir='ltr'><strong><em>δί</em></strong></span> <span class='ocrx_word' id='word_1_140' title='bbox 1473 1059 1587 1130; x_wconf 76' lang='lat' dir='ltr'><strong><em>semitm</em></strong></span> <span class='ocrx_word' id='word_1_141' title='bbox 1613 1062 1725 1132; x_wconf 74' lang='lat' dir='ltr'><strong><em>AEdypti</em></strong></span> <span class='ocrx_word' id='word_1_142' title='bbox 1746 1076 1804 1119; x_wconf 73' lang='lat' dir='ltr'><strong><em>non</em></strong></span> 
     </span>
     <span class='ocr_line' id='line_1_11' title="bbox 102 1145 1805 1223; baseline 0 -16"><span class='ocrx_word' id='word_1_143' title='bbox 102 1151 655 1223; x_wconf 80' lang='lat' dir='ltr'><strong><em>reclinantursuper(a)mura,quasisuper</em></strong></span> <span class='ocrx_word' id='word_1_144' title='bbox 664 1150 775 1205; x_wconf 80' lang='lat' dir='ltr'><strong><em>domum</em></strong></span> <span class='ocrx_word' id='word_1_145' title='bbox 785 1150 928 1219; x_wconf 77' lang='lat' dir='ltr'><strong><em>firnritatis</em></strong></span> <span class='ocrx_word' id='word_1_146' title='bbox 980 1145 1140 1212; x_wconf 75' lang='lat' dir='ltr'><strong><em>assentatorii,</em></strong></span> <span class='ocrx_word' id='word_1_147' title='bbox 1155 1153 1242 1202; x_wconf 87' lang='lat' dir='ltr'><strong><em>etnon</em></strong></span> <span class='ocrx_word' id='word_1_148' title='bbox 1256 1148 1362 1202; x_wconf 88' lang='lat' dir='ltr'><strong><em>uenerit</em></strong></span> <span class='ocrx_word' id='word_1_149' title='bbox 1376 1165 1385 1201; x_wconf 90' lang='grc'><strong><em>.·</em></strong></span> <span class='ocrx_word' id='word_1_150' title='bbox 1400 1163 1449 1203; x_wconf 89' lang='lat' dir='ltr'><strong><em>nec</em></strong></span> <span class='ocrx_word' id='word_1_151' title='bbox 1462 1163 1544 1219; x_wconf 86' lang='lat' dir='ltr'><strong><em>super</em></strong></span> <span class='ocrx_word' id='word_1_152' title='bbox 1559 1163 1603 1204; x_wconf 88' lang='lat' dir='ltr'><strong><em>eos</em></strong></span> <span class='ocrx_word' id='word_1_153' title='bbox 1615 1151 1679 1218; x_wconf 88' lang='lat' dir='ltr'><strong><em>erit,</em></strong></span> <span class='ocrx_word' id='word_1_154' title='bbox 1694 1150 1741 1206; x_wconf 86' lang='lat' dir='ltr'><strong><em>sed</em></strong></span> <span class='ocrx_word' id='word_1_155' title='bbox 1750 1151 1805 1207; x_wconf 77' lang='lat' dir='ltr'><strong><em>orii</em></strong></span> 
     </span>
     <span class='ocr_line' id='line_1_12' title="bbox 101 1236 1805 1311; baseline -0.001 -14"><span class='ocrx_word' id='word_1_156' title='bbox 101 1242 195 1311; x_wconf 75' lang='lat' dir='ltr'><strong><em>(Pron.</em></strong></span> <span class='ocrx_word' id='word_1_157' title='bbox 213 1257 254 1306; x_wconf 88' lang='grc' dir='ltr'><strong>ιιι,</strong></span> <span class='ocrx_word' id='word_1_158' title='bbox 273 1239 327 1311; x_wconf 81' lang='lat'>18).</span> <span class='ocrx_word' id='word_1_159' title='bbox 339 1240 375 1294; x_wconf 81' lang='lat' dir='ltr'><strong><em>at</em></strong></span> <span class='ocrx_word' id='word_1_160' title='bbox 388 1238 418 1294; x_wconf 89' lang='lat' dir='ltr'><strong><em>in</em></strong></span> <span class='ocrx_word' id='word_1_161' title='bbox 430 1239 520 1294; x_wconf 90' lang='lat' dir='ltr'><strong><em>ramis</em></strong></span> <span class='ocrx_word' id='word_1_162' title='bbox 535 1238 711 1311; x_wconf 87' lang='lat' dir='ltr'><strong><em>pulmarum,</em></strong></span> <span class='ocrx_word' id='word_1_163' title='bbox 723 1237 753 1293; x_wconf 89' lang='lat' dir='ltr'><strong><em>in</em></strong></span> <span class='ocrx_word' id='word_1_164' title='bbox 769 1237 876 1310; x_wconf 89' lang='lat' dir='ltr'><strong><em>quibus</em></strong></span> <span class='ocrx_word' id='word_1_165' title='bbox 887 1238 927 1294; x_wconf 88' lang='lat' dir='ltr'><strong><em>si·</em></strong></span> <span class='ocrx_word' id='word_1_166' title='bbox 981 1236 1133 1306; x_wconf 81' lang='lat' dir='ltr'><strong><em>ruinaque</em></strong></span> <span class='ocrx_word' id='word_1_167' title='bbox 1145 1237 1279 1306; x_wconf 81' lang='lat' dir='ltr'><strong><em>percutiet</em></strong></span> <span class='ocrx_word' id='word_1_168' title='bbox 1293 1237 1423 1292; x_wconf 80' lang='lat' dir='ltr'><strong><em>Dominus</em></strong></span> <span class='ocrx_word' id='word_1_169' title='bbox 1447 1253 1539 1294; x_wconf 86' lang='lat' dir='ltr'><strong><em>omnes</em></strong></span> <span class='ocrx_word' id='word_1_170' title='bbox 1554 1240 1659 1307; x_wconf 80' lang='lat' dir='ltr'><strong><em>pentes,</em></strong></span> <span class='ocrx_word' id='word_1_171' title='bbox 1673 1254 1733 1309; x_wconf 80' lang='lat' dir='ltr'><strong><em>qua</em></strong></span> <span class='ocrx_word' id='word_1_172' title='bbox 1748 1254 1805 1295; x_wconf 89' lang='lat' dir='ltr'><strong><em>non</em></strong></span> 
     </span>
     <span class='ocr_line' id='line_1_13' title="bbox 102 1323 1805 1403; baseline 0 -19"><span class='ocrx_word' id='word_1_173' title='bbox 102 1345 194 1403; x_wconf 80' lang='lat' dir='ltr'><strong><em>gnum</em></strong></span> <span class='ocrx_word' id='word_1_174' title='bbox 204 1326 500 1399; x_wconf 83' lang='lat' dir='ltr'><strong><em>victoriae,etvirtutis</em></strong></span> <span class='ocrx_word' id='word_1_175' title='bbox 510 1326 662 1400; x_wconf 87' lang='lat' dir='ltr'><strong><em>praemium</em></strong></span> <span class='ocrx_word' id='word_1_176' title='bbox 672 1328 848 1394; x_wconf 83' lang='lat' dir='ltr'><strong><em>continetur,</em></strong></span> <span class='ocrx_word' id='word_1_177' title='bbox 856 1331 885 1383; x_wconf 89' lang='lat' dir='ltr'><strong><em>at</em></strong></span> <span class='ocrx_word' id='word_1_178' title='bbox 897 1327 927 1382; x_wconf 90' lang='lat' dir='ltr'><strong><em>in</em></strong></span> <span class='ocrx_word' id='word_1_179' title='bbox 981 1323 1153 1380; x_wconf 82' lang='lat' dir='ltr'><strong><em>ascenderint</em></strong></span> <span class='ocrx_word' id='word_1_180' title='bbox 1165 1323 1201 1379; x_wconf 87' lang='lat' dir='ltr'><strong><em>ad</em></strong></span> <span class='ocrx_word' id='word_1_181' title='bbox 1214 1325 1405 1381; x_wconf 83' lang='lat' dir='ltr'><strong><em>celebrandam</em></strong></span> <span class='ocrx_word' id='word_1_182' title='bbox 1414 1324 1593 1399; x_wconf 75' lang='lat' dir='ltr'><strong><em>festivitatum</em></strong></span> <span class='ocrx_word' id='word_1_183' title='bbox 1606 1327 1805 1385; x_wconf 75' lang='lat' dir='ltr'><strong><em>launnamtr-</em></strong></span> 
     </span>
     <span class='ocr_line' id='line_1_14' title="bbox 104 1413 1804 1488; baseline -0.001 -15"><span class='ocrx_word' id='word_1_184' title='bbox 104 1417 258 1474; x_wconf 85' lang='lat' dir='ltr'><strong><em>irondibus</em></strong></span> <span class='ocrx_word' id='word_1_185' title='bbox 268 1417 451 1473; x_wconf 78' lang='lat' dir='ltr'><strong><em>densissime</em></strong></span> <span class='ocrx_word' id='word_1_186' title='bbox 463 1415 576 1472; x_wconf 86' lang='lat' dir='ltr'><strong><em>arboris</em></strong></span> <span class='ocrx_word' id='word_1_187' title='bbox 590 1432 677 1486; x_wconf 90' lang='lat' dir='ltr'><strong><em>quam</em></strong></span> <span class='ocrx_word' id='word_1_188' title='bbox 690 1419 819 1485; x_wconf 77' lang='lat' dir='ltr'><strong><em>myrtum</em></strong></span> <span class='ocrx_word' id='word_1_189' title='bbox 833 1416 849 1470; x_wconf 87' lang='lat' dir='ltr'>J</span> <span class='ocrx_word' id='word_1_190' title='bbox 854 1413 926 1471; x_wconf 81' lang='lat' dir='ltr'><strong><em>udai</em></strong></span> <span class='ocrx_word' id='word_1_191' title='bbox 981 1429 1055 1468; x_wconf 81' lang='lat' dir='ltr'><strong><em>runi.</em></strong></span> <span class='ocrx_word' id='word_1_192' title='bbox 1071 1414 1125 1468; x_wconf 89' lang='lat' dir='ltr'><strong><em>liae</em></strong></span> <span class='ocrx_word' id='word_1_193' title='bbox 1138 1415 1191 1469; x_wconf 85' lang='lat' dir='ltr'><strong><em>erit</em></strong></span> <span class='ocrx_word' id='word_1_194' title='bbox 1203 1421 1344 1484; x_wconf 85' lang='lat' dir='ltr'><strong><em>peecatum</em></strong></span> <span class='ocrx_word' id='word_1_195' title='bbox 1358 1416 1478 1487; x_wconf 78' lang='lat' dir='ltr'><strong><em>AEpppti,</em></strong></span> <span class='ocrx_word' id='word_1_196' title='bbox 1495 1418 1521 1471; x_wconf 87' lang='lat' dir='ltr'><strong><em>et</em></strong></span> <span class='ocrx_word' id='word_1_197' title='bbox 1534 1415 1583 1472; x_wconf 84' lang='lat' dir='ltr'><strong><em>boc</em></strong></span> <span class='ocrx_word' id='word_1_198' title='bbox 1592 1419 1735 1488; x_wconf 89' lang='lat' dir='ltr'><strong><em>peccatum</em></strong></span> <span class='ocrx_word' id='word_1_199' title='bbox 1746 1432 1804 1473; x_wconf 89' lang='lat' dir='ltr'><strong><em>om·</em></strong></span> 
     </span>
     <span class='ocr_line' id='line_1_15' title="bbox 102 1503 1805 1578; baseline -0.001 -16"><span class='ocrx_word' id='word_1_200' title='bbox 102 1505 401 1578; x_wconf 86' lang='lat' dir='ltr'><strong><em>intelligunt,propter</em></strong></span> <span class='ocrx_word' id='word_1_201' title='bbox 412 1503 928 1575; x_wconf 81' lang='lat' dir='ltr'><strong><em>mortificationem(b)carnisaclibi·</em></strong></span> <span class='ocrx_word' id='word_1_202' title='bbox 981 1503 1061 1557; x_wconf 87' lang='lat' dir='ltr'><strong><em>nium</em></strong></span> <span class='ocrx_word' id='word_1_203' title='bbox 1074 1505 1207 1572; x_wconf 82' lang='lat' dir='ltr'><strong><em>pontium,</em></strong></span> <span class='ocrx_word' id='word_1_204' title='bbox 1223 1519 1283 1575; x_wconf 80' lang='lat' dir='ltr'><strong><em>qum</em></strong></span> <span class='ocrx_word' id='word_1_205' title='bbox 1298 1519 1352 1558; x_wconf 79' lang='lat' dir='ltr'><strong><em>nont</em></strong></span> <span class='ocrx_word' id='word_1_206' title='bbox 1374 1504 1548 1560; x_wconf 82' lang='lat' dir='ltr'><strong><em>ascemterint</em></strong></span> <span class='ocrx_word' id='word_1_207' title='bbox 1562 1504 1598 1560; x_wconf 85' lang='lat' dir='ltr'><strong><em>od</em></strong></span> <span class='ocrx_word' id='word_1_208' title='bbox 1610 1505 1805 1562; x_wconf 81' lang='lat' dir='ltr'><strong><em>celebrandam</em></strong></span> 
     </span>
     <span class='ocr_line' id='line_1_16' title="bbox 103 1591 1806 1667; baseline -0.001 -17"><span class='ocrx_word' id='word_1_209' title='bbox 103 1595 219 1651; x_wconf 88' lang='lat' dir='ltr'><strong><em>diuum.</em></strong></span> <span class='ocrx_word' id='word_1_210' title='bbox 235 1594 316 1650; x_wconf 89' lang='lat' dir='ltr'><strong><em>Unde</em></strong></span> <span class='ocrx_word' id='word_1_211' title='bbox 327 1599 356 1650; x_wconf 86' lang='lat' dir='ltr'><strong><em>et</em></strong></span> <span class='ocrx_word' id='word_1_212' title='bbox 372 1593 494 1650; x_wconf 87' lang='lat' dir='ltr'><strong><em>Domino</em></strong></span> <span class='ocrx_word' id='word_1_213' title='bbox 508 1591 650 1649; x_wconf 87' lang='lat' dir='ltr'><strong><em>Salvatori</em></strong></span> <span class='ocrx_word' id='word_1_214' title='bbox 666 1609 683 1647; x_wconf 90' lang='lat' dir='ltr'><strong><em>a</em></strong></span> <span class='ocrx_word' id='word_1_215' title='bbox 698 1592 792 1665; x_wconf 83' lang='lat' dir='ltr'><strong><em>magis</em></strong></span> <span class='ocrx_word' id='word_1_216' title='bbox 809 1593 929 1665; x_wconf 77' lang='lat' dir='ltr'><strong><em>myrrha</em></strong></span> <span class='ocrx_word' id='word_1_217' title='bbox 981 1593 1156 1663; x_wconf 74' lang='lat' dir='ltr'><strong><em>festivitatem</em></strong></span> <span class='ocrx_word' id='word_1_218' title='bbox 1182 1592 1435 1648; x_wconf 82' lang='lat' dir='ltr'><strong><em>Tabenraoutorum.</em></strong></span> <span class='ocrx_word' id='word_1_219' title='bbox 1453 1593 1519 1648; x_wconf 79' lang='lat' dir='ltr'><strong><em>axx</em></strong></span> <span class='ocrx_word' id='word_1_220' title='bbox 1535 1611 1542 1650; x_wconf 90' lang='lat'>:</span> <span class='ocrx_word' id='word_1_221' title='bbox 1556 1593 1606 1650; x_wconf 88' lang='lat' dir='ltr'><strong><em>Sin</em></strong></span> <span class='ocrx_word' id='word_1_222' title='bbox 1620 1598 1712 1650; x_wconf 78' lang='lat' dir='ltr'><strong><em>amem</em></strong></span> <span class='ocrx_word' id='word_1_223' title='bbox 1725 1594 1806 1667; x_wconf 72' lang='lat' dir='ltr'><strong><em>AEpp-</em></strong></span> 
     </span>
     <span class='ocr_line' id='line_1_17' title="bbox 103 1664 1807 1790; baseline -0.001 -49"><span class='ocrx_word' id='word_1_224' title='bbox 103 1684 225 1741; x_wconf 80' lang='lat' dir='ltr'><strong><em>offertur</em></strong></span> <span class='ocrx_word' id='word_1_225' title='bbox 238 1683 269 1739; x_wconf 91' lang='lat' dir='ltr'><strong><em>in</em></strong></span> <span class='ocrx_word' id='word_1_226' title='bbox 294 1699 415 1739; x_wconf 87' lang='lat' dir='ltr'><strong><em>munera</em></strong></span> <span class='ocrx_word' id='word_1_227' title='bbox 430 1683 515 1755; x_wconf 76' lang='lat' dir='ltr'><strong><em>(Mati.</em></strong></span> <span class='ocrx_word' id='word_1_228' title='bbox 532 1684 573 1749; x_wconf 87' lang='grc' dir='ltr'><strong>ιι).</strong></span> <span class='ocrx_word' id='word_1_229' title='bbox 598 1681 634 1735; x_wconf 82' lang='lat' dir='ltr'><strong><em>Et</em></strong></span> <span class='ocrx_word' id='word_1_230' title='bbox 649 1681 678 1735; x_wconf 95' lang='lat' dir='ltr'><strong><em>in</em></strong></span> <span class='ocrx_word' id='word_1_231' title='bbox 704 1683 805 1749; x_wconf 89' lang='lat' dir='ltr'><strong><em>ramis,</em></strong></span> <span class='ocrx_word' id='word_1_232' title='bbox 821 1680 927 1752; x_wconf 89' lang='lat' dir='ltr'><strong><em>inquit,</em></strong></span> <span class='ocrx_word' id='word_1_233' title='bbox 942 1724 967 1790; x_wconf 76' lang='lat' dir='ltr'>B</span> <span class='ocrx_word' id='word_1_234' title='bbox 982 1681 1023 1752; x_wconf 85' lang='lat' dir='ltr'><strong><em>pti</em></strong></span> <span class='ocrx_word' id='word_1_235' title='bbox 1036 1682 1125 1736; x_wconf 84' lang='lat' dir='ltr'><strong><em>tribus</em></strong></span> <span class='ocrx_word' id='word_1_236' title='bbox 1143 1664 1198 1737; x_wconf 71' lang='lat' dir='ltr'><strong><em>n&#39;on</em></strong></span> <span class='ocrx_word' id='word_1_237' title='bbox 1218 1681 1383 1748; x_wconf 87' lang='lat' dir='ltr'><strong><em>ascenderit,</em></strong></span> <span class='ocrx_word' id='word_1_238' title='bbox 1398 1698 1448 1738; x_wconf 88' lang='lat' dir='ltr'><strong><em>nec</em></strong></span> <span class='ocrx_word' id='word_1_239' title='bbox 1463 1685 1568 1739; x_wconf 87' lang='lat' dir='ltr'><strong><em>uenerit</em></strong></span> <span class='ocrx_word' id='word_1_240' title='bbox 1583 1685 1671 1741; x_wconf 80' lang='lat' dir='ltr'><strong><em>ittae:</em></strong></span> <span class='ocrx_word' id='word_1_241' title='bbox 1688 1692 1714 1740; x_wconf 85' lang='lat' dir='ltr'><strong><em>et</em></strong></span> <span class='ocrx_word' id='word_1_242' title='bbox 1725 1699 1807 1755; x_wconf 80' lang='lat' dir='ltr'><strong><em>super</em></strong></span> 
     </span>
     <span class='ocr_line' id='line_1_18' title="bbox 104 1771 1806 1844; baseline 0 -14"><span class='ocrx_word' id='word_1_243' title='bbox 104 1772 204 1830; x_wconf 91' lang='lat' dir='ltr'><strong><em>salicis</em></strong></span> <span class='ocrx_word' id='word_1_244' title='bbox 218 1777 247 1829; x_wconf 90' lang='lat' dir='ltr'><strong><em>et</em></strong></span> <span class='ocrx_word' id='word_1_245' title='bbox 257 1771 368 1844; x_wconf 86' lang='lat' dir='ltr'><strong><em>populi,</em></strong></span> <span class='ocrx_word' id='word_1_246' title='bbox 383 1788 471 1843; x_wconf 90' lang='lat' dir='ltr'><strong><em>quam</em></strong></span> <span class='ocrx_word' id='word_1_247' title='bbox 489 1771 609 1843; x_wconf 89' lang='lat' dir='ltr'><strong><em>quidam</em></strong></span> <span class='ocrx_word' id='word_1_248' title='bbox 623 1786 711 1825; x_wconf 91' lang='lat' dir='ltr'><strong><em>unam</em></strong></span> <span class='ocrx_word' id='word_1_249' title='bbox 728 1772 861 1826; x_wconf 78' lang='lat' dir='ltr'><strong><em>arborem</em></strong></span> <span class='ocrx_word' id='word_1_250' title='bbox 877 1787 926 1826; x_wconf 89' lang='lat' dir='ltr'><strong><em>vc·</em></strong></span> <span class='ocrx_word' id='word_1_251' title='bbox 982 1785 1025 1826; x_wconf 88' lang='lat' dir='ltr'><strong><em>eos</em></strong></span> <span class='ocrx_word' id='word_1_252' title='bbox 1038 1772 1092 1825; x_wconf 83' lang='lat' dir='ltr'><strong><em>erit</em></strong></span> <span class='ocrx_word' id='word_1_253' title='bbox 1106 1772 1200 1838; x_wconf 80' lang='lat' dir='ltr'><strong><em>ruina,</em></strong></span> <span class='ocrx_word' id='word_1_254' title='bbox 1217 1787 1271 1843; x_wconf 83' lang='lat' dir='ltr'><strong><em>qua</em></strong></span> <span class='ocrx_word' id='word_1_255' title='bbox 1294 1773 1429 1842; x_wconf 83' lang='lat' dir='ltr'><strong><em>percutiet</em></strong></span> <span class='ocrx_word' id='word_1_256' title='bbox 1442 1773 1573 1829; x_wconf 78' lang='lat' dir='ltr'><strong><em>Dominus</em></strong></span> <span class='ocrx_word' id='word_1_257' title='bbox 1595 1788 1688 1829; x_wconf 84' lang='lat' dir='ltr'><strong><em>omnes</em></strong></span> <span class='ocrx_word' id='word_1_258' title='bbox 1701 1781 1806 1844; x_wconf 78' lang='lat' dir='ltr'><strong><em>pentes,</em></strong></span> 
     </span>
     <span class='ocr_line' id='line_1_19' title="bbox 104 1858 1806 1933; baseline 0.001 -15"><span class='ocrx_word' id='word_1_259' title='bbox 104 1865 190 1928; x_wconf 88' lang='lat' dir='ltr'><strong><em>cant;</em></strong></span> <span class='ocrx_word' id='word_1_260' title='bbox 208 1861 365 1932; x_wconf 88' lang='lat' dir='ltr'><strong><em>ipsumque</em></strong></span> <span class='ocrx_word' id='word_1_261' title='bbox 382 1859 452 1931; x_wconf 86' lang='lat' dir='ltr'><strong><em>ligni</em></strong></span> <span class='ocrx_word' id='word_1_262' title='bbox 478 1876 583 1915; x_wconf 82' lang='lat' dir='ltr'><strong><em>rromen</em></strong></span> <span class='ocrx_word' id='word_1_263' title='bbox 609 1859 686 1931; x_wconf 90' lang='lat' dir='ltr'><strong><em>quod</em></strong></span> <span class='ocrx_word' id='word_1_264' title='bbox 712 1858 807 1915; x_wconf 86' lang='lat' dir='ltr'><strong><em>Graece</em></strong></span> <span class='ocrx_word' id='word_1_265' title='bbox 822 1859 929 1914; x_wconf 89' lang='lat' dir='ltr'><strong><em>dicitur</em></strong></span> <span class='ocrx_word' id='word_1_266' title='bbox 983 1874 1107 1931; x_wconf 67' lang='lat' dir='ltr'><strong><em>ammaon</em></strong></span> <span class='ocrx_word' id='word_1_267' title='bbox 1116 1859 1295 1915; x_wconf 83' lang='lat' dir='ltr'><strong><em>ascenderunt</em></strong></span> <span class='ocrx_word' id='word_1_268' title='bbox 1306 1868 1334 1916; x_wconf 89' lang='lat' dir='ltr'><strong><em>ut</em></strong></span> <span class='ocrx_word' id='word_1_269' title='bbox 1345 1867 1457 1931; x_wconf 82' lang='lat' dir='ltr'><strong><em>opereat</em></strong></span> <span class='ocrx_word' id='word_1_270' title='bbox 1465 1861 1669 1918; x_wconf 81' lang='lat' dir='ltr'><strong><em>solemnitatem</em></strong></span> <span class='ocrx_word' id='word_1_271' title='bbox 1678 1878 1806 1933; x_wconf 79' lang='lat' dir='ltr'><strong><em>scenope·</em></strong></span> 
     </span>
     <span class='ocr_line' id='line_1_20' title="bbox 104 1946 1807 2024; baseline 0.004 -23"><span class='ocrx_word' id='word_1_272' title='bbox 104 1949 196 2024; x_wconf 58' lang='grc' dir='ltr'><strong>ἁγνὸς,</strong></span> <span class='ocrx_word' id='word_1_273' title='bbox 208 1950 318 2005; x_wconf 87' lang='lat' dir='ltr'><strong><em>indicat</em></strong></span> <span class='ocrx_word' id='word_1_274' title='bbox 333 1949 505 2004; x_wconf 86' lang='lat' dir='ltr'><strong><em>castitatem.</em></strong></span> <span class='ocrx_word' id='word_1_275' title='bbox 520 1947 609 2003; x_wconf 77' lang='lat' dir='ltr'><strong><em>Aiunt</em></strong></span> <span class='ocrx_word' id='word_1_276' title='bbox 620 1946 773 2012; x_wconf 89' lang='lat' dir='ltr'><strong><em>medici‚et</em></strong></span> <span class='ocrx_word' id='word_1_277' title='bbox 783 1947 813 2002; x_wconf 92' lang='lat' dir='ltr'><strong><em>bi</em></strong></span> <span class='ocrx_word' id='word_1_278' title='bbox 828 1948 928 2020; x_wconf 90' lang='lat' dir='ltr'><strong><em>quide</em></strong></span> <span class='ocrx_word' id='word_1_279' title='bbox 982 1949 1046 2019; x_wconf 67' lang='lat' dir='ltr'><strong><em>pie.</em></strong></span> <span class='ocrx_word' id='word_1_280' title='bbox 1061 1948 1116 2003; x_wconf 88' lang='lat' dir='ltr'><strong><em>lloo</em></strong></span> <span class='ocrx_word' id='word_1_281' title='bbox 1128 1951 1181 2002; x_wconf 78' lang='lat' dir='ltr'><strong><em>erit</em></strong></span> <span class='ocrx_word' id='word_1_282' title='bbox 1194 1960 1338 2019; x_wconf 82' lang='lat' dir='ltr'><strong><em>peccatum</em></strong></span> <span class='ocrx_word' id='word_1_283' title='bbox 1353 1951 1473 2021; x_wconf 67' lang='lat' dir='ltr'><strong><em>AEpppti</em></strong></span> <span class='ocrx_word' id='word_1_284' title='bbox 1490 1958 1517 2004; x_wconf 88' lang='lat' dir='ltr'><strong><em>et</em></strong></span> <span class='ocrx_word' id='word_1_285' title='bbox 1529 1959 1668 2022; x_wconf 84' lang='lat' dir='ltr'><strong><em>peccatum</em></strong></span> <span class='ocrx_word' id='word_1_286' title='bbox 1682 1953 1807 2007; x_wconf 82' lang='lat' dir='ltr'><strong><em>amnium</em></strong></span> 
     </span>
     <span class='ocr_line' id='line_1_21' title="bbox 104 2036 1808 2110; baseline 0.001 -15"><span class='ocrx_word' id='word_1_287' title='bbox 104 2040 239 2096; x_wconf 89' lang='lat' dir='ltr'><strong><em>arborum</em></strong></span> <span class='ocrx_word' id='word_1_288' title='bbox 250 2038 444 2094; x_wconf 80' lang='lat' dir='ltr'><strong><em>atherbarum</em></strong></span> <span class='ocrx_word' id='word_1_289' title='bbox 454 2038 595 2109; x_wconf 86' lang='lat' dir='ltr'><strong><em>scripsere</em></strong></span> <span class='ocrx_word' id='word_1_290' title='bbox 605 2036 729 2107; x_wconf 87' lang='lat' dir='ltr'><strong><em>naturis,</em></strong></span> <span class='ocrx_word' id='word_1_291' title='bbox 738 2037 815 2109; x_wconf 92' lang='lat' dir='ltr'><strong><em>quod</em></strong></span> <span class='ocrx_word' id='word_1_292' title='bbox 826 2037 850 2092; x_wconf 94' lang='lat' dir='ltr'><strong><em>si</em></strong></span> <span class='ocrx_word' id='word_1_293' title='bbox 861 2037 929 2109; x_wconf 90' lang='lat' dir='ltr'><strong><em>quis</em></strong></span> <span class='ocrx_word' id='word_1_294' title='bbox 981 2038 1106 2107; x_wconf 79' lang='lat' dir='ltr'><strong><em>pontium</em></strong></span> <span class='ocrx_word' id='word_1_295' title='bbox 1120 2051 1183 2108; x_wconf 75' lang='lat' dir='ltr'><strong><em>quse</em></strong></span> <span class='ocrx_word' id='word_1_296' title='bbox 1191 2053 1248 2092; x_wconf 77' lang='lat' dir='ltr'><strong><em>eran</em></strong></span> <span class='ocrx_word' id='word_1_297' title='bbox 1262 2037 1434 2094; x_wconf 85' lang='lat' dir='ltr'><strong><em>ascenderint</em></strong></span> <span class='ocrx_word' id='word_1_298' title='bbox 1446 2046 1477 2094; x_wconf 89' lang='lat' dir='ltr'><strong><em>ut</em></strong></span> <span class='ocrx_word' id='word_1_299' title='bbox 1489 2039 1624 2095; x_wconf 84' lang='lat' dir='ltr'><strong><em>celebrent</em></strong></span> <span class='ocrx_word' id='word_1_300' title='bbox 1631 2040 1808 2110; x_wconf 69' lang='lat' dir='ltr'><strong><em>festivitatem</em></strong></span> 
     </span>
     <span class='ocr_line' id='line_1_22' title="bbox 104 2125 1872 2200; baseline 0.001 -15"><span class='ocrx_word' id='word_1_301' title='bbox 104 2133 204 2185; x_wconf 86' lang='lat' dir='ltr'><strong><em>dorem</em></strong></span> <span class='ocrx_word' id='word_1_302' title='bbox 220 2126 330 2194; x_wconf 88' lang='lat' dir='ltr'><strong><em>salicis,</em></strong></span> <span class='ocrx_word' id='word_1_303' title='bbox 343 2127 403 2184; x_wconf 87' lang='lat' dir='ltr'><strong><em>sive</em></strong></span> <span class='ocrx_word' id='word_1_304' title='bbox 417 2126 470 2198; x_wconf 79' lang='lat' dir='ltr'><strong><em>[ll.</em></strong></span> <span class='ocrx_word' id='word_1_305' title='bbox 483 2126 521 2197; x_wconf 79' lang='lat' dir='ltr'><strong><em>et]</em></strong></span> <span class='ocrx_word' id='word_1_306' title='bbox 537 2126 636 2197; x_wconf 89' lang='lat' dir='ltr'><strong><em>populi</em></strong></span> <span class='ocrx_word' id='word_1_307' title='bbox 649 2125 773 2181; x_wconf 85' lang='lat' dir='ltr'><strong><em>mixtum</em></strong></span> <span class='ocrx_word' id='word_1_308' title='bbox 788 2142 865 2198; x_wconf 90' lang='lat' dir='ltr'><strong><em>aqua</em></strong></span> <span class='ocrx_word' id='word_1_309' title='bbox 875 2127 927 2195; x_wconf 81' lang='lat' dir='ltr'><strong><em>[At.</em></strong></span> <span class='ocrx_word' id='word_1_310' title='bbox 982 2127 1160 2198; x_wconf 82' lang='lat' dir='ltr'><strong><em>scenopepise.</em></strong></span> <span class='ocrx_word' id='word_1_311' title='bbox 1177 2126 1230 2192; x_wconf 88' lang='lat' dir='ltr'><strong><em>Qui</em></strong></span> <span class='ocrx_word' id='word_1_312' title='bbox 1255 2126 1406 2198; x_wconf 79' lang='lat' dir='ltr'><strong><em>AEgyptius</em></strong></span> <span class='ocrx_word' id='word_1_313' title='bbox 1419 2132 1474 2198; x_wconf 87' lang='lat' dir='ltr'><strong><em>est,</em></strong></span> <span class='ocrx_word' id='word_1_314' title='bbox 1490 2132 1519 2183; x_wconf 85' lang='lat' dir='ltr'><strong><em>et</em></strong></span> <span class='ocrx_word' id='word_1_315' title='bbox 1540 2128 1672 2200; x_wconf 80' lang='lat' dir='ltr'><strong><em>gentium</em></strong></span> <span class='ocrx_word' id='word_1_316' title='bbox 1688 2133 1808 2187; x_wconf 80' lang='lat' dir='ltr'><strong><em>catera·</em></strong></span> <span class='ocrx_word' id='word_1_317' title='bbox 1868 2145 1872 2152; x_wconf 86' lang='lat'><strong>·</strong></span> 
     </span>
     <span class='ocr_line' id='line_1_23' title="bbox 103 2214 1808 2290; baseline 0.002 -16"><span class='ocrx_word' id='word_1_318' title='bbox 103 2215 198 2290; x_wconf 82' lang='lat' dir='ltr'><strong><em>aqua]</em></strong></span> <span class='ocrx_word' id='word_1_319' title='bbox 206 2217 323 2283; x_wconf 90' lang='lat' dir='ltr'><strong><em>biberit,</em></strong></span> <span class='ocrx_word' id='word_1_320' title='bbox 335 2215 432 2272; x_wconf 90' lang='lat' dir='ltr'><strong><em>omnis</em></strong></span> <span class='ocrx_word' id='word_1_321' title='bbox 443 2215 472 2270; x_wconf 91' lang='lat' dir='ltr'><strong><em>in</em></strong></span> <span class='ocrx_word' id='word_1_322' title='bbox 481 2231 513 2271; x_wconf 91' lang='lat' dir='ltr'><strong><em>eo</em></strong></span> <span class='ocrx_word' id='word_1_323' title='bbox 525 2215 662 2288; x_wconf 76' lang='lat' dir='ltr'><strong><em>frigescat</em></strong></span> <span class='ocrx_word' id='word_1_324' title='bbox 672 2214 929 2283; x_wconf 86' lang='lat' dir='ltr'><strong><em>calor,etlibidinis</em></strong></span> <span class='ocrx_word' id='word_1_325' title='bbox 983 2232 1060 2285; x_wconf 86' lang='lat' dir='ltr'><strong><em>rum,</em></strong></span> <span class='ocrx_word' id='word_1_326' title='bbox 1072 2214 1214 2286; x_wconf 86' lang='lat' dir='ltr'><strong><em>quamdiu</em></strong></span> <span class='ocrx_word' id='word_1_327' title='bbox 1226 2215 1377 2288; x_wconf 76' lang='lat' dir='ltr'><strong><em>AEgyptius</em></strong></span> <span class='ocrx_word' id='word_1_328' title='bbox 1387 2218 1415 2271; x_wconf 86' lang='lat' dir='ltr'><strong><em>et</em></strong></span> <span class='ocrx_word' id='word_1_329' title='bbox 1428 2216 1564 2273; x_wconf 87' lang='lat' dir='ltr'><strong><em>ethnicus</em></strong></span> <span class='ocrx_word' id='word_1_330' title='bbox 1578 2221 1808 2289; x_wconf 65' lang='lat' dir='ltr'><strong><em>parmanebaoa</em></strong></span> 
     </span>
     <span class='ocr_line' id='line_1_24' title="bbox 103 2302 1806 2377; baseline -0.001 -14"><span class='ocrx_word' id='word_1_331' title='bbox 103 2322 179 2363; x_wconf 83' lang='lat' dir='ltr'><strong><em>vena</em></strong></span> <span class='ocrx_word' id='word_1_332' title='bbox 197 2305 331 2370; x_wconf 88' lang='lat' dir='ltr'><strong><em>siccetur,</em></strong></span> <span class='ocrx_word' id='word_1_333' title='bbox 348 2303 484 2376; x_wconf 88' lang='lat' dir='ltr'><strong><em>ultraque</em></strong></span> <span class='ocrx_word' id='word_1_334' title='bbox 499 2302 574 2358; x_wconf 86' lang='lat' dir='ltr'><strong><em>filios</em></strong></span> <span class='ocrx_word' id='word_1_335' title='bbox 598 2319 736 2376; x_wconf 85' lang='lat' dir='ltr'><strong><em>generare</em></strong></span> <span class='ocrx_word' id='word_1_336' title='bbox 751 2320 809 2359; x_wconf 90' lang='lat' dir='ltr'><strong><em>nou</em></strong></span> <span class='ocrx_word' id='word_1_337' title='bbox 825 2304 928 2376; x_wconf 88' lang='lat' dir='ltr'><strong><em>possit.</em></strong></span> <span class='ocrx_word' id='word_1_338' title='bbox 983 2304 1121 2360; x_wconf 87' lang='lat' dir='ltr'><strong><em>ascendet</em></strong></span> <span class='ocrx_word' id='word_1_339' title='bbox 1134 2303 1164 2358; x_wconf 91' lang='lat' dir='ltr'><strong><em>in</em></strong></span> <span class='ocrx_word' id='word_1_340' title='bbox 1179 2303 1342 2360; x_wconf 73' lang='lat' dir='ltr'><strong><em>Jerusalem</em></strong></span> <span class='ocrx_word' id='word_1_341' title='bbox 1360 2320 1366 2357; x_wconf 93' lang='lat'>:</span> <span class='ocrx_word' id='word_1_342' title='bbox 1384 2307 1412 2360; x_wconf 89' lang='lat' dir='ltr'><strong><em>et</em></strong></span> <span class='ocrx_word' id='word_1_343' title='bbox 1426 2303 1495 2377; x_wconf 88' lang='lat' dir='ltr'><strong><em>quia</em></strong></span> <span class='ocrx_word' id='word_1_344' title='bbox 1510 2305 1666 2361; x_wconf 86' lang='lat' dir='ltr'><strong><em>ascendere</em></strong></span> <span class='ocrx_word' id='word_1_345' title='bbox 1682 2322 1739 2361; x_wconf 92' lang='lat' dir='ltr'><strong><em>non</em></strong></span> <span class='ocrx_word' id='word_1_346' title='bbox 1755 2321 1806 2377; x_wconf 84' lang='lat' dir='ltr'><strong><em>po·</em></strong></span> 
     </span>
     <span class='ocr_line' id='line_1_25' title="bbox 104 2390 1808 2466; baseline 0.001 -17"><span class='ocrx_word' id='word_1_347' title='bbox 104 2393 159 2458; x_wconf 84' lang='lat' dir='ltr'><strong><em>Qui</em></strong></span> <span class='ocrx_word' id='word_1_348' title='bbox 170 2393 273 2449; x_wconf 85' lang='lat' dir='ltr'><strong><em>talium</em></strong></span> <span class='ocrx_word' id='word_1_349' title='bbox 283 2393 420 2448; x_wconf 89' lang='lat' dir='ltr'><strong><em>arborum</em></strong></span> <span class='ocrx_word' id='word_1_350' title='bbox 432 2390 523 2447; x_wconf 90' lang='lat' dir='ltr'><strong><em>ramis</em></strong></span> <span class='ocrx_word' id='word_1_351' title='bbox 535 2394 683 2463; x_wconf 87' lang='lat' dir='ltr'><strong><em>protectus</em></strong></span> <span class='ocrx_word' id='word_1_352' title='bbox 694 2391 790 2459; x_wconf 77' lang='lat' dir='ltr'><strong><em>tuerit,</em></strong></span> <span class='ocrx_word' id='word_1_353' title='bbox 798 2397 930 2449; x_wconf 85' lang='lat' dir='ltr'><strong><em>exerceat</em></strong></span> <span class='ocrx_word' id='word_1_354' title='bbox 983 2395 1052 2461; x_wconf 89' lang='lat' dir='ltr'><strong><em>test,</em></strong></span> <span class='ocrx_word' id='word_1_355' title='bbox 1063 2407 1115 2447; x_wconf 92' lang='lat' dir='ltr'><strong><em>nec</em></strong></span> <span class='ocrx_word' id='word_1_356' title='bbox 1125 2393 1251 2464; x_wconf 85' lang='lat' dir='ltr'><strong><em>gradum</em></strong></span> <span class='ocrx_word' id='word_1_357' title='bbox 1263 2395 1299 2448; x_wconf 90' lang='lat' dir='ltr'><strong><em>ad</em></strong></span> <span class='ocrx_word' id='word_1_358' title='bbox 1310 2390 1424 2448; x_wconf 86' lang='lat' dir='ltr'><strong><em>excelsa</em></strong></span> <span class='ocrx_word' id='word_1_359' title='bbox 1433 2391 1594 2466; x_wconf 81' lang='lat' dir='ltr'><strong><em>subrigere,</em></strong></span> <span class='ocrx_word' id='word_1_360' title='bbox 1605 2393 1670 2450; x_wconf 91' lang='lat' dir='ltr'><strong><em>ideo</em></strong></span> <span class='ocrx_word' id='word_1_361' title='bbox 1682 2409 1741 2450; x_wconf 91' lang='lat' dir='ltr'><strong><em>non</em></strong></span> <span class='ocrx_word' id='word_1_362' title='bbox 1751 2392 1808 2451; x_wconf 78' lang='lat' dir='ltr'><strong><em>erit</em></strong></span> 
     </span>
     <span class='ocr_line' id='line_1_26' title="bbox 104 2480 1876 2554; baseline 0.002 -17"><span class='ocrx_word' id='word_1_363' title='bbox 104 2481 291 2540; x_wconf 82' lang='lat' dir='ltr'><strong><em>festivitatem</em></strong></span> <span class='ocrx_word' id='word_1_364' title='bbox 299 2481 688 2551; x_wconf 84' lang='lat' dir='ltr'><strong><em>tabernaculorum,sextum</em></strong></span> <span class='ocrx_word' id='word_1_365' title='bbox 697 2486 929 2537; x_wconf 85' lang='lat' dir='ltr'><strong><em>mensemtrans·</em></strong></span> <span class='ocrx_word' id='word_1_366' title='bbox 984 2498 1072 2554; x_wconf 89' lang='lat' dir='ltr'><strong><em>super</em></strong></span> <span class='ocrx_word' id='word_1_367' title='bbox 1096 2497 1164 2537; x_wconf 91' lang='lat' dir='ltr'><strong><em>eum</em></strong></span> <span class='ocrx_word' id='word_1_368' title='bbox 1179 2480 1274 2538; x_wconf 87' lang='lat' dir='ltr'><strong><em>imber</em></strong></span> <span class='ocrx_word' id='word_1_369' title='bbox 1296 2480 1450 2537; x_wconf 82' lang='lat' dir='ltr'><strong><em>Dominica</em></strong></span> <span class='ocrx_word' id='word_1_370' title='bbox 1466 2481 1686 2539; x_wconf 86' lang='lat' dir='ltr'><strong><em>benedictionis.</em></strong></span> <span class='ocrx_word' id='word_1_371' title='bbox 1703 2483 1739 2540; x_wconf 83' lang='lat' dir='ltr'><strong><em>lli</em></strong></span> <span class='ocrx_word' id='word_1_372' title='bbox 1751 2480 1808 2541; x_wconf 88' lang='lat' dir='ltr'><strong><em>hoa</em></strong></span> <span class='ocrx_word' id='word_1_373' title='bbox 1873 2504 1876 2513; x_wconf 70' lang='grc'><em>’</em></span> 
     </span>
     <span class='ocr_line' id='line_1_27' title="bbox 103 2568 1807 2644; baseline 0.001 -16"><span class='ocrx_word' id='word_1_374' title='bbox 103 2571 237 2644; x_wconf 70' lang='grc' dir='ltr'><strong>ἰυιιι,(]υἰ</strong></span> <span class='ocrx_word' id='word_1_375' title='bbox 245 2569 369 2627; x_wconf 82' lang='lat' dir='ltr'><strong><em>refertur</em></strong></span> <span class='ocrx_word' id='word_1_376' title='bbox 377 2570 413 2626; x_wconf 92' lang='lat' dir='ltr'><strong><em>ad</em></strong></span> <span class='ocrx_word' id='word_1_377' title='bbox 425 2569 580 2638; x_wconf 90' lang='lat' dir='ltr'><strong><em>mundum,</em></strong></span> <span class='ocrx_word' id='word_1_378' title='bbox 589 2573 618 2624; x_wconf 87' lang='lat' dir='ltr'><strong><em>et</em></strong></span> <span class='ocrx_word' id='word_1_379' title='bbox 627 2568 752 2641; x_wconf 87' lang='lat' dir='ltr'><strong><em>septimo</em></strong></span> <span class='ocrx_word' id='word_1_380' title='bbox 761 2585 850 2642; x_wconf 84' lang='lat' dir='ltr'><strong><em>agens</em></strong></span> <span class='ocrx_word' id='word_1_381' title='bbox 862 2570 929 2626; x_wconf 90' lang='lat' dir='ltr'><strong><em>sab·</em></strong></span> <span class='ocrx_word' id='word_1_382' title='bbox 984 2575 1137 2642; x_wconf 90' lang='lat' dir='ltr'><strong><em>peccatum</em></strong></span> <span class='ocrx_word' id='word_1_383' title='bbox 1147 2569 1202 2625; x_wconf 87' lang='lat' dir='ltr'><strong><em>orit</em></strong></span> <span class='ocrx_word' id='word_1_384' title='bbox 1213 2571 1371 2625; x_wconf 85' lang='lat' dir='ltr'><strong><em>maximum</em></strong></span> <span class='ocrx_word' id='word_1_385' title='bbox 1383 2570 1524 2643; x_wconf 68' lang='lat' dir='ltr'><strong><em>AEgyptim</em></strong></span> <span class='ocrx_word' id='word_1_386' title='bbox 1537 2571 1575 2642; x_wconf 85' lang='lat' dir='ltr'><strong><em>(d)</em></strong></span> <span class='ocrx_word' id='word_1_387' title='bbox 1585 2569 1807 2644; x_wconf 49' lang='lat' dir='ltr'><strong><em>Assya-iambel-</em></strong></span> 
     </span>
     <span class='ocr_line' id='line_1_28' title="bbox 103 2646 1809 2733; baseline 0.002 -17"><span class='ocrx_word' id='word_1_388' title='bbox 103 2661 207 2718; x_wconf 83' lang='lat' dir='ltr'><strong><em>batum</em></strong></span> <span class='ocrx_word' id='word_1_389' title='bbox 218 2646 420 2733; x_wconf 70' lang='lat' dir='ltr'><strong><em>spiritualem</em></strong></span> <span class='ocrx_word' id='word_1_390' title='bbox 436 2658 539 2730; x_wconf 90' lang='lat' dir='ltr'><strong><em>quinta</em></strong></span> <span class='ocrx_word' id='word_1_391' title='bbox 549 2658 717 2714; x_wconf 88' lang='lat' dir='ltr'><strong><em>decimadie</em></strong></span> <span class='ocrx_word' id='word_1_392' title='bbox 730 2659 840 2714; x_wconf 89' lang='lat' dir='ltr'><strong><em>mensis</em></strong></span> <span class='ocrx_word' id='word_1_393' title='bbox 851 2661 928 2731; x_wconf 88' lang='lat' dir='ltr'><strong><em>ejus·</em></strong></span> <span class='ocrx_word' id='word_1_394' title='bbox 984 2660 1056 2724; x_wconf 85' lang='lat' dir='ltr'><strong><em>daeo,</em></strong></span> <span class='ocrx_word' id='word_1_395' title='bbox 1082 2659 1164 2732; x_wconf 80' lang='lat' dir='ltr'><strong><em>Syro,</em></strong></span> <span class='ocrx_word' id='word_1_396' title='bbox 1189 2658 1332 2727; x_wconf 80' lang='lat' dir='ltr'><strong><em>Moabita,</em></strong></span> <span class='ocrx_word' id='word_1_397' title='bbox 1348 2663 1377 2715; x_wconf 89' lang='lat' dir='ltr'><strong><em>et</em></strong></span> <span class='ocrx_word' id='word_1_398' title='bbox 1399 2659 1583 2725; x_wconf 70' lang='lat' dir='ltr'><strong><em>ammonita,</em></strong></span> <span class='ocrx_word' id='word_1_399' title='bbox 1608 2660 1634 2716; x_wconf 88' lang='lat' dir='ltr'><strong><em>si</em></strong></span> <span class='ocrx_word' id='word_1_400' title='bbox 1659 2659 1809 2720; x_wconf 79' lang='lat' dir='ltr'><strong><em>noluerint</em></strong></span> 
     </span>
     <span class='ocr_line' id='line_1_29' title="bbox 105 2746 1809 2822; baseline 0.001 -16"><span class='ocrx_word' id='word_1_401' title='bbox 105 2750 185 2815; x_wconf 89' lang='lat' dir='ltr'><strong><em>dem,</em></strong></span> <span class='ocrx_word' id='word_1_402' title='bbox 200 2749 317 2821; x_wconf 89' lang='lat' dir='ltr'><strong><em>quando</em></strong></span> <span class='ocrx_word' id='word_1_403' title='bbox 334 2748 427 2804; x_wconf 75' lang='lat' dir='ltr'><strong><em>anoctis</em></strong></span> <span class='ocrx_word' id='word_1_404' title='bbox 442 2747 513 2803; x_wconf 92' lang='lat' dir='ltr'><strong><em>luna</em></strong></span> <span class='ocrx_word' id='word_1_405' title='bbox 528 2746 699 2818; x_wconf 89' lang='lat' dir='ltr'><strong><em>plenissima</em></strong></span> <span class='ocrx_word' id='word_1_406' title='bbox 713 2753 768 2814; x_wconf 90' lang='lat' dir='ltr'><strong><em>est,</em></strong></span> <span class='ocrx_word' id='word_1_407' title='bbox 784 2753 812 2803; x_wconf 88' lang='lat' dir='ltr'><strong><em>et</em></strong></span> <span class='ocrx_word' id='word_1_408' title='bbox 827 2764 929 2804; x_wconf 90' lang='lat' dir='ltr'><strong><em>omnes</em></strong></span> <span class='ocrx_word' id='word_1_409' title='bbox 984 2749 1080 2819; x_wconf 81' lang='lat' dir='ltr'><strong><em>egredi</em></strong></span> <span class='ocrx_word' id='word_1_410' title='bbox 1096 2749 1131 2803; x_wconf 92' lang='lat' dir='ltr'><strong><em>de</em></strong></span> <span class='ocrx_word' id='word_1_411' title='bbox 1147 2747 1231 2803; x_wconf 90' lang='lat' dir='ltr'><strong><em>terris</em></strong></span> <span class='ocrx_word' id='word_1_412' title='bbox 1244 2748 1354 2814; x_wconf 87' lang='lat' dir='ltr'><strong><em>suis,et</em></strong></span> <span class='ocrx_word' id='word_1_413' title='bbox 1367 2749 1524 2804; x_wconf 86' lang='lat' dir='ltr'><strong><em>ascendere</em></strong></span> <span class='ocrx_word' id='word_1_414' title='bbox 1538 2748 1809 2822; x_wconf 70' lang='lat' dir='ltr'><strong><em>Jerusalcmmtpec</em></strong></span> 
     </span>
     <span class='ocr_line' id='line_1_30' title="bbox 105 2835 1810 2910; baseline 0.001 -14"><span class='ocrx_word' id='word_1_415' title='bbox 105 2837 392 2910; x_wconf 82' lang='lat' dir='ltr'><strong><em>ojustencbraeclaro</em></strong></span> <span class='ocrx_word' id='word_1_416' title='bbox 404 2836 721 2892; x_wconf 86' lang='lat' dir='ltr'><strong><em>luminaresolvuntur.</em></strong></span> <span class='ocrx_word' id='word_1_417' title='bbox 733 2837 931 2893; x_wconf 85' lang='lat' dir='ltr'><strong><em>Haecbrcviter</em></strong></span> <span class='ocrx_word' id='word_1_418' title='bbox 984 2835 1173 2894; x_wconf 86' lang='lat' dir='ltr'><strong><em>tabernacula</em></strong></span> <span class='ocrx_word' id='word_1_419' title='bbox 1196 2841 1348 2894; x_wconf 85' lang='lat' dir='ltr'><strong><em>transeant</em></strong></span> <span class='ocrx_word' id='word_1_420' title='bbox 1362 2837 1392 2891; x_wconf 92' lang='lat' dir='ltr'><strong><em>in</em></strong></span> <span class='ocrx_word' id='word_1_421' title='bbox 1417 2837 1591 2907; x_wconf 76' lang='lat' dir='ltr'><strong><em>Jerusalem,</em></strong></span> <span class='ocrx_word' id='word_1_422' title='bbox 1607 2842 1636 2894; x_wconf 86' lang='lat' dir='ltr'><strong><em>et</em></strong></span> <span class='ocrx_word' id='word_1_423' title='bbox 1659 2837 1810 2899; x_wconf 80' lang='lat' dir='ltr'><strong><em>inveniant</em></strong></span> 
     </span>
     <span class='ocr_line' id='line_1_31' title="bbox 105 2924 1808 2999; baseline 0.002 -16"><span class='ocrx_word' id='word_1_424' title='bbox 105 2926 318 2994; x_wconf 76' lang='lat' dir='ltr'><strong><em>diximusplim</em></strong></span> <span class='ocrx_word' id='word_1_425' title='bbox 330 2924 812 2997; x_wconf 87' lang='lat' dir='ltr'><strong><em>animocontemplanteslibrcrum</em></strong></span> <span class='ocrx_word' id='word_1_426' title='bbox 820 2925 931 2999; x_wconf 82' lang='lat' dir='ltr'><strong><em>magni·</em></strong></span> <span class='ocrx_word' id='word_1_427' title='bbox 984 2925 1450 2998; x_wconf 79' lang='lat' dir='ltr'><strong><em>aternamdomum,aliarumquc</em></strong></span> <span class='ocrx_word' id='word_1_428' title='bbox 1458 2927 1588 2997; x_wconf 74' lang='lat' dir='ltr'><strong><em>gentium</em></strong></span> <span class='ocrx_word' id='word_1_429' title='bbox 1596 2926 1731 2985; x_wconf 89' lang='lat' dir='ltr'><strong><em>homines</em></strong></span> <span class='ocrx_word' id='word_1_430' title='bbox 1743 2943 1808 2986; x_wconf 79' lang='lat' dir='ltr'><strong><em>esso</em></strong></span> 
     </span>
     <span class='ocr_line' id='line_1_32' title="bbox 104 3006 1889 3088; baseline 0.001 -17"><span class='ocrx_word' id='word_1_431' title='bbox 104 3016 249 3082; x_wconf 88' lang='lat' dir='ltr'><strong><em>tudinem,</em></strong></span> <span class='ocrx_word' id='word_1_432' title='bbox 266 3019 298 3071; x_wconf 89' lang='lat' dir='ltr'><strong><em>ut</em></strong></span> <span class='ocrx_word' id='word_1_433' title='bbox 312 3014 348 3069; x_wconf 89' lang='lat' dir='ltr'><strong><em>ad</em></strong></span> <span class='ocrx_word' id='word_1_434' title='bbox 361 3012 474 3085; x_wconf 89' lang='lat' dir='ltr'><strong><em>reliqua</em></strong></span> <span class='ocrx_word' id='word_1_435' title='bbox 489 3017 683 3068; x_wconf 86' lang='lat' dir='ltr'><strong><em>transeamus.</em></strong></span> <span class='ocrx_word' id='word_1_436' title='bbox 985 3016 1139 3081; x_wconf 87' lang='lat' dir='ltr'><strong><em>desistant,</em></strong></span> <span class='ocrx_word' id='word_1_437' title='bbox 1155 3022 1183 3070; x_wconf 88' lang='lat' dir='ltr'><strong><em>at</em></strong></span> <span class='ocrx_word' id='word_1_438' title='bbox 1205 3015 1370 3071; x_wconf 79' lang='lat' dir='ltr'><strong><em>efficiantur</em></strong></span> <span class='ocrx_word' id='word_1_439' title='bbox 1394 3015 1530 3072; x_wconf 86' lang='lat' dir='ltr'><strong><em>lsraelitae</em></strong></span> <span class='ocrx_word' id='word_1_440' title='bbox 1551 3015 1581 3071; x_wconf 93' lang='lat' dir='ltr'><strong><em>in</em></strong></span> <span class='ocrx_word' id='word_1_441' title='bbox 1599 3016 1707 3088; x_wconf 87' lang='lat' dir='ltr'><strong><em>quibus</em></strong></span> <span class='ocrx_word' id='word_1_442' title='bbox 1721 3016 1808 3074; x_wconf 83' lang='lat' dir='ltr'><strong><em>dolus</em></strong></span> <span class='ocrx_word' id='word_1_443' title='bbox 1879 3006 1889 3027; x_wconf 88' lang='lat'><strong><em>‘</em></strong></span> 
     </span>
    </p>

    <p class='ocr_par' dir='ltr' id='par_1_3' title="bbox 53 3090 1812 4860">
     <span class='ocr_line' id='line_1_33' title="bbox 143 3090 1808 3176; baseline 0.002 -18"><span class='ocrx_word' id='word_1_444' title='bbox 143 3104 235 3176; x_wconf 86' lang='lat' dir='ltr'><strong><em>(Vera.</em></strong></span> <span class='ocrx_word' id='word_1_445' title='bbox 253 3104 309 3174; x_wconf 84' lang='lat'><strong>17.)</strong></span> <span class='ocrx_word' id='word_1_446' title='bbox 324 3105 356 3158; x_wconf 81' lang='lat' dir='ltr'><strong><em>Et</em></strong></span> <span class='ocrx_word' id='word_1_447' title='bbox 369 3104 432 3173; x_wconf 86' lang='lat' dir='ltr'><strong><em>erit,</em></strong></span> <span class='ocrx_word' id='word_1_448' title='bbox 446 3104 495 3174; x_wconf 82' lang='lat' dir='ltr'><strong><em>qui</em></strong></span> <span class='ocrx_word' id='word_1_449' title='bbox 509 3119 566 3157; x_wconf 88' lang='lat' dir='ltr'><strong><em>non</em></strong></span> <span class='ocrx_word' id='word_1_450' title='bbox 580 3101 753 3158; x_wconf 77' lang='lat' dir='ltr'><strong><em>ascenderint</em></strong></span> <span class='ocrx_word' id='word_1_451' title='bbox 767 3104 802 3160; x_wconf 85' lang='lat' dir='ltr'><strong><em>de</em></strong></span> <span class='ocrx_word' id='word_1_452' title='bbox 811 3102 932 3174; x_wconf 70' lang='lat' dir='ltr'><strong><em>familiis</em></strong></span> <span class='ocrx_word' id='word_1_453' title='bbox 947 3090 969 3157; x_wconf 84' lang='lat' dir='ltr'>C</span> <span class='ocrx_word' id='word_1_454' title='bbox 988 3109 1104 3161; x_wconf 85' lang='lat' dir='ltr'><strong><em>nonest</em></strong></span> <span class='ocrx_word' id='word_1_455' title='bbox 1127 3104 1215 3175; x_wconf 76' lang='lat' dir='ltr'><strong><em>(joam</em></strong></span> <span class='ocrx_word' id='word_1_456' title='bbox 1232 3104 1263 3170; x_wconf 86' lang='grc' dir='ltr'><strong>ι).</strong></span> <span class='ocrx_word' id='word_1_457' title='bbox 1280 3104 1346 3159; x_wconf 74' lang='lat' dir='ltr'><strong><em>Haec</em></strong></span> <span class='ocrx_word' id='word_1_458' title='bbox 1372 3103 1549 3176; x_wconf 78' lang='lat' dir='ltr'><strong><em>omniaque</em></strong></span> <span class='ocrx_word' id='word_1_459' title='bbox 1565 3120 1619 3160; x_wconf 89' lang='lat' dir='ltr'><strong><em>nos</em></strong></span> <span class='ocrx_word' id='word_1_460' title='bbox 1644 3104 1730 3161; x_wconf 88' lang='lat' dir='ltr'><strong><em>caleri</em></strong></span> <span class='ocrx_word' id='word_1_461' title='bbox 1746 3121 1808 3163; x_wconf 79' lang='lat' dir='ltr'><strong><em>ser·</em></strong></span> 
     </span>
     <span class='ocr_line' id='line_1_34' title="bbox 107 3191 1809 3266; baseline 0 -15"><span class='ocrx_word' id='word_1_462' title='bbox 107 3202 191 3251; x_wconf 82' lang='lat' dir='ltr'><strong><em>terrae</em></strong></span> <span class='ocrx_word' id='word_1_463' title='bbox 204 3193 239 3248; x_wconf 86' lang='lat' dir='ltr'><strong><em>ad</em></strong></span> <span class='ocrx_word' id='word_1_464' title='bbox 252 3191 689 3263; x_wconf 79' lang='lat' dir='ltr'><strong><em>ierusalem,autadorentrepem</em></strong></span> <span class='ocrx_word' id='word_1_465' title='bbox 703 3196 934 3248; x_wconf 79' lang='lat' dir='ltr'><strong><em>Dominumeuer·</em></strong></span> <span class='ocrx_word' id='word_1_466' title='bbox 987 3210 1073 3250; x_wconf 89' lang='lat' dir='ltr'><strong><em>mona</em></strong></span> <span class='ocrx_word' id='word_1_467' title='bbox 1087 3192 1322 3266; x_wconf 86' lang='lat' dir='ltr'><strong><em>perstringimus,</em></strong></span> <span class='ocrx_word' id='word_1_468' title='bbox 1338 3193 1442 3260; x_wconf 78' lang='lat' dir='ltr'><strong><em>iudai,</em></strong></span> <span class='ocrx_word' id='word_1_469' title='bbox 1459 3197 1487 3249; x_wconf 88' lang='lat' dir='ltr'><strong><em>et</em></strong></span> <span class='ocrx_word' id='word_1_470' title='bbox 1500 3192 1516 3248; x_wconf 85' lang='lat' dir='ltr'>J</span> <span class='ocrx_word' id='word_1_471' title='bbox 1520 3193 1688 3251; x_wconf 82' lang='lat' dir='ltr'><strong><em>udaiaantes</em></strong></span> <span class='ocrx_word' id='word_1_472' title='bbox 1703 3193 1809 3262; x_wconf 81' lang='lat' dir='ltr'><strong><em>nostri,</em></strong></span> 
     </span>
     <span class='ocr_line' id='line_1_35' title="bbox 105 3280 1809 3355; baseline 0.002 -16"><span class='ocrx_word' id='word_1_473' title='bbox 105 3285 225 3352; x_wconf 78' lang='lat' dir='ltr'><strong><em>situum,</em></strong></span> <span class='ocrx_word' id='word_1_474' title='bbox 241 3297 296 3336; x_wconf 83' lang='lat' dir='ltr'><strong><em>nora</em></strong></span> <span class='ocrx_word' id='word_1_475' title='bbox 309 3282 362 3337; x_wconf 88' lang='lat' dir='ltr'><strong><em>erit</em></strong></span> <span class='ocrx_word' id='word_1_476' title='bbox 384 3298 468 3352; x_wconf 86' lang='lat' dir='ltr'><strong><em>super</em></strong></span> <span class='ocrx_word' id='word_1_477' title='bbox 481 3297 525 3337; x_wconf 90' lang='lat' dir='ltr'><strong><em>eos</em></strong></span> <span class='ocrx_word' id='word_1_478' title='bbox 550 3280 637 3336; x_wconf 85' lang='lat' dir='ltr'><strong><em>irnber</em></strong></span> <span class='ocrx_word' id='word_1_479' title='bbox 651 3280 718 3336; x_wconf 82' lang='lat' dir='ltr'><strong><em>Lxx</em></strong></span> <span class='ocrx_word' id='word_1_480' title='bbox 735 3299 741 3336; x_wconf 93' lang='lat'>:</span> <span class='ocrx_word' id='word_1_481' title='bbox 759 3283 791 3336; x_wconf 78' lang='lat' dir='ltr'><strong><em>Et</em></strong></span> <span class='ocrx_word' id='word_1_482' title='bbox 805 3285 867 3355; x_wconf 87' lang='lat' dir='ltr'><strong><em>erit,</em></strong></span> <span class='ocrx_word' id='word_1_483' title='bbox 884 3283 934 3353; x_wconf 82' lang='lat' dir='ltr'><strong><em>qui</em></strong></span> <span class='ocrx_word' id='word_1_484' title='bbox 985 3282 1077 3339; x_wconf 91' lang='lat' dir='ltr'><strong><em>immo</em></strong></span> <span class='ocrx_word' id='word_1_485' title='bbox 1093 3299 1151 3338; x_wconf 91' lang='lat' dir='ltr'><strong><em>non</em></strong></span> <span class='ocrx_word' id='word_1_486' title='bbox 1168 3281 1271 3351; x_wconf 86' lang='lat' dir='ltr'><strong><em>nostri,</em></strong></span> <span class='ocrx_word' id='word_1_487' title='bbox 1283 3282 1353 3353; x_wconf 88' lang='lat' dir='ltr'><strong><em>quia</em></strong></span> <span class='ocrx_word' id='word_1_488' title='bbox 1362 3282 1559 3353; x_wconf 83' lang='lat' dir='ltr'><strong><em>judaizantes,</em></strong></span> <span class='ocrx_word' id='word_1_489' title='bbox 1575 3286 1695 3355; x_wconf 82' lang='lat' dir='ltr'><strong><em>sperant</em></strong></span> <span class='ocrx_word' id='word_1_490' title='bbox 1709 3283 1809 3343; x_wconf 80' lang='lat' dir='ltr'><strong><em>futura</em></strong></span> 
     </span>
     <span class='ocr_line' id='line_1_36' title="bbox 106 3370 1808 3442; baseline 0.001 -16"><span class='ocrx_word' id='word_1_491' title='bbox 106 3387 164 3426; x_wconf 90' lang='lat' dir='ltr'><strong><em>nan</em></strong></span> <span class='ocrx_word' id='word_1_492' title='bbox 182 3370 354 3425; x_wconf 83' lang='lat' dir='ltr'><strong><em>ascenderint</em></strong></span> <span class='ocrx_word' id='word_1_493' title='bbox 375 3370 408 3424; x_wconf 85' lang='lat' dir='ltr'><strong><em>de</em></strong></span> <span class='ocrx_word' id='word_1_494' title='bbox 420 3370 538 3441; x_wconf 66' lang='lat' dir='ltr'><strong><em>lautitiis</em></strong></span> <span class='ocrx_word' id='word_1_495' title='bbox 561 3373 646 3425; x_wconf 67' lang='lat' dir='ltr'><strong><em>terrae</em></strong></span> <span class='ocrx_word' id='word_1_496' title='bbox 669 3371 709 3425; x_wconf 84' lang='lat' dir='ltr'><strong><em>ad</em></strong></span> <span class='ocrx_word' id='word_1_497' title='bbox 722 3373 886 3434; x_wconf 82' lang='lat' dir='ltr'><strong><em>Jerusalem,</em></strong></span> <span class='ocrx_word' id='word_1_498' title='bbox 901 3375 933 3426; x_wconf 87' lang='lat' dir='ltr'><strong><em>ut</em></strong></span> <span class='ocrx_word' id='word_1_499' title='bbox 986 3371 1183 3442; x_wconf 88' lang='lat' dir='ltr'><strong><em>corporaliter,</em></strong></span> <span class='ocrx_word' id='word_1_500' title='bbox 1202 3371 1301 3441; x_wconf 89' lang='lat' dir='ltr'><strong><em>utique</em></strong></span> <span class='ocrx_word' id='word_1_501' title='bbox 1317 3375 1345 3426; x_wconf 91' lang='lat' dir='ltr'><strong><em>et</em></strong></span> <span class='ocrx_word' id='word_1_502' title='bbox 1360 3370 1613 3427; x_wconf 86' lang='lat' dir='ltr'><strong><em>circumcisionem</em></strong></span> <span class='ocrx_word' id='word_1_503' title='bbox 1624 3371 1692 3436; x_wconf 90' lang='lat' dir='ltr'><strong><em>sibi,</em></strong></span> <span class='ocrx_word' id='word_1_504' title='bbox 1703 3375 1808 3428; x_wconf 87' lang='lat' dir='ltr'><strong><em>etocn·</em></strong></span> 
     </span>
     <span class='ocr_line' id='line_1_37' title="bbox 104 3457 1808 3532; baseline 0 -16"><span class='ocrx_word' id='word_1_505' title='bbox 104 3458 220 3516; x_wconf 80' lang='lat' dir='ltr'><strong><em>adorem</em></strong></span> <span class='ocrx_word' id='word_1_506' title='bbox 243 3476 339 3531; x_wconf 79' lang='lat' dir='ltr'><strong><em>rupem</em></strong></span> <span class='ocrx_word' id='word_1_507' title='bbox 360 3460 504 3515; x_wconf 89' lang='lat' dir='ltr'><strong><em>Dominum</em></strong></span> <span class='ocrx_word' id='word_1_508' title='bbox 527 3459 750 3528; x_wconf 84' lang='lat' dir='ltr'><strong><em>omnipotentem,</em></strong></span> <span class='ocrx_word' id='word_1_509' title='bbox 766 3463 791 3513; x_wconf 89' lang='lat' dir='ltr'><strong><em>et</em></strong></span> <span class='ocrx_word' id='word_1_510' title='bbox 814 3461 860 3515; x_wconf 85' lang='lat' dir='ltr'><strong><em>isti</em></strong></span> <span class='ocrx_word' id='word_1_511' title='bbox 875 3461 932 3515; x_wconf 89' lang='lat' dir='ltr'><strong><em>ittis</em></strong></span> <span class='ocrx_word' id='word_1_512' title='bbox 982 3459 1103 3532; x_wconf 82' lang='lat' dir='ltr'><strong><em>jugiain</em></strong></span> <span class='ocrx_word' id='word_1_513' title='bbox 1119 3457 1198 3513; x_wconf 88' lang='lat' dir='ltr'><strong><em>mille</em></strong></span> <span class='ocrx_word' id='word_1_514' title='bbox 1214 3475 1357 3513; x_wconf 89' lang='lat' dir='ltr'><strong><em>annorum</em></strong></span> <span class='ocrx_word' id='word_1_515' title='bbox 1372 3458 1808 3530; x_wconf 68' lang='lat' dir='ltr'><strong><em>aenimperiopromictantas,</em></strong></span> 
     </span>
     <span class='ocr_line' id='line_1_38' title="bbox 105 3545 1804 3629; baseline 0.001 -26"><span class='ocrx_word' id='word_1_516' title='bbox 105 3556 287 3621; x_wconf 78' lang='lat' dir='ltr'><strong><em>apparentur.</em></strong></span> <span class='ocrx_word' id='word_1_517' title='bbox 299 3551 354 3602; x_wconf 91' lang='lat' dir='ltr'><strong><em>Pro</em></strong></span> <span class='ocrx_word' id='word_1_518' title='bbox 370 3563 403 3602; x_wconf 91' lang='lat' dir='ltr'><strong><em>eo</em></strong></span> <span class='ocrx_word' id='word_1_519' title='bbox 418 3548 495 3618; x_wconf 90' lang='lat' dir='ltr'><strong><em>quod</em></strong></span> <span class='ocrx_word' id='word_1_520' title='bbox 507 3547 698 3619; x_wconf 79' lang='lat' dir='ltr'><strong><em>Septuaginta</em></strong></span> <span class='ocrx_word' id='word_1_521' title='bbox 708 3546 931 3616; x_wconf 86' lang='lat' dir='ltr'><strong><em>transtulerunt,</em></strong></span> <span class='ocrx_word' id='word_1_522' title='bbox 985 3565 1022 3604; x_wconf 88' lang='lat' dir='ltr'><strong><em>no</em></strong></span> <span class='ocrx_word' id='word_1_523' title='bbox 1037 3546 1194 3629; x_wconf 75' lang='lat' dir='ltr'><strong><em>impleatur</em></strong></span> <span class='ocrx_word' id='word_1_524' title='bbox 1216 3546 1246 3602; x_wconf 93' lang='lat' dir='ltr'><strong><em>in</em></strong></span> <span class='ocrx_word' id='word_1_525' title='bbox 1262 3545 1321 3602; x_wconf 90' lang='lat' dir='ltr'><strong><em>illis</em></strong></span> <span class='ocrx_word' id='word_1_526' title='bbox 1342 3545 1508 3602; x_wconf 87' lang='lat' dir='ltr'><strong><em>maledictio</em></strong></span> <span class='ocrx_word' id='word_1_527' title='bbox 1524 3562 1588 3618; x_wconf 78' lang='lat' dir='ltr'><strong><em>qua</em></strong></span> <span class='ocrx_word' id='word_1_528' title='bbox 1613 3545 1723 3618; x_wconf 85' lang='lat' dir='ltr'><strong><em>scripta</em></strong></span> <span class='ocrx_word' id='word_1_529' title='bbox 1735 3551 1804 3605; x_wconf 85' lang='lat' dir='ltr'><strong><em>ast:</em></strong></span> 
     </span>
     <span class='ocr_line' id='line_1_39' title="bbox 105 3634 1806 3708; baseline -0.001 -14"><span class='ocrx_word' id='word_1_530' title='bbox 105 3641 133 3694; x_wconf 82' lang='lat' dir='ltr'><strong><em>et</em></strong></span> <span class='ocrx_word' id='word_1_531' title='bbox 147 3638 196 3692; x_wconf 89' lang='lat' dir='ltr'><strong><em>isti</em></strong></span> <span class='ocrx_word' id='word_1_532' title='bbox 210 3637 270 3693; x_wconf 86' lang='lat' dir='ltr'><strong><em>iltis</em></strong></span> <span class='ocrx_word' id='word_1_533' title='bbox 279 3637 497 3708; x_wconf 86' lang='lat' dir='ltr'><strong><em>apponentur‚in</em></strong></span> <span class='ocrx_word' id='word_1_534' title='bbox 508 3635 648 3691; x_wconf 86' lang='lat' dir='ltr'><strong><em>Hebraico</em></strong></span> <span class='ocrx_word' id='word_1_535' title='bbox 659 3635 801 3708; x_wconf 91' lang='lat' dir='ltr'><strong><em>scriptum</em></strong></span> <span class='ocrx_word' id='word_1_536' title='bbox 813 3641 868 3706; x_wconf 88' lang='lat' dir='ltr'><strong><em>est,</em></strong></span> <span class='ocrx_word' id='word_1_537' title='bbox 877 3653 931 3693; x_wconf 81' lang='lat' dir='ltr'><strong><em>uuo</em></strong></span> <span class='ocrx_word' id='word_1_538' title='bbox 985 3637 1128 3693; x_wconf 82' lang='lat' dir='ltr'><strong><em>dlatedictc</em></strong></span> <span class='ocrx_word' id='word_1_539' title='bbox 1141 3637 1244 3692; x_wconf 85' lang='lat' dir='ltr'><strong><em>sterilis</em></strong></span> <span class='ocrx_word' id='word_1_540' title='bbox 1259 3650 1321 3708; x_wconf 76' lang='lat' dir='ltr'><strong><em>ause</em></strong></span> <span class='ocrx_word' id='word_1_541' title='bbox 1334 3651 1392 3692; x_wconf 88' lang='lat' dir='ltr'><strong><em>non</em></strong></span> <span class='ocrx_word' id='word_1_542' title='bbox 1404 3636 1473 3704; x_wconf 76' lang='lat' dir='ltr'><strong><em>facil</em></strong></span> <span class='ocrx_word' id='word_1_543' title='bbox 1486 3651 1579 3691; x_wconf 88' lang='lat' dir='ltr'><strong><em>semen</em></strong></span> <span class='ocrx_word' id='word_1_544' title='bbox 1593 3634 1623 3690; x_wconf 86' lang='lat' dir='ltr'><strong><em>in</em></strong></span> <span class='ocrx_word' id='word_1_545' title='bbox 1636 3635 1722 3691; x_wconf 85' lang='lat' dir='ltr'><strong><em>lsrael</em></strong></span> <span class='ocrx_word' id='word_1_546' title='bbox 1735 3639 1806 3700; x_wconf 67' lang='lat' dir='ltr'><strong><em>,etz</em></strong></span> 
     </span>
     <span class='ocr_line' id='line_1_40' title="bbox 104 3722 1808 3798; baseline 0.001 -18"><span class='ocrx_word' id='word_1_547' title='bbox 104 3742 220 3782; x_wconf 79' lang='lat' dir='ltr'><strong><em>nasama</em></strong></span> <span class='ocrx_word' id='word_1_548' title='bbox 231 3725 267 3798; x_wconf 86' lang='lat' dir='ltr'><strong><em>(c)</em></strong></span> <span class='ocrx_word' id='word_1_549' title='bbox 281 3743 329 3781; x_wconf 86' lang='lat' dir='ltr'><strong><em>ara</em></strong></span> <span class='ocrx_word' id='word_1_550' title='bbox 339 3742 442 3792; x_wconf 84' lang='lat' dir='ltr'><strong><em>casaur,</em></strong></span> <span class='ocrx_word' id='word_1_551' title='bbox 455 3725 532 3797; x_wconf 91' lang='lat' dir='ltr'><strong><em>quod</em></strong></span> <span class='ocrx_word' id='word_1_552' title='bbox 542 3722 647 3795; x_wconf 88' lang='lat' dir='ltr'><strong><em>Aquila</em></strong></span> <span class='ocrx_word' id='word_1_553' title='bbox 661 3724 933 3798; x_wconf 75' lang='lat' dir='ltr'><strong><em>etSymmacbuset</em></strong></span> <span class='ocrx_word' id='word_1_554' title='bbox 985 3728 1084 3782; x_wconf 87' lang='lat' dir='ltr'><strong><em>Beatus</em></strong></span> <span class='ocrx_word' id='word_1_555' title='bbox 1094 3727 1141 3797; x_wconf 82' lang='lat' dir='ltr'><strong><em>qui</em></strong></span> <span class='ocrx_word' id='word_1_556' title='bbox 1155 3725 1235 3781; x_wconf 86' lang='lat' dir='ltr'><strong><em>nabet</em></strong></span> <span class='ocrx_word' id='word_1_557' title='bbox 1249 3740 1338 3780; x_wconf 82' lang='lat' dir='ltr'><strong><em>samm</em></strong></span> <span class='ocrx_word' id='word_1_558' title='bbox 1355 3726 1385 3781; x_wconf 90' lang='lat' dir='ltr'><strong><em>in</em></strong></span> <span class='ocrx_word' id='word_1_559' title='bbox 1399 3725 1464 3781; x_wconf 86' lang='lat' dir='ltr'><strong><em>Sion</em></strong></span> <span class='ocrx_word' id='word_1_560' title='bbox 1479 3728 1505 3780; x_wconf 87' lang='lat' dir='ltr'><strong><em>ct</em></strong></span> <span class='ocrx_word' id='word_1_561' title='bbox 1518 3723 1713 3781; x_wconf 86' lang='lat' dir='ltr'><strong><em>domesticosin</em></strong></span> <span class='ocrx_word' id='word_1_562' title='bbox 1724 3728 1808 3782; x_wconf 82' lang='lat' dir='ltr'><strong><em>Jeru-</em></strong></span> 
     </span>
     <span class='ocr_line' id='line_1_41' title="bbox 105 3812 1810 3887; baseline 0 -17"><span class='ocrx_word' id='word_1_563' title='bbox 105 3812 267 3870; x_wconf 79' lang='lat' dir='ltr'><strong><em>&#39;l’becdotio</em></strong></span> <span class='ocrx_word' id='word_1_564' title='bbox 283 3812 612 3885; x_wconf 88' lang='lat' dir='ltr'><strong><em>similiterinterpretati</em></strong></span> <span class='ocrx_word' id='word_1_565' title='bbox 627 3817 707 3883; x_wconf 88' lang='lat' dir='ltr'><strong><em>suut,</em></strong></span> <span class='ocrx_word' id='word_1_566' title='bbox 719 3815 744 3867; x_wconf 86' lang='lat' dir='ltr'><strong><em>et</em></strong></span> <span class='ocrx_word' id='word_1_567' title='bbox 754 3829 809 3869; x_wconf 89' lang='lat' dir='ltr'><strong><em>non</em></strong></span> <span class='ocrx_word' id='word_1_568' title='bbox 823 3817 932 3871; x_wconf 88' lang='lat' dir='ltr'><strong><em>eritsu·</em></strong></span> <span class='ocrx_word' id='word_1_569' title='bbox 985 3817 1071 3872; x_wconf 85' lang='lat' dir='ltr'><strong><em>satem</em></strong></span> <span class='ocrx_word' id='word_1_570' title='bbox 1088 3817 1163 3887; x_wconf 88' lang='lat' dir='ltr'><strong><em>(lsai.</em></strong></span> <span class='ocrx_word' id='word_1_571' title='bbox 1183 3832 1260 3886; x_wconf 83' lang='lat' dir='ltr'><strong><em>xxxi,</em></strong></span> <span class='ocrx_word' id='word_1_572' title='bbox 1275 3814 1303 3882; x_wconf 83' lang='grc'><strong><em>9,</em></strong></span> <span class='ocrx_word' id='word_1_573' title='bbox 1320 3830 1373 3870; x_wconf 87' lang='lat' dir='ltr'><strong><em>seo.</em></strong></span> <span class='ocrx_word' id='word_1_574' title='bbox 1390 3813 1478 3885; x_wconf 78' lang='lat' dir='ltr'><strong>LXX).</strong></span> <span class='ocrx_word' id='word_1_575' title='bbox 1496 3814 1577 3878; x_wconf 83' lang='lat' dir='ltr'><strong><em>Quod</em></strong></span> <span class='ocrx_word' id='word_1_576' title='bbox 1592 3813 1617 3870; x_wconf 85' lang='lat' dir='ltr'><strong><em>si</em></strong></span> <span class='ocrx_word' id='word_1_577' title='bbox 1632 3828 1733 3869; x_wconf 86' lang='lat' dir='ltr'><strong><em>vorum</em></strong></span> <span class='ocrx_word' id='word_1_578' title='bbox 1748 3816 1810 3880; x_wconf 78' lang='lat' dir='ltr'><strong><em>ast,</em></strong></span> 
     </span>
     <span class='ocr_line' id='line_1_42' title="bbox 102 3901 1808 3977; baseline 0.002 -19"><span class='ocrx_word' id='word_1_579' title='bbox 102 3919 212 3976; x_wconf 88' lang='lat' dir='ltr'><strong><em>pereas</em></strong></span> <span class='ocrx_word' id='word_1_580' title='bbox 226 3903 323 3959; x_wconf 87' lang='lat' dir='ltr'><strong><em>imber.</em></strong></span> <span class='ocrx_word' id='word_1_581' title='bbox 336 3901 465 3958; x_wconf 79' lang='lat' dir='ltr'><strong><em>Ecclesia</em></strong></span> <span class='ocrx_word' id='word_1_582' title='bbox 479 3901 595 3957; x_wconf 87' lang='lat' dir='ltr'><strong><em>Domini</em></strong></span> <span class='ocrx_word' id='word_1_583' title='bbox 610 3902 678 3957; x_wconf 86' lang='lat' dir='ltr'><strong><em>lesu</em></strong></span> <span class='ocrx_word' id='word_1_584' title='bbox 694 3901 858 3973; x_wconf 87' lang='lat' dir='ltr'><strong><em>appellatur</em></strong></span> <span class='ocrx_word' id='word_1_585' title='bbox 872 3920 931 3960; x_wconf 86' lang='lat' dir='ltr'><strong><em>coe·</em></strong></span> <span class='ocrx_word' id='word_1_586' title='bbox 986 3905 1220 3977; x_wconf 80' lang='lat' dir='ltr'><strong><em>omnesuirgiucs</em></strong></span> <span class='ocrx_word' id='word_1_587' title='bbox 1231 3920 1304 3975; x_wconf 88' lang='lat' dir='ltr'><strong><em>quas</em></strong></span> <span class='ocrx_word' id='word_1_588' title='bbox 1316 3902 1396 3959; x_wconf 87' lang='lat' dir='ltr'><strong><em>mille</em></strong></span> <span class='ocrx_word' id='word_1_589' title='bbox 1406 3918 1550 3959; x_wconf 90' lang='lat' dir='ltr'><strong><em>annorum</em></strong></span> <span class='ocrx_word' id='word_1_590' title='bbox 1561 3902 1808 3976; x_wconf 82' lang='lat' dir='ltr'><strong><em>regnuminvene-</em></strong></span> 
     </span>
     <span class='ocr_line' id='line_1_43' title="bbox 104 3990 1805 4065; baseline 0 -16"><span class='ocrx_word' id='word_1_591' title='bbox 104 3991 416 4059; x_wconf 86' lang='lat' dir='ltr'><strong><em>lestisJerusalem,de</em></strong></span> <span class='ocrx_word' id='word_1_592' title='bbox 427 4008 485 4063; x_wconf 90' lang='lat' dir='ltr'><strong><em>qua</em></strong></span> <span class='ocrx_word' id='word_1_593' title='bbox 500 3990 657 4063; x_wconf 78' lang='lat' dir='ltr'><strong><em>Apostolus</em></strong></span> <span class='ocrx_word' id='word_1_594' title='bbox 670 3990 772 4047; x_wconf 90' lang='lat' dir='ltr'><strong><em>scribit</em></strong></span> <span class='ocrx_word' id='word_1_595' title='bbox 785 4007 791 4047; x_wconf 93' lang='lat'>:</span> <span class='ocrx_word' id='word_1_596' title='bbox 805 3993 869 4061; x_wconf 78' lang='lat' dir='ltr'><strong><em>Qua</em></strong></span> <span class='ocrx_word' id='word_1_597' title='bbox 881 4008 932 4047; x_wconf 88' lang='lat' dir='ltr'><strong><em>au·</em></strong></span> <span class='ocrx_word' id='word_1_598' title='bbox 986 3995 1024 4050; x_wconf 88' lang='lat' dir='ltr'><strong><em>rit</em></strong></span> <span class='ocrx_word' id='word_1_599' title='bbox 1034 3993 1265 4049; x_wconf 86' lang='lat' dir='ltr'><strong><em>maledictioniet</em></strong></span> <span class='ocrx_word' id='word_1_600' title='bbox 1280 3991 1426 4048; x_wconf 85' lang='lat' dir='ltr'><strong><em>sterilitati</em></strong></span> <span class='ocrx_word' id='word_1_601' title='bbox 1435 3996 1580 4065; x_wconf 80' lang='lat' dir='ltr'><strong><em>perpetue</em></strong></span> <span class='ocrx_word' id='word_1_602' title='bbox 1590 3991 1805 4064; x_wconf 73' lang='lat' dir='ltr'><strong><em>subjacebunt:</em></strong></span> 
     </span>
     <span class='ocr_line' id='line_1_44' title="bbox 106 4080 1809 4155; baseline 0.001 -17"><span class='ocrx_word' id='word_1_603' title='bbox 106 4085 161 4139; x_wconf 83' lang='lat' dir='ltr'><strong><em>tem</em></strong></span> <span class='ocrx_word' id='word_1_604' title='bbox 178 4098 286 4138; x_wconf 83' lang='lat' dir='ltr'><strong><em>sursrrm</em></strong></span> <span class='ocrx_word' id='word_1_605' title='bbox 308 4086 348 4137; x_wconf 91' lang='lat' dir='ltr'><strong><em>est</em></strong></span> <span class='ocrx_word' id='word_1_606' title='bbox 361 4081 521 4148; x_wconf 77' lang='lat' dir='ltr'><strong><em>terrassiam,</em></strong></span> <span class='ocrx_word' id='word_1_607' title='bbox 538 4081 625 4136; x_wconf 86' lang='lat' dir='ltr'><strong><em>libera</em></strong></span> <span class='ocrx_word' id='word_1_608' title='bbox 652 4088 701 4153; x_wconf 88' lang='lat' dir='ltr'><strong><em>est,</em></strong></span> <span class='ocrx_word' id='word_1_609' title='bbox 716 4096 777 4154; x_wconf 80' lang='lat' dir='ltr'><strong><em>quoe</em></strong></span> <span class='ocrx_word' id='word_1_610' title='bbox 791 4085 832 4138; x_wconf 88' lang='lat' dir='ltr'><strong><em>est</em></strong></span> <span class='ocrx_word' id='word_1_611' title='bbox 845 4087 933 4138; x_wconf 87' lang='lat' dir='ltr'><strong><em>mater</em></strong></span> <span class='ocrx_word' id='word_1_612' title='bbox 986 4089 1036 4139; x_wconf 91' lang='lat' dir='ltr'><strong><em>aut</em></strong></span> <span class='ocrx_word' id='word_1_613' title='bbox 1051 4087 1127 4139; x_wconf 88' lang='lat' dir='ltr'><strong><em>certa</em></strong></span> <span class='ocrx_word' id='word_1_614' title='bbox 1139 4087 1273 4155; x_wconf 81' lang='lat' dir='ltr'><strong><em>nuptura</em></strong></span> <span class='ocrx_word' id='word_1_615' title='bbox 1288 4080 1809 4154; x_wconf 76' lang='lat' dir='ltr'><strong><em>sunt,utmaledictionemeffugiant.</em></strong></span> 
     </span>
     <span class='ocr_line' id='line_1_45' title="bbox 105 4169 1811 4246; baseline 0.002 -20"><span class='ocrx_word' id='word_1_616' title='bbox 105 4172 231 4227; x_wconf 88' lang='lat' dir='ltr'><strong><em>omnium</em></strong></span> <span class='ocrx_word' id='word_1_617' title='bbox 254 4175 380 4226; x_wconf 84' lang='lat' dir='ltr'><strong><em>nostrum</em></strong></span> <span class='ocrx_word' id='word_1_618' title='bbox 402 4170 502 4240; x_wconf 81' lang='lat' dir='ltr'><strong><em>(Galat.</em></strong></span> <span class='ocrx_word' id='word_1_619' title='bbox 520 4188 556 4238; x_wconf 83' lang='lat' dir='ltr'><strong><em>iv,</em></strong></span> <span class='ocrx_word' id='word_1_620' title='bbox 573 4169 639 4241; x_wconf 72' lang='lat'>26);</span> <span class='ocrx_word' id='word_1_621' title='bbox 664 4173 693 4226; x_wconf 87' lang='lat' dir='ltr'><strong><em>at</em></strong></span> <span class='ocrx_word' id='word_1_622' title='bbox 708 4188 715 4227; x_wconf 91' lang='lat'>:</span> <span class='ocrx_word' id='word_1_623' title='bbox 731 4171 883 4228; x_wconf 76' lang='lat' dir='ltr'><strong><em>incessistis</em></strong></span> <span class='ocrx_word' id='word_1_624' title='bbox 896 4172 932 4229; x_wconf 91' lang='lat' dir='ltr'><strong><em>nd</em></strong></span> <span class='ocrx_word' id='word_1_625' title='bbox 1021 4172 1113 4246; x_wconf 87' lang='lat' dir='ltr'><strong><em>(Vere.</em></strong></span> <span class='ocrx_word' id='word_1_626' title='bbox 1130 4172 1188 4244; x_wconf 76' lang='lat'>20.)</span> <span class='ocrx_word' id='word_1_627' title='bbox 1203 4176 1237 4229; x_wconf 91' lang='lat' dir='ltr'><strong><em>ln</em></strong></span> <span class='ocrx_word' id='word_1_628' title='bbox 1251 4171 1295 4229; x_wconf 86' lang='lat' dir='ltr'><strong><em>die&#39;</em></strong></span> <span class='ocrx_word' id='word_1_629' title='bbox 1310 4171 1362 4229; x_wconf 88' lang='lat' dir='ltr'><strong><em>itta</em></strong></span> <span class='ocrx_word' id='word_1_630' title='bbox 1377 4173 1440 4236; x_wconf 89' lang='lat' dir='ltr'><strong><em>erit,</em></strong></span> <span class='ocrx_word' id='word_1_631' title='bbox 1449 4171 1520 4245; x_wconf 82' lang='lat' dir='ltr'><strong><em>quod</em></strong></span> <span class='ocrx_word' id='word_1_632' title='bbox 1529 4172 1732 4243; x_wconf 63' lang='lat' dir='ltr'><strong><em>superbonum</em></strong></span> <span class='ocrx_word' id='word_1_633' title='bbox 1745 4169 1811 4243; x_wconf 80' lang='lat' dir='ltr'><strong><em>eqni</em></strong></span> 
     </span>
     <span class='ocr_line' id='line_1_46' title="bbox 107 4259 1812 4334; baseline 0.001 -19"><span class='ocrx_word' id='word_1_634' title='bbox 107 4260 173 4316; x_wconf 90' lang='lat' dir='ltr'><strong><em>Sion</em></strong></span> <span class='ocrx_word' id='word_1_635' title='bbox 189 4264 317 4326; x_wconf 89' lang='lat' dir='ltr'><strong><em>montem,</em></strong></span> <span class='ocrx_word' id='word_1_636' title='bbox 332 4263 358 4315; x_wconf 88' lang='lat' dir='ltr'><strong><em>et</em></strong></span> <span class='ocrx_word' id='word_1_637' title='bbox 377 4259 455 4315; x_wconf 71' lang='lat'><strong><em>088</em></strong></span> <span class='ocrx_word' id='word_1_638' title='bbox 470 4261 608 4316; x_wconf 86' lang='lat' dir='ltr'><strong><em>ciuitatem</em></strong></span> <span class='ocrx_word' id='word_1_639' title='bbox 629 4260 679 4315; x_wconf 89' lang='lat' dir='ltr'><strong><em>Dei</em></strong></span> <span class='ocrx_word' id='word_1_640' title='bbox 692 4262 930 4332; x_wconf 67' lang='lat' dir='ltr'><strong><em>uiuentisterusc·</em></strong></span> <span class='ocrx_word' id='word_1_641' title='bbox 984 4271 1033 4334; x_wconf 91' lang='lat' dir='ltr'><strong><em>est,</em></strong></span> <span class='ocrx_word' id='word_1_642' title='bbox 1047 4267 1172 4318; x_wconf 86' lang='lat' dir='ltr'><strong><em>sonetum</em></strong></span> <span class='ocrx_word' id='word_1_643' title='bbox 1182 4263 1345 4318; x_wconf 79' lang='lat' dir='ltr'><strong><em>Dontino:ot</em></strong></span> <span class='ocrx_word' id='word_1_644' title='bbox 1361 4269 1442 4317; x_wconf 87' lang='lat' dir='ltr'><strong><em>erunt</em></strong></span> <span class='ocrx_word' id='word_1_645' title='bbox 1452 4260 1550 4318; x_wconf 85' lang='lat' dir='ltr'><strong><em>lebetes</em></strong></span> <span class='ocrx_word' id='word_1_646' title='bbox 1564 4261 1595 4317; x_wconf 87' lang='lat' dir='ltr'><strong><em>in</em></strong></span> <span class='ocrx_word' id='word_1_647' title='bbox 1609 4259 1686 4318; x_wconf 84' lang='lat' dir='ltr'><strong><em>domo</em></strong></span> <span class='ocrx_word' id='word_1_648' title='bbox 1700 4259 1812 4317; x_wconf 84' lang='lat' dir='ltr'><strong><em>Domini</em></strong></span> 
     </span>
     <span class='ocr_line' id='line_1_47' title="bbox 106 4347 1810 4424; baseline 0 -19"><span class='ocrx_word' id='word_1_649' title='bbox 106 4349 161 4405; x_wconf 82' lang='lat' dir='ltr'><strong><em>tem</em></strong></span> <span class='ocrx_word' id='word_1_650' title='bbox 175 4351 308 4406; x_wconf 79' lang='lat' dir='ltr'><strong><em>coetestem</em></strong></span> <span class='ocrx_word' id='word_1_651' title='bbox 323 4350 403 4421; x_wconf 89' lang='lat' dir='ltr'><strong><em>(ch.</em></strong></span> <span class='ocrx_word' id='word_1_652' title='bbox 417 4365 470 4419; x_wconf 81' lang='lat' dir='ltr'><strong><em>xm,</em></strong></span> <span class='ocrx_word' id='word_1_653' title='bbox 485 4350 540 4418; x_wconf 75' lang='lat'>22).</span> <span class='ocrx_word' id='word_1_654' title='bbox 557 4349 592 4403; x_wconf 82' lang='lat' dir='ltr'><strong><em>m</em></strong></span> <span class='ocrx_word' id='word_1_655' title='bbox 607 4347 667 4402; x_wconf 86' lang='lat' dir='ltr'><strong><em>haec</em></strong></span> <span class='ocrx_word' id='word_1_656' title='bbox 694 4348 857 4405; x_wconf 85' lang='lat' dir='ltr'><strong><em>Jerusalem</em></strong></span> <span class='ocrx_word' id='word_1_657' title='bbox 873 4369 930 4408; x_wconf 92' lang='lat' dir='ltr'><strong><em>non</em></strong></span> <span class='ocrx_word' id='word_1_658' title='bbox 984 4354 1065 4424; x_wconf 83' lang='lat' dir='ltr'><strong><em>quasi</em></strong></span> <span class='ocrx_word' id='word_1_659' title='bbox 1075 4352 1180 4424; x_wconf 75' lang='lat' dir='ltr'><strong><em>pbiotae</em></strong></span> <span class='ocrx_word' id='word_1_660' title='bbox 1193 4367 1291 4407; x_wconf 86' lang='lat' dir='ltr'><strong><em>curam</em></strong></span> <span class='ocrx_word' id='word_1_661' title='bbox 1303 4351 1404 4406; x_wconf 66' lang='lat' dir='ltr'><strong><em>chari.</em></strong></span> <span class='ocrx_word' id='word_1_662' title='bbox 1417 4349 1450 4405; x_wconf 79' lang='lat' dir='ltr'><strong><em>Et</em></strong></span> <span class='ocrx_word' id='word_1_663' title='bbox 1462 4351 1517 4406; x_wconf 81' lang='lat' dir='ltr'><strong><em>erit</em></strong></span> <span class='ocrx_word' id='word_1_664' title='bbox 1530 4351 1620 4405; x_wconf 85' lang='lat' dir='ltr'><strong><em>omnis</em></strong></span> <span class='ocrx_word' id='word_1_665' title='bbox 1634 4349 1706 4404; x_wconf 78' lang='lat' dir='ltr'><strong><em>tabes</em></strong></span> <span class='ocrx_word' id='word_1_666' title='bbox 1720 4348 1752 4403; x_wconf 89' lang='lat' dir='ltr'><strong><em>in</em></strong></span> <span class='ocrx_word' id='word_1_667' title='bbox 1765 4349 1810 4405; x_wconf 81' lang='lat' dir='ltr'><strong><em>is-</em></strong></span> 
     </span>
     <span class='ocr_line' id='line_1_48' title="bbox 106 4437 1809 4525; baseline -0.002 -30"><span class='ocrx_word' id='word_1_668' title='bbox 106 4444 153 4495; x_wconf 84' lang='lat' dir='ltr'><strong><em>est</em></strong></span> <span class='ocrx_word' id='word_1_669' title='bbox 167 4437 196 4493; x_wconf 92' lang='lat' dir='ltr'><strong><em>in</em></strong></span> <span class='ocrx_word' id='word_1_670' title='bbox 211 4438 283 4494; x_wconf 88' lang='lat' dir='ltr'><strong><em>locis</em></strong></span> <span class='ocrx_word' id='word_1_671' title='bbox 294 4437 458 4494; x_wconf 87' lang='lat' dir='ltr'><strong><em>humilibus</em></strong></span> <span class='ocrx_word' id='word_1_672' title='bbox 472 4438 539 4505; x_wconf 82' lang='lat' dir='ltr'><strong><em>sim,</em></strong></span> <span class='ocrx_word' id='word_1_673' title='bbox 551 4438 601 4493; x_wconf 88' lang='lat' dir='ltr'><strong><em>sed</em></strong></span> <span class='ocrx_word' id='word_1_674' title='bbox 615 4437 644 4493; x_wconf 93' lang='lat' dir='ltr'><strong><em>in</em></strong></span> <span class='ocrx_word' id='word_1_675' title='bbox 656 4443 754 4494; x_wconf 87' lang='lat' dir='ltr'><strong><em>monte</em></strong></span> <span class='ocrx_word' id='word_1_676' title='bbox 765 4439 887 4507; x_wconf 83' lang='lat' dir='ltr'><strong><em>excelso,</em></strong></span> <span class='ocrx_word' id='word_1_677' title='bbox 896 4441 932 4498; x_wconf 90' lang='lat' dir='ltr'><strong><em>de</em></strong></span> <span class='ocrx_word' id='word_1_678' title='bbox 946 4461 970 4525; x_wconf 73' lang='lat' dir='ltr'><strong>D</strong></span> <span class='ocrx_word' id='word_1_679' title='bbox 984 4443 1108 4498; x_wconf 86' lang='lat' dir='ltr'><strong><em>rusatem</em></strong></span> <span class='ocrx_word' id='word_1_680' title='bbox 1121 4445 1146 4497; x_wconf 87' lang='lat' dir='ltr'><strong><em>et</em></strong></span> <span class='ocrx_word' id='word_1_681' title='bbox 1162 4442 1191 4495; x_wconf 93' lang='lat' dir='ltr'><strong><em>in</em></strong></span> <span class='ocrx_word' id='word_1_682' title='bbox 1205 4439 1276 4497; x_wconf 80' lang='lat' dir='ltr'><strong><em>Iuda</em></strong></span> <span class='ocrx_word' id='word_1_683' title='bbox 1289 4438 1476 4511; x_wconf 73' lang='lat' dir='ltr'><strong><em>sanctificatus</em></strong></span> <span class='ocrx_word' id='word_1_684' title='bbox 1490 4437 1603 4493; x_wconf 87' lang='lat' dir='ltr'><strong><em>Domino</em></strong></span> <span class='ocrx_word' id='word_1_685' title='bbox 1626 4437 1809 4505; x_wconf 73' lang='lat' dir='ltr'><strong><em>mrcDuum,</em></strong></span> 
     </span>
     <span class='ocr_line' id='line_1_49' title="bbox 106 4524 1806 4600; baseline -0.001 -18"><span class='ocrx_word' id='word_1_686' title='bbox 106 4542 164 4599; x_wconf 85' lang='lat' dir='ltr'><strong><em>quo</em></strong></span> <span class='ocrx_word' id='word_1_687' title='bbox 179 4528 231 4594; x_wconf 75' lang='lat' dir='ltr'><strong><em>[rit.</em></strong></span> <span class='ocrx_word' id='word_1_688' title='bbox 249 4525 457 4600; x_wconf 81' lang='lat' dir='ltr'><strong><em>qua]Salvatcr</em></strong></span> <span class='ocrx_word' id='word_1_689' title='bbox 479 4525 611 4598; x_wconf 87' lang='lat' dir='ltr'><strong><em>loquitur</em></strong></span> <span class='ocrx_word' id='word_1_690' title='bbox 628 4543 634 4580; x_wconf 93' lang='lat'>:</span> <span class='ocrx_word' id='word_1_691' title='bbox 652 4528 711 4583; x_wconf 88' lang='lat' dir='ltr'><strong><em>Noa</em></strong></span> <span class='ocrx_word' id='word_1_692' title='bbox 734 4534 820 4599; x_wconf 82' lang='lat' dir='ltr'><strong><em>potest</em></strong></span> <span class='ocrx_word' id='word_1_693' title='bbox 836 4532 932 4588; x_wconf 87' lang='lat' dir='ltr'><strong><em>ciuitas</em></strong></span> <span class='ocrx_word' id='word_1_694' title='bbox 988 4531 1081 4587; x_wconf 86' lang='lat' dir='ltr'>LXX:</span> <span class='ocrx_word' id='word_1_695' title='bbox 1096 4528 1185 4586; x_wconf 84' lang='lat' dir='ltr'><strong><em>lodie</em></strong></span> <span class='ocrx_word' id='word_1_696' title='bbox 1207 4529 1259 4585; x_wconf 85' lang='lat' dir='ltr'><strong><em>ilia</em></strong></span> <span class='ocrx_word' id='word_1_697' title='bbox 1279 4530 1344 4598; x_wconf 88' lang='lat' dir='ltr'><strong><em>erit,</em></strong></span> <span class='ocrx_word' id='word_1_698' title='bbox 1359 4527 1430 4599; x_wconf 81' lang='lat' dir='ltr'><strong><em>qaod</em></strong></span> <span class='ocrx_word' id='word_1_699' title='bbox 1452 4542 1535 4596; x_wconf 86' lang='lat' dir='ltr'><strong><em>super</em></strong></span> <span class='ocrx_word' id='word_1_700' title='bbox 1553 4524 1667 4599; x_wconf 70' lang='lat' dir='ltr'><strong><em>frenum</em></strong></span> <span class='ocrx_word' id='word_1_701' title='bbox 1688 4526 1752 4598; x_wconf 78' lang='lat' dir='ltr'><strong><em>oqui</em></strong></span> <span class='ocrx_word' id='word_1_702' title='bbox 1765 4532 1806 4581; x_wconf 84' lang='lat' dir='ltr'><strong><em>est</em></strong></span> 
     </span>
     <span class='ocr_line' id='line_1_50' title="bbox 106 4614 1810 4692; baseline 0 -21"><span class='ocrx_word' id='word_1_703' title='bbox 106 4615 239 4672; x_wconf 84' lang='lat' dir='ltr'><strong><em>abscondi</em></strong></span> <span class='ocrx_word' id='word_1_704' title='bbox 252 4626 336 4688; x_wconf 84' lang='lat' dir='ltr'><strong><em>super</em></strong></span> <span class='ocrx_word' id='word_1_705' title='bbox 350 4624 468 4671; x_wconf 88' lang='lat' dir='ltr'><strong><em>montem</em></strong></span> <span class='ocrx_word' id='word_1_706' title='bbox 481 4617 571 4686; x_wconf 85' lang='lat' dir='ltr'><strong><em>posita</em></strong></span> <span class='ocrx_word' id='word_1_707' title='bbox 584 4616 658 4686; x_wconf 88' lang='lat' dir='ltr'><strong><em>(lint.</em></strong></span> <span class='ocrx_word' id='word_1_708' title='bbox 673 4634 700 4684; x_wconf 83' lang='lat' dir='ltr'><strong><em>v,</em></strong></span> <span class='ocrx_word' id='word_1_709' title='bbox 714 4617 768 4690; x_wconf 82' lang='lat'>14).</span> <span class='ocrx_word' id='word_1_710' title='bbox 784 4618 866 4676; x_wconf 90' lang='lat' dir='ltr'><strong><em>Unde</em></strong></span> <span class='ocrx_word' id='word_1_711' title='bbox 881 4620 930 4692; x_wconf 88' lang='lat' dir='ltr'><strong><em>qui</em></strong></span> <span class='ocrx_word' id='word_1_712' title='bbox 985 4624 1111 4675; x_wconf 89' lang='lat' dir='ltr'><strong><em>sanctum</em></strong></span> <span class='ocrx_word' id='word_1_713' title='bbox 1125 4621 1242 4676; x_wconf 87' lang='lat' dir='ltr'><strong><em>Domino</em></strong></span> <span class='ocrx_word' id='word_1_714' title='bbox 1253 4618 1431 4689; x_wconf 87' lang='lat' dir='ltr'><strong><em>omnipotenti</em></strong></span> <span class='ocrx_word' id='word_1_715' title='bbox 1446 4632 1453 4671; x_wconf 77' lang='grc' dir='ltr'><strong>ι</strong></span> <span class='ocrx_word' id='word_1_716' title='bbox 1470 4619 1496 4672; x_wconf 88' lang='lat' dir='ltr'><strong><em>et</em></strong></span> <span class='ocrx_word' id='word_1_717' title='bbox 1510 4618 1593 4671; x_wconf 87' lang='lat' dir='ltr'><strong><em>crunt</em></strong></span> <span class='ocrx_word' id='word_1_718' title='bbox 1606 4614 1703 4670; x_wconf 80' lang='lat' dir='ltr'><strong><em>lebetes</em></strong></span> <span class='ocrx_word' id='word_1_719' title='bbox 1715 4614 1765 4686; x_wconf 80' lang='lat' dir='ltr'><strong><em>qui</em></strong></span> <span class='ocrx_word' id='word_1_720' title='bbox 1778 4614 1810 4671; x_wconf 83' lang='lat' dir='ltr'><strong><em>in</em></strong></span> 
     </span>
     <span class='ocr_line' id='line_1_51' title="bbox 107 4701 1806 4780; baseline -0.003 -19"><span class='ocrx_word' id='word_1_721' title='bbox 107 4704 283 4762; x_wconf 85' lang='lat' dir='ltr'><strong><em>adoraturus</em></strong></span> <span class='ocrx_word' id='word_1_722' title='bbox 295 4710 339 4761; x_wconf 88' lang='lat' dir='ltr'><strong><em>est</em></strong></span> <span class='ocrx_word' id='word_1_723' title='bbox 352 4704 510 4761; x_wconf 92' lang='lat' dir='ltr'><strong><em>Dominum</em></strong></span> <span class='ocrx_word' id='word_1_724' title='bbox 526 4705 704 4761; x_wconf 82' lang='lat' dir='ltr'><strong><em>exercituum</em></strong></span> <span class='ocrx_word' id='word_1_725' title='bbox 716 4706 745 4761; x_wconf 92' lang='lat' dir='ltr'><strong><em>in</em></strong></span> <span class='ocrx_word' id='word_1_726' title='bbox 756 4707 930 4780; x_wconf 83' lang='lat' dir='ltr'><strong><em>Jerusalem,</em></strong></span> <span class='ocrx_word' id='word_1_727' title='bbox 986 4709 1064 4766; x_wconf 90' lang='lat' dir='ltr'><strong><em>domo</em></strong></span> <span class='ocrx_word' id='word_1_728' title='bbox 1078 4710 1189 4765; x_wconf 86' lang='lat' dir='ltr'><strong><em>Domini</em></strong></span> <span class='ocrx_word' id='word_1_729' title='bbox 1201 4711 1267 4763; x_wconf 88' lang='lat' dir='ltr'><strong><em>sunt</em></strong></span> <span class='ocrx_word' id='word_1_730' title='bbox 1278 4707 1351 4762; x_wconf 81' lang='lat' dir='ltr'><strong><em>sient</em></strong></span> <span class='ocrx_word' id='word_1_731' title='bbox 1362 4704 1467 4776; x_wconf 70' lang='lat' dir='ltr'><strong><em>ptuialae</em></strong></span> <span class='ocrx_word' id='word_1_732' title='bbox 1480 4707 1544 4759; x_wconf 88' lang='lat' dir='ltr'><strong><em>ante</em></strong></span> <span class='ocrx_word' id='word_1_733' title='bbox 1557 4702 1668 4759; x_wconf 85' lang='lat' dir='ltr'><strong><em>domum</em></strong></span> <span class='ocrx_word' id='word_1_734' title='bbox 1681 4701 1781 4758; x_wconf 82' lang='lat' dir='ltr'><strong><em>attaris</em></strong></span> <span class='ocrx_word' id='word_1_735' title='bbox 1795 4718 1806 4756; x_wconf 91' lang='lat'><strong><em>.·</em></strong></span> 
     </span>
     <span class='ocr_line' id='line_1_52' title="bbox 53 4790 1810 4860; baseline 0.001 -15"><span class='ocrx_word' id='word_1_736' title='bbox 53 4838 57 4845; x_wconf 94' lang='grc'><strong>,</strong></span> <span class='ocrx_word' id='word_1_737' title='bbox 105 4792 195 4849; x_wconf 87' lang='lat' dir='ltr'><strong><em>debet</em></strong></span> <span class='ocrx_word' id='word_1_738' title='bbox 203 4793 802 4860; x_wconf 84' lang='lat' dir='ltr'><strong><em>admontanaconscendore.Quiautemde</em></strong></span> <span class='ocrx_word' id='word_1_739' title='bbox 813 4797 933 4855; x_wconf 80' lang='lat' dir='ltr'><strong><em>familiis</em></strong></span> <span class='ocrx_word' id='word_1_740' title='bbox 985 4801 1011 4855; x_wconf 87' lang='lat' dir='ltr'><strong><em>et</em></strong></span> <span class='ocrx_word' id='word_1_741' title='bbox 1025 4799 1080 4855; x_wconf 89' lang='lat' dir='ltr'><strong><em>erit</em></strong></span> <span class='ocrx_word' id='word_1_742' title='bbox 1102 4798 1191 4853; x_wconf 85' lang='lat' dir='ltr'><strong><em>omnis</em></strong></span> <span class='ocrx_word' id='word_1_743' title='bbox 1206 4797 1278 4852; x_wconf 83' lang='lat' dir='ltr'><strong><em>tobes</em></strong></span> <span class='ocrx_word' id='word_1_744' title='bbox 1302 4798 1331 4850; x_wconf 86' lang='lat' dir='ltr'><strong><em>in</em></strong></span> <span class='ocrx_word' id='word_1_745' title='bbox 1345 4794 1497 4850; x_wconf 80' lang='lat' dir='ltr'><strong><em>Jerusatem</em></strong></span> <span class='ocrx_word' id='word_1_746' title='bbox 1510 4801 1537 4848; x_wconf 87' lang='lat' dir='ltr'><strong><em>ct</em></strong></span> <span class='ocrx_word' id='word_1_747' title='bbox 1561 4793 1592 4848; x_wconf 90' lang='lat' dir='ltr'><strong><em>in</em></strong></span> <span class='ocrx_word' id='word_1_748' title='bbox 1614 4790 1685 4847; x_wconf 81' lang='lat' dir='ltr'><strong><em>Iuda</em></strong></span> <span class='ocrx_word' id='word_1_749' title='bbox 1698 4796 1810 4846; x_wconf 72' lang='lat' dir='ltr'><strong><em>somnus</em></strong></span> 
     </span>
    </p>
   </div>
   <div class='ocr_carea' id='block_1_3' title="bbox 101 4954 1810 5625">
    <p class='ocr_par' dir='ltr' id='par_1_4' title="bbox 101 4954 1810 5405">
     <span class='ocr_line' id='line_1_53' title="bbox 141 4954 1810 5051; baseline 0.004 -24"><span class='ocrx_word' id='word_1_750' title='bbox 141 4970 183 5042; x_wconf 89' lang='lat' dir='ltr'><strong><em>(a)</em></strong></span> <span class='ocrx_word' id='word_1_751' title='bbox 195 4970 405 5043; x_wconf 72' lang='lat' dir='ltr'><strong><em>imponendum</em></strong></span> <span class='ocrx_word' id='word_1_752' title='bbox 418 4971 538 5028; x_wconf 89' lang='lat' dir='ltr'><strong><em>omnino</em></strong></span> <span class='ocrx_word' id='word_1_753' title='bbox 551 4976 595 5027; x_wconf 87' lang='lat' dir='ltr'><strong><em>est</em></strong></span> <span class='ocrx_word' id='word_1_754' title='bbox 605 4972 732 5043; x_wconf 88' lang='lat' dir='ltr'><strong><em>sequiori</em></strong></span> <span class='ocrx_word' id='word_1_755' title='bbox 743 4989 848 5045; x_wconf 85' lang='lat' dir='ltr'><strong><em>genere</em></strong></span> <span class='ocrx_word' id='word_1_756' title='bbox 860 4991 930 5043; x_wconf 89' lang='lat' dir='ltr'><strong><em>eam,</em></strong></span> <span class='ocrx_word' id='word_1_757' title='bbox 987 4976 1129 5046; x_wconf 86' lang='lat' dir='ltr'><strong><em>scriptum</em></strong></span> <span class='ocrx_word' id='word_1_758' title='bbox 1145 4977 1200 5041; x_wconf 83' lang='lat' dir='ltr'><strong><em>est,</em></strong></span> <span class='ocrx_word' id='word_1_759' title='bbox 1217 4983 1306 5034; x_wconf 74' lang='lat' dir='ltr'><strong><em>nuta</em></strong></span> <span class='ocrx_word' id='word_1_760' title='bbox 1317 4980 1383 5032; x_wconf 58' lang='lat' dir='ltr'><strong><em>itm*</em></strong></span> <span class='ocrx_word' id='word_1_761' title='bbox 1395 4955 1491 5034; x_wconf 54' lang='lat' dir='ltr'><strong><em>nnita</em></strong></span> <span class='ocrx_word' id='word_1_762' title='bbox 1500 4954 1549 5032; x_wconf 53' lang='lat' dir='ltr'><strong><em>nil</em></strong></span> <span class='ocrx_word' id='word_1_763' title='bbox 1561 4968 1638 5041; x_wconf 78' lang='lat' dir='ltr'><strong><em>qu⁰d</em></strong></span> <span class='ocrx_word' id='word_1_764' title='bbox 1651 4965 1766 5051; x_wconf 78' lang='lat' dir='ltr'><strong><em>nuncin</em></strong></span> <span class='ocrx_word' id='word_1_765' title='bbox 1789 4966 1810 5022; x_wconf 77' lang='grc' dir='ltr'><strong><em>ἱ·</em></strong></span> 
     </span>
     <span class='ocr_line' id='line_1_54' title="bbox 101 5039 1810 5116; baseline -0.001 -20"><span class='ocrx_word' id='word_1_766' title='bbox 101 5041 190 5113; x_wconf 87' lang='lat' dir='ltr'><strong><em>juxta</em></strong></span> <span class='ocrx_word' id='word_1_767' title='bbox 216 5042 359 5111; x_wconf 71' lang='lat' dir='ltr'><strong><em>Graecum,</em></strong></span> <span class='ocrx_word' id='word_1_768' title='bbox 377 5040 418 5096; x_wconf 81' lang='grc' dir='ltr'><strong><em>ἐπ’</em></strong></span> <span class='ocrx_word' id='word_1_769' title='bbox 434 5042 517 5111; x_wconf 69' lang='grc' dir='ltr'>αὐτήν</span> <span class='ocrx_word' id='word_1_770' title='bbox 536 5061 543 5099; x_wconf 91' lang='lat'><strong>:</strong></span> <span class='ocrx_word' id='word_1_771' title='bbox 560 5044 665 5099; x_wconf 87' lang='lat' dir='ltr'><strong><em>deinde</em></strong></span> <span class='ocrx_word' id='word_1_772' title='bbox 681 5061 731 5114; x_wconf 88' lang='lat' dir='ltr'><strong><em>pro</em></strong></span> <span class='ocrx_word' id='word_1_773' title='bbox 755 5046 874 5115; x_wconf 79' lang='lat' dir='ltr'><strong><em>atomum,</em></strong></span> <span class='ocrx_word' id='word_1_774' title='bbox 891 5048 930 5104; x_wconf 91' lang='lat' dir='ltr'><strong><em>le·</em></strong></span> <span class='ocrx_word' id='word_1_775' title='bbox 987 5065 1064 5103; x_wconf 92' lang='lat' dir='ltr'><strong><em>mus.</em></strong></span> <span class='ocrx_word' id='word_1_776' title='bbox 1085 5047 1144 5101; x_wconf 82' lang='lat' dir='ltr'><strong><em>Vota</em></strong></span> <span class='ocrx_word' id='word_1_777' title='bbox 1159 5044 1362 5116; x_wconf 76' lang='lat' dir='ltr'><strong><em>aletremjrtrp‘eb</em></strong></span> <span class='ocrx_word' id='word_1_778' title='bbox 1375 5043 1555 5114; x_wconf 80' lang='lat' dir='ltr'><strong><em>beppescbem.</em></strong></span> <span class='ocrx_word' id='word_1_779' title='bbox 1572 5041 1639 5105; x_wconf 81' lang='lat' dir='ltr'><strong><em>Oua</em></strong></span> <span class='ocrx_word' id='word_1_780' title='bbox 1653 5039 1738 5095; x_wconf 85' lang='lat' dir='ltr'><strong><em>lectio</em></strong></span> <span class='ocrx_word' id='word_1_781' title='bbox 1779 5052 1810 5094; x_wconf 87' lang='lat' dir='ltr'><strong><em>e·</em></strong></span> 
     </span>
     <span class='ocr_line' id='line_1_55' title="bbox 105 5111 1809 5196; baseline -0.002 -28"><span class='ocrx_word' id='word_1_782' title='bbox 105 5113 235 5186; x_wconf 83' lang='lat' dir='ltr'><strong><em>gendum</em></strong></span> <span class='ocrx_word' id='word_1_783' title='bbox 246 5117 406 5185; x_wconf 88' lang='lat' dir='ltr'><strong><em>Dominum,</em></strong></span> <span class='ocrx_word' id='word_1_784' title='bbox 415 5119 447 5170; x_wconf 90' lang='lat' dir='ltr'><strong><em>ut</em></strong></span> <span class='ocrx_word' id='word_1_785' title='bbox 456 5116 484 5170; x_wconf 91' lang='lat' dir='ltr'><strong><em>in</em></strong></span> <span class='ocrx_word' id='word_1_786' title='bbox 494 5115 592 5171; x_wconf 78' lang='lat' dir='ltr'><strong><em>Gracc</em></strong></span> <span class='ocrx_word' id='word_1_787' title='bbox 601 5120 654 5179; x_wconf 88' lang='lat' dir='ltr'><strong><em>est,</em></strong></span> <span class='ocrx_word' id='word_1_788' title='bbox 663 5115 770 5189; x_wconf 71' lang='grc' dir='ltr'><strong>Κύριον.</strong></span> <span class='ocrx_word' id='word_1_789' title='bbox 786 5120 931 5176; x_wconf 87' lang='lat' dir='ltr'><strong><em>Victorius</em></strong></span> <span class='ocrx_word' id='word_1_790' title='bbox 987 5120 1084 5174; x_wconf 86' lang='lat' dir='ltr'><strong><em>braica</em></strong></span> <span class='ocrx_word' id='word_1_791' title='bbox 1099 5123 1243 5188; x_wconf 89' lang='lat' dir='ltr'><strong><em>quantum</em></strong></span> <span class='ocrx_word' id='word_1_792' title='bbox 1256 5117 1343 5171; x_wconf 81' lang='lat' dir='ltr'><strong><em>distet</em></strong></span> <span class='ocrx_word' id='word_1_793' title='bbox 1353 5115 1389 5170; x_wconf 92' lang='lat' dir='ltr'><strong><em>ab</em></strong></span> <span class='ocrx_word' id='word_1_794' title='bbox 1400 5115 1587 5196; x_wconf 75' lang='lat' dir='ltr'><strong><em>antiquorum</em></strong></span> <span class='ocrx_word' id='word_1_795' title='bbox 1596 5111 1721 5167; x_wconf 85' lang='lat' dir='ltr'><strong><em>lectione</em></strong></span> <span class='ocrx_word' id='word_1_796' title='bbox 1730 5125 1809 5165; x_wconf 88' lang='lat' dir='ltr'><strong><em>nuuc</em></strong></span> 
     </span>
     <span class='ocr_line' id='line_1_56' title="bbox 105 5179 1808 5265; baseline -0.001 -25"><span class='ocrx_word' id='word_1_797' title='bbox 105 5188 246 5259; x_wconf 80' lang='lat' dir='ltr'><strong><em>praeterea</em></strong></span> <span class='ocrx_word' id='word_1_798' title='bbox 261 5185 366 5255; x_wconf 77' lang='lat' dir='ltr'><strong><em>firmati</em></strong></span> <span class='ocrx_word' id='word_1_799' title='bbox 380 5191 453 5253; x_wconf 89' lang='lat' dir='ltr'><strong><em>sunt,</em></strong></span> <span class='ocrx_word' id='word_1_800' title='bbox 466 5204 517 5258; x_wconf 90' lang='lat' dir='ltr'><strong><em>pro</em></strong></span> <span class='ocrx_word' id='word_1_801' title='bbox 532 5188 673 5257; x_wconf 73' lang='lat' dir='ltr'><strong><em>prauitatis</em></strong></span> <span class='ocrx_word' id='word_1_802' title='bbox 688 5189 851 5260; x_wconf 89' lang='lat' dir='ltr'><strong><em>substituit,</em></strong></span> <span class='ocrx_word' id='word_1_803' title='bbox 862 5207 931 5247; x_wconf 93' lang='lat' dir='ltr'><strong><em>con·</em></strong></span> <span class='ocrx_word' id='word_1_804' title='bbox 987 5189 1176 5245; x_wconf 87' lang='lat' dir='ltr'><strong><em>manilestum</em></strong></span> <span class='ocrx_word' id='word_1_805' title='bbox 1186 5185 1557 5260; x_wconf 86' lang='lat' dir='ltr'><strong><em>etexploratumnobrsest.</em></strong></span> <span class='ocrx_word' id='word_1_806' title='bbox 1567 5179 1808 5265; x_wconf 75' lang='lat' dir='ltr'><strong><em>Muar.-ldalim</em></strong></span> 
     </span>
     <span class='ocr_line' id='line_1_57' title="bbox 104 5254 1808 5333; baseline -0.001 -21"><span class='ocrx_word' id='word_1_807' title='bbox 104 5256 302 5313; x_wconf 87' lang='lat' dir='ltr'><strong><em>sentientibus</em></strong></span> <span class='ocrx_word' id='word_1_808' title='bbox 318 5259 346 5312; x_wconf 92' lang='lat' dir='ltr'><strong><em>in</em></strong></span> <span class='ocrx_word' id='word_1_809' title='bbox 356 5257 410 5313; x_wconf 90' lang='lat' dir='ltr'><strong><em>hac</em></strong></span> <span class='ocrx_word' id='word_1_810' title='bbox 423 5259 486 5328; x_wconf 84' lang='lat' dir='ltr'><strong><em>ejus</em></strong></span> <span class='ocrx_word' id='word_1_811' title='bbox 497 5257 619 5313; x_wconf 84' lang='lat' dir='ltr'><strong><em>lactinae</em></strong></span> <span class='ocrx_word' id='word_1_812' title='bbox 628 5259 758 5331; x_wconf 89' lang='lat' dir='ltr'><strong><em>quinque</em></strong></span> <span class='ocrx_word' id='word_1_813' title='bbox 769 5278 840 5318; x_wconf 88' lang='lat' dir='ltr'><strong><em>mss.</em></strong></span> <span class='ocrx_word' id='word_1_814' title='bbox 853 5263 931 5319; x_wconf 90' lang='lat' dir='ltr'><strong><em>codi·</em></strong></span> <span class='ocrx_word' id='word_1_815' title='bbox 987 5278 1038 5329; x_wconf 85' lang='lat' dir='ltr'><strong><em>irc,</em></strong></span> <span class='ocrx_word' id='word_1_816' title='bbox 1055 5277 1117 5333; x_wconf 74' lang='lat' dir='ltr'><strong><em>quta</em></strong></span> <span class='ocrx_word' id='word_1_817' title='bbox 1133 5260 1223 5315; x_wconf 81' lang='lat' dir='ltr'><strong><em>tertia</em></strong></span> <span class='ocrx_word' id='word_1_818' title='bbox 1239 5274 1369 5331; x_wconf 81' lang='lat' dir='ltr'><strong><em>persona</em></strong></span> <span class='ocrx_word' id='word_1_819' title='bbox 1379 5254 1546 5312; x_wconf 86' lang='lat' dir='ltr'><strong><em>terminatio</em></strong></span> <span class='ocrx_word' id='word_1_820' title='bbox 1561 5259 1606 5311; x_wconf 88' lang='lat' dir='ltr'><strong><em>ast</em></strong></span> <span class='ocrx_word' id='word_1_821' title='bbox 1617 5271 1624 5308; x_wconf 73' lang='grc' dir='ltr'>ε</span> <span class='ocrx_word' id='word_1_822' title='bbox 1637 5257 1731 5326; x_wconf 81' lang='lat' dir='ltr'><strong><em>potuit</em></strong></span> <span class='ocrx_word' id='word_1_823' title='bbox 1741 5267 1808 5310; x_wconf 85' lang='lat' dir='ltr'><strong><em>vcro</em></strong></span> 
     </span>
     <span class='ocr_line' id='line_1_58' title="bbox 104 5324 1643 5405; baseline -0.002 -22"><span class='ocrx_word' id='word_1_824' title='bbox 104 5327 200 5393; x_wconf 91' lang='lat' dir='ltr'><strong><em>cibus,</em></strong></span> <span class='ocrx_word' id='word_1_825' title='bbox 217 5329 268 5384; x_wconf 89' lang='lat' dir='ltr'><strong><em>sed</em></strong></span> <span class='ocrx_word' id='word_1_826' title='bbox 292 5329 401 5394; x_wconf 79' lang='lat' dir='ltr'><strong><em>Gracc,</em></strong></span> <span class='ocrx_word' id='word_1_827' title='bbox 417 5324 552 5405; x_wconf 70' lang='grc' dir='ltr'><strong><em>ἀσφαλὴς,</em></strong></span> <span class='ocrx_word' id='word_1_828' title='bbox 569 5329 770 5387; x_wconf 77' lang='lat' dir='ltr'><strong><em>dissentiente.</em></strong></span> <span class='ocrx_word' id='word_1_829' title='bbox 986 5333 1065 5389; x_wconf 86' lang='lat' dir='ltr'><strong><em>vocis</em></strong></span> <span class='ocrx_word' id='word_1_830' title='bbox 1080 5331 1243 5387; x_wconf 87' lang='lat' dir='ltr'><strong><em>similitudo</em></strong></span> <span class='ocrx_word' id='word_1_831' title='bbox 1258 5343 1468 5386; x_wconf 87' lang='lat' dir='ltr'><strong><em>amanuensem</em></strong></span> <span class='ocrx_word' id='word_1_832' title='bbox 1484 5326 1643 5398; x_wconf 84' lang='lat' dir='ltr'><strong><em>decepisse.</em></strong></span> 
     </span>
    </p>

    <p class='ocr_par' dir='ltr' id='par_1_5' title="bbox 105 5394 1808 5536">
     <span class='ocr_line' id='line_1_59' title="bbox 136 5394 1808 5482; baseline -0.001 -27"><span class='ocrx_word' id='word_1_833' title='bbox 136 5398 179 5482; x_wconf 80' lang='lat' dir='ltr'><strong><em>¹(tr)</em></strong></span> <span class='ocrx_word' id='word_1_834' title='bbox 194 5400 296 5473; x_wconf 80' lang='lat' dir='ltr'><strong><em>Regin.</em></strong></span> <span class='ocrx_word' id='word_1_835' title='bbox 319 5418 386 5470; x_wconf 85' lang='lat' dir='ltr'><strong><em>ms,</em></strong></span> <span class='ocrx_word' id='word_1_836' title='bbox 402 5401 642 5472; x_wconf 79' lang='lat' dir='ltr'><strong><em>mortificationem</em></strong></span> <span class='ocrx_word' id='word_1_837' title='bbox 664 5405 799 5459; x_wconf 87' lang='lat' dir='ltr'><strong><em>uitiorum</em></strong></span> <span class='ocrx_word' id='word_1_838' title='bbox 813 5420 849 5461; x_wconf 86' lang='lat' dir='ltr'><strong><em>ae</em></strong></span> <span class='ocrx_word' id='word_1_839' title='bbox 864 5406 930 5461; x_wconf 85' lang='lat' dir='ltr'><strong><em>tibi·</em></strong></span> <span class='ocrx_word' id='word_1_840' title='bbox 1021 5404 1058 5472; x_wconf 84' lang='lat' dir='ltr'><strong><em>(d)</em></strong></span> <span class='ocrx_word' id='word_1_841' title='bbox 1081 5403 1192 5459; x_wconf 89' lang='lat' dir='ltr'><strong><em>Nomen</em></strong></span> <span class='ocrx_word' id='word_1_842' title='bbox 1216 5402 1336 5476; x_wconf 73' lang='lat' dir='ltr'><strong><em>Assyrii,</em></strong></span> <span class='ocrx_word' id='word_1_843' title='bbox 1356 5399 1434 5474; x_wconf 89' lang='lat' dir='ltr'><strong><em>quod</em></strong></span> <span class='ocrx_word' id='word_1_844' title='bbox 1459 5402 1488 5457; x_wconf 86' lang='lat' dir='ltr'><strong><em>et</em></strong></span> <span class='ocrx_word' id='word_1_845' title='bbox 1513 5397 1662 5456; x_wconf 82' lang='lat' dir='ltr'><strong><em>abundare</em></strong></span> <span class='ocrx_word' id='word_1_846' title='bbox 1681 5394 1808 5470; x_wconf 74' lang='lat' dir='ltr'><strong><em>videtur,</em></strong></span> 
     </span>
     <span class='ocr_line' id='line_1_60' title="bbox 105 5469 1234 5536; baseline 0.004 -8"><span class='ocrx_word' id='word_1_847' title='bbox 105 5469 219 5528; x_wconf 77' lang='lat' dir='ltr'><strong><em>danum.</em></strong></span> <span class='ocrx_word' id='word_1_848' title='bbox 986 5475 1133 5536; x_wconf 80' lang='lat' dir='ltr'><strong><em>Victorius</em></strong></span> <span class='ocrx_word' id='word_1_849' title='bbox 1147 5478 1234 5535; x_wconf 79' lang='lat' dir='ltr'><strong><em>tacet.</em></strong></span> 
     </span>
    </p>

    <p class='ocr_par' dir='ltr' id='par_1_6' title="bbox 142 5539 931 5625">
     <span class='ocr_line' id='line_1_61' title="bbox 142 5539 931 5625; baseline 0.009 -23"><span class='ocrx_word' id='word_1_850' title='bbox 142 5539 931 5625; x_wconf 76' lang='lat' dir='ltr'><strong><em>(a)ltalcgautomaesmss.austricodioes;ialicbrao</em></strong></span> 
     </span>
    </p>
   </div>
   <div class='ocr_carea' id='block_1_4' title="bbox 0 0 1931 6098">
    <p class='ocr_par' dir='ltr' id='par_1_7' title="bbox 0 0 1931 6098">
     <span class='ocr_line' id='line_1_62' title="bbox 0 0 1931 6098; baseline 0 0"><span class='ocrx_word' id='word_1_851' title='bbox 0 0 1931 6098; x_wconf 95' lang='lat' dir='ltr'><strong><em> </em></strong></span> 
     </span>
    </p>
   </div>
  </div>
 </body>
</html>
