3818 6104
127 321 204 381 tuat
482 323 855 386 COMMENTADIDRUM
879 325 916 384 ΙΝ
941 325 1167 386 zacanalaa
1191 326 1264 387 LlD.
1289 326 1313 386 l.
1337 329 1428 390 aar:
1448 330 1472 391 l.
1681 292 1686 311 ι
1752 329 1830 395 iffi

128 454 358 510 Coaaertiminia
369 455 420 510 uiis
430 458 527 511 vestris
535 456 742 527 pessiruis,etab
751 455 952 512 urtinaentieni-
965 459 993 524 Α
1007 456 1127 513 miniari
1137 457 1311 524 Zachariam,
1322 459 1413 528 fitium
1428 462 1583 528 florentiae,
1593 461 1683 533 fitium
1693 460 1788 536 [vulg.
1799 463 1831 535 fi·

126 546 175 599 tus
189 544 286 598 uestris
300 544 383 598 aratis
392 562 402 598 :
419 552 444 599 et
458 561 513 600 raon
528 546 703 601 attenderunt
712 549 742 600 ut
756 545 885 601 audirent
895 562 948 612 me,
1007 546 1051 616 tii]
1069 546 1152 611 Addo,
1169 548 1341 618 proplietam,
1353 548 1455 605 diceus.
1468 550 1555 606 Lxx:
1572 551 1679 620 Quarta
1692 554 1719 607 et
1734 553 1832 608 uicesi-

123 635 192 689 ntea
208 634 352 688 Dominus.
371 633 410 686 Ex
426 633 626 705 superioribus
639 635 745 706 pendet
755 634 909 699 sententia,
923 638 952 690 et
1005 651 1060 702 me,
1072 635 1213 689 undecimo
1225 651 1326 701 meuse,
1342 640 1390 708 qui
1399 646 1437 694 est
1450 641 1552 695 raeusis
1562 639 1660 695 Sabat:
1670 641 1702 696 in
1711 639 1830 698 ecanae

122 741 186 794 que
200 728 366 794 sequuntur
377 721 525 793 prioribus
537 725 699 795 coaptanda
710 724 859 779 sunt.Non
870 724 949 779 enim
1004 739 1077 778 anna
1096 727 1148 779 snt
1170 727 1268 789 Dario,
1292 727 1380 796 sactus
1395 730 1433 781 est
1447 743 1538 785 sermo
1551 730 1663 785 Domini
1676 728 1712 785 ed
1724 729 1829 786 loebe·

119 812 275 867 Zacharias
291 811 327 865 ad
344 810 485 882 populum
503 812 653 883 loquitur;
673 813 722 868 sed
739 812 947 884 ostenditquid

120 903 233 973 priores
250 899 449 972 prophetasad
466 906 562 972 patres
585 918 686 957 eorum
712 901 799 957 locuti
815 907 893 966 sunt,
911 902 947 956 ad

119 990 197 1061 quod
224 988 435 1054 clamaverunt,
460 990 612 1045 dieentes:
642 995 707 1046 ilaec
732 990 801 1044 dicit
816 990 947 1046 Dominus

118 1080 291 1135 ecercr'taam
304 1094 310 1131 :
327 1079 526 1133 Corraertimiai
537 1078 569 1134 de
579 1081 631 1134 uiis
640 1081 735 1135 rearis
745 1079 828 1134 matis
838 1081 946 1147 etcopi-

119 1168 271 1222 tutioaitas
289 1169 383 1222 uestris
395 1170 534 1239 pessimis.
551 1172 610 1223 tlon
623 1168 768 1223 clamabat
779 1167 880 1232 leuius,
892 1167 946 1223 hoe

119 1256 203 1323 Osce,
215 1255 287 1321 loel,
300 1257 399 1322 Amos,
411 1261 439 1311 et
451 1256 603 1324 ieremias,
613 1263 645 1312 ut
656 1257 717 1312 vias
729 1257 822 1313 malas
832 1257 945 1313 desere·

119 1345 946 1418 rent,etcogitationespessimasdcrelinquerent,qaibus

121 1439 151 1490 et
178 1450 275 1506 opere,
287 1436 314 1488 et
340 1440 436 1487 niente
461 1435 637 1504 peccabant:
655 1440 683 1489 et
693 1433 885 1489 nihilominus
896 1450 947 1506 per

117 1522 276 1595 propbetas
287 1521 445 1577 Dominam
458 1528 692 1579 cranmonentem
706 1540 764 1578 non
775 1523 954 1592 audieruut,·

115 1611 611 1684 nequeattenderunt,nequaquem
622 1612 780 1684 prophetas
791 1611 840 1683 qui
852 1611 894 1667 eis
906 1611 944 1667 lo-

114 1703 293 1773 quebantur,
305 1699 356 1754 sed
370 1715 426 1764 me,
437 1699 476 1770 (a)
487 1699 557 1755 diuit
569 1700 727 1756 Dominus:
743 1702 775 1755 ln
791 1698 849 1754 illis
864 1701 941 1755 euim

1003 814 1075 867 riam
1087 812 1232 870 Duructria’
1240 813 1583 889 fitiumrlddapraptetam
1594 815 1829 881 diceus.01iidam

1003 916 1054 970 pro
1067 901 1222 958 undecimo
1236 919 1335 958 mense
1347 909 1460 975 ponunt
1470 906 1676 963 duodecimum
1690 923 1697 962 :
1715 910 1742 962 at
1755 906 1829 964 vioe·

1001 989 1114 1045 simum
1130 996 1267 1062 quartum
1284 992 1361 1047 diem
1372 993 1503 1063 ejusdem
1514 996 1625 1051 mensis
1635 995 1828 1055 arithmeticis

1002 1077 1164 1135 rationibus
1177 1081 1411 1152 interpretantes,
1421 1083 1659 1156 quadrangulum
1671 1085 1790 1142 lirnium
1799 1088 1828 1143 et

1001 1166 1133 1222 stabilem
1151 1185 1307 1224 nnmerum
1318 1171 1517 1244 suspicantur,
1532 1171 1661 1229 uolentes
1673 1178 1752 1229 carta
1761 1189 1827 1232 esse

1001 1259 1029 1310 et
1038 1256 1154 1313 stabilia
1163 1275 1226 1330 que
1237 1259 1422 1328 scribuntur;
1433 1277 1485 1317 uos
1497 1265 1595 1319 autam
1603 1262 1736 1319 dicamus
1746 1262 1825 1337 quod

1001 1344 1031 1398 in
1047 1346 1147 1401 eodem
1165 1363 1241 1403 anna
1257 1347 1335 1402 Darii
1352 1349 1428 1420 ragis
1448 1350 1587 1415 secundo,
1613 1351 1699 1407 tertio
1723 1366 1826 1409 menne
1876 1396 1879 1403 .

1002 1439 1067 1504 pust
1084 1435 1207 1505 primam
1219 1435 1379 1504 visionem,
1396 1437 1425 1492 id
1438 1442 1492 1504 ast,
1503 1439 1659 1496 undecimo
1670 1444 1825 1513 postoris·

999 1538 1078 1590 vum,
1106 1524 1156 1594 qui
1180 1525 1256 1596 apud
1277 1526 1413 1583 Hebraeos
1430 1526 1594 1599 appellatur
1608 1545 1696 1584 sanan
1710 1528 1821 1602 (mm),

999 1627 1117 1667 rursum
1128 1613 1164 1668 ad
1175 1612 1343 1669 Zachariam
1359 1614 1454 1671 iaetus
1470 1616 1508 1672 sit
1523 1633 1619 1673 sermo
1634 1610 1823 1675 Domini.So·

998 1700 1127 1755 cundum
1142 1718 1298 1757 numerum
1310 1719 1374 1758 esse
1385 1703 1584 1774 immundum,
1596 1705 1672 1762 etad
1683 1707 1822 1778 cunjunc-

113 1806 170 1862 ego
194 1806 272 1844 erem
296 1787 346 1859 qui
368 1786 508 1859 loquebar
523 1794 550 1843 et
565 1787 782 1844 contemnebar.
812 1788 893 1844 Unde
915 1792 944 1843 et
957 1822 982 1888 Β
997 1787 1105 1844 tionem
1121 1791 1228 1856 carnis,
1253 1796 1282 1846 et
1296 1808 1393 1847 rerum
1408 1792 1517 1858 seculi,
1533 1795 1569 1850 ad
1587 1795 1715 1850 materie
1730 1795 1823 1866 perti·

115 1877 261 1933 Dominus
277 1877 305 1930 in
321 1876 475 1948 Evangelio
495 1894 501 1931 :
519 1878 572 1945 Qui
588 1893 642 1945 aas,
658 1877 765 1949 inquit,
778 1879 884 1948 recipit,
900 1893 943 1933 inc
998 1882 1126 1948 nentem,
1142 1894 1218 1950 supe
1232 1879 1397 1934 docuimus.
1412 1880 1521 1937 bteusis
1535 1887 1632 1938 eutem
1645 1882 1821 1940 undecimus

114 1968 215 2038 recipit
229 1965 340 2036 (Multi.
358 1983 386 2031 x,
402 1966 456 2035 aa).
997 1964 1048 2036 qai
1059 1965 1480 2041 appellatursaaar,etlingua
1490 1970 1631 2026 nostruin
1643 1971 1823 2040 uirpamver·

154 2056 247 2128 (Vers.
262 2056 289 2124 5,
305 2055 345 2126 6.)
368 2057 465 2109 Patres
487 2056 570 2110 uestri
591 2056 639 2109 utri
651 2063 724 2121 suat,
740 2059 767 2109 et
780 2055 943 2127 propbetas?
976 2130 979 2135 Ι
997 2053 1078 2123 titur,
1095 2055 1295 2111 austeritatem
1310 2059 1338 2110 et
1352 2055 1565 2128 correptionem
1581 2062 1675 2126 sonat,
1684 2059 1772 2130 juxta
1784 2056 1820 2114 il·

113 2144 538 2217 numqarttinsempiternarum)
549 2144 942 2200 aiaeutil'eramtumeaoerbu
996 2141 1045 2197 lud
1057 2149 1077 2194 Α
1083 2142 1189 2214 postoli
1204 2160 1210 2197 :
1227 2144 1298 2212 Quid
1312 2145 1416 2200 uultis?
1432 2146 1507 2203 ⁷82
1523 2148 1553 2202 iu
1567 2148 1645 2218 airon
1660 2149 1771 2204 ueniam
1784 2146 1821 2204 ud

112 2251 178 2290 mea
191 2238 216 2289 et
227 2234 348 2304 teqitima
357 2250 428 2304 mea,
439 2251 498 2306 quie
511 2234 644 2288 inundari
651 2235 736 2289 seruis
746 2234 814 2288 meis
824 2233 939 2304 propte·
995 2246 1040 2285 aas
1055 2231 1077 2298 (l
1091 2230 1153 2286 Cor.
1166 2249 1203 2299 iv,
1217 2232 1284 2299 eat
1299 2232 1334 2286 Et
1345 2231 1507 2289 Psalmiste
1520 2234 1642 2290 dicentis
1655 2253 1663 2291 ι
1680 2236 1762 2305 Viros
1772 2238 1821 2292 tua

112 2327 162 2391 tis,
179 2325 316 2395 numquid
329 2340 383 2379 reon
398 2322 658 2394 comprehenderant
671 2331 764 2392 putres
785 2325 901 2377 uestros?
915 2330 941 2378 et
994 2327 1020 2374 et
1035 2319 1234 2402 baratas'tuas,
1251 2322 1310 2391 ipsu
1324 2337 1369 2376 me
1382 2323 1521 2378 consolatu
1534 2327 1600 2379 sant
1612 2323 1818 2396 (Psatn11,5).

110 2414 237 2470 conuersi
258 2416 332 2478 serat,
350 2421 375 2467 et
390 2412 549 2466 dicerunt:
574 2411 649 2465 Sicut
663 2411 793 2480 capitanii
809 2411 940 2464 Dominus
994 2411 1028 2461 Et
1041 2413 1087 2463 est
1100 2407 1129 2461 ia
1145 2409 1302 2463 accerrimo
1319 2413 1449 2480 tempore
1463 2410 1584 2482 hyemis,
1601 2412 1651 2483 qui
1667 2412 1818 2486 sbAEgyp·

109 2503 263 2558 exercitam
278 2503 461 2572 [accrescatis
477 2499 533 2569 [Al.
549 2499 702 2569 uobiscum]
717 2498 863 2553 secundam
879 2500 939 2554 aias
993 2495 1042 2550 tiis
1057 2495 1168 2565 illectrir,
1184 2514 1201 2551 a
1215 2497 1419 2553 Macedonibus
1431 2496 1568 2572 περίτιος,
1585 2518 1601 2555 a
1616 2500 1757 2558 Romanis
1769 2503 1819 2559 Fe.

108 2599 221 2647 nostras
232 2594 257 2644 et
268 2589 415 2645 secandam
425 2589 630 2644 utinamutinam
645 2592 762 2654 nostrus,
773 2589 839 2658 iecit
848 2588 936 2642 uobis.
994 2586 1123 2662 bruerias
1132 2584 1306 2659 appellatur.
1313 2585 1459 2643 Vicesima
1469 2594 1699 2661 quoquequarta
1707 2588 1818 2646 mensis

111 2680 202 2735 titt:
221 2680 316 2734 Patres
331 2680 417 2733 uestri
440 2678 487 2732 abi
501 2686 574 2744 sant,
590 2681 615 2731 et
629 2677 789 2748 proptera?
803 2676 938 2747 rramqairt
993 2675 1055 2729 dies
1071 2673 1217 2730 illustrem
1233 2669 1328 2731 noctis
1343 2676 1479 2731 umbram
1495 2676 1651 2749 siguificat,
1666 2677 1818 2736 deficiente

108 2770 142 2825 iu
156 2768 351 2839 sempiternam
364 2768 475 2821 vincat?
493 2768 682 2821 Verumtamen
699 2780 837 2820 sermones
852 2780 936 2834 urceos,
982 2762 1063 2818 luna
1077 2763 1106 2818 in
1122 2763 1274 2829 tenebras,
1300 2769 1329 2819 et
1344 2781 1418 2820 neco
1433 2781 1466 2821 aa
1482 2771 1621 2838 perpetuo
1637 2767 1731 2823 noctis
1745 2767 1815 2823 bor·

108 2865 136 2912 et
153 2858 276 2928 thirima
289 2872 350 2910 aare
365 2855 504 2926 suscipite,
521 2869 584 2925 qaae
598 2870 644 2924 eqo
656 2855 787 2925 precipio
797 2854 938 2924 inspirita
993 2868 1056 2907 rore
1072 2854 1229 2908 crescente.
1247 2852 1328 2908 Unde
1343 2869 1471 2925 congrue
1484 2854 1535 2926 qui
1549 2854 1645 2911 adhue
1655 2855 1685 2911 in
1696 2854 1816 2928 captivi·

111 2962 174 3002 meo
196 2947 281 3001 seruis
290 2945 358 2999 meis
367 2944 516 3016 propinetis,
524 2944 571 3013 qai
579 2942 838 3014 comprehenderunt
848 2949 938 3012 patres
991 2945 1050 2995 tate
1065 2946 1157 3011 erant,
1173 2945 1202 2996 et
1216 2941 1327 3011 majore
1338 2941 1385 2996 sui
1396 2942 1517 3013 partein
1529 2942 1622 2999 bladis
1632 2948 1719 3016 atqua
1729 2943 1815 3002 Chal·

109 3039 214 3091 aestros
226 3053 235 3088 :
249 3037 276 3090 et
291 3032 492 3104 responderant
501 3031 732 3102 atquediceraut:
745 3031 821 3086 Sicut
830 3045 937 3102 praepu-
991 3029 1072 3095 dmis,
1088 3034 1116 3084 et
1127 3029 1255 3102 Assyriis
1266 3028 1434 3096 exulabant,
1450 3030 1480 3086 in
1492 3031 1619 3088 seeundo
1631 3049 1708 3089 anno
1719 3037 1748 3088 et
1761 3049 1815 3089 an·

107 3132 189 3180 ratas
202 3131 239 3179 est
254 3124 387 3178 Dominus
402 3123 573 3187 omnipotens
588 3124 618 3175 at
641 3123 739 3176 taceret
762 3120 838 3176 ise
858 3121 937 3174 nobis
992 3117 1097 3173 decimi
1114 3118 1224 3173 mensis
1239 3117 1412 3190 gravissimo
1428 3118 1549 3191 frigore,
1574 3124 1604 3176 et
1626 3120 1656 3176 in
1670 3121 1817 3181 vaceaims

105 3213 260 3270 mudum
271 3214 329 3267 aias
341 3213 490 3273 nostras,ct
501 3209 650 3265 secuudum
661 3208 867 3265 autumationes
876 3225 936 3264 nos·
951 3189 972 3256 C
992 3210 1095 3279 quarte
1106 3206 1152 3262 die
1162 3207 1292 3278 ejusdem
1304 3207 1428 3276 mansis,
1443 3213 1566 3264 cernunt
1575 3209 1591 3264 J
1595 3210 1698 3266 udaico
1705 3209 1814 3284 populo

106 3307 181 3371 tras,
195 3303 235 3356 sic
249 3301 313 3372 [ecit
327 3300 414 3355 uobis.
435 3298 487 3354 Ubi
504 3304 583 3369 sunt,
600 3298 706 3370 inquit,
723 3300 820 3369 patres
834 3297 933 3365 vestri,
989 3312 1052 3367 qum
1069 3301 1242 3366 sequuntur.

106 3391 162 3464 qui
175 3407 231 3446 non
244 3389 410 3451 audierunt,
422 3403 516 3458 neque
528 3387 714 3441 attenderunt
725 3386 792 3439 rne‘t
808 3385 856 3441 ubi
869 3402 933 3456 pro·
1024 3384 1116 3450 (Vere.
1133 3384 1150 3436 8
1166 3388 1260 3455 seqq.)
1277 3383 1336 3439 Vidi
1349 3400 1398 3455 per
1412 3388 1537 3439 noctem:
1551 3389 1578 3440 et
1591 3401 1651 3442 ecce
1664 3388 1709 3442 air
1722 3402 1815 3443 ascen·

103 3473 760 3554 phetaevestraetiatunareeenimaudiendum
771 3476 935 3543 sst:patres
988 3471 1054 3526 deus
1070 3487 1264 3544 superaquam
1279 3473 1383 3542 nasum,
1398 3474 1490 3542 etipse
1499 3473 1588 3529 statut
1600 3476 1813 3546 iaiermprtete,

102 3567 199 3624 vestri
215 3567 264 3622 ubi
281 3568 359 3632 suut,
372 3568 400 3620 et
415 3564 562 3636 prophete
573 3561 660 3618 vestri
671 3562 721 3617 ubi
735 3560 824 3616 sunt?
839 3561 934 3631 idest,
988 3577 1047 3632 qaae
1062 3568 1141 3615 erant
1156 3563 1186 3615 ia
1199 3559 1344 3631 profundo,
1358 3564 1383 3615 et
1397 3564 1455 3631 post
1470 3576 1533 3616 eam
1547 3565 1610 3633 equi
1623 3562 1688 3632 rufi,
1704 3565 1813 3620 auriiet

104 3654 388 3731 pseudoprophete:
399 3670 561 3724 numquam
570 3649 935 3720 enimdesuuctisprupbe·
988 3650 1057 3713 altri,
1074 3649 1196 3735 et‘diei:
1213 3648 1283 3717 Quid
1297 3657 1360 3704 suut
1375 3650 1430 3710 isti.
1446 3648 1556 3705 deniae
1569 3649 1631 3705 mi?
1645 3653 1678 3707 m
1691 3651 1764 3708 dicit
1777 3651 1814 3708 ud

102 3746 149 3804 tis
165 3745 292 3800 diceret:
308 3743 442 3813 numquid
457 3746 488 3796 ia.
502 3742 698 3812 sempiternam
712 3737 819 3794 uiuenti
834 3738 869 3792 ut
890 3738 935 3794 bis
989 3755 1033 3793 rae
1047 3738 1160 3809 atracias
1175 3741 1221 3808 qai
1237 3737 1441 3808 loquebaturne
1457 3754 1521 3793 me:
1537 3740 1594 3811 Epo
1608 3739 1748 3796 ostendam
1762 3740 1815 3797 titt

104 3851 182 3907 ergo
197 3833 245 3905 qni
263 3836 464 3905 peecaverunt,
490 3836 518 3885 et
543 3828 699 3884 noluerunt
718 3829 753 3883 ud
771 3845 816 3882 me
832 3827 936 3882 reuerti
990 3825 1816 3901 quidsiatamc.litrespondebitoirqaistutatintermyrte·

106 3925 167 3999 [At.
185 3921 334 3993 convertiq,
352 3919 441 3976 ethis
457 3918 506 3990 qui
523 3923 675 3989 peccantes
696 3916 778 3972 lalais
793 3915 936 3984 pollicita·
991 3923 1029 3976 tu,
1044 3920 1070 3970 et
1084 3915 1176 3970 dixit:
1193 3914 1240 3969 lsti
1254 3922 1317 3970 suat
1331 3930 1396 3986 quos
1409 3916 1486 3970 misit
1501 3917 1650 3982 Dominus,
1664 3920 1815 3990 atperam·

100 4011 253 4077 tionibus,
267 4010 452 4080 deceperunt,
470 4013 564 4063 morte
578 4006 746 4072 subtractis,
758 4007 848 4061 verba
860 4022 934 4073 mes,
991 4002 1121 4059 bularent
1137 4010 1253 4058 terranu
1268 4003 1300 4057 Et
1316 4003 1514 4073 responderant
1527 4006 1624 4073 auoato
1639 4006 1758 4074 Domini,
1768 4006 1817 4078 qai

101 4119 178 4177 qum
191 4117 241 4172 per
251 4099 407 4172 propbetas
419 4113 498 4152 meos
508 4096 623 4152 locutus
634 4112 711 4161 sum,
724 4100 896 4167 permanent
906 4095 935 4149 in
990 4093 1077 4147 aetat
1088 4095 1159 4147 iuter
1167 4099 1295 4163 myrteta,
1307 4097 1334 4147 et
1343 4090 1489 4148 dixerunt:
1497 4094 1753 4151 Perambulam'mus
1762 4098 1817 4153 ter·

100 4195 266 4256 eternum,
283 4204 346 4259 qaae
363 4184 648 4256 eomprehenperant
663 4189 760 4255 petrns
774 4189 896 4252 vestros,
909 4188 938 4239 et
990 4199 1061 4251 rem,
1078 4187 1104 4235 et
1119 4196 1177 4236 cece
1190 4182 1279 4236 orunis
1292 4185 1370 4236 terro
1399 4181 1541 4237 habitatur
1562 4189 1588 4239 et
1598 4187 1723 4256 quiescit.
1734 4187 1765 4241 Et
1776 4200 1819 4241 re·

99 4277 304 4339 ostenderunt
313 4293 380 4331 vera
391 4291 455 4330 esse
466 4291 529 4344 que
541 4272 608 4328 dixi.
622 4273 674 4338 Oai
687 4279 783 4344 patres
792 4273 880 4329 vestri
892 4288 937 4328 re·
991 4270 1098 4342 spondit
1112 4271 1225 4340 arrectus
1235 4272 1357 4339 Domini,
1369 4274 1394 4326 et
1403 4271 1495 4337 diuis:
1512 4273 1624 4328 Domine
1633 4274 1816 4343 exercituum,

97 4383 179 4427 rum
190 4365 266 4422 exitu
279 4365 485 4436 prophetarum
500 4378 630 4417 meorum
639 4360 670 4415 in
679 4378 710 4416 sa
720 4361 938 4416 vaticiniacom-
991 4362 1027 4430 (c)
1042 4376 1179 4431 usquequa
1194 4363 1290 4415 tonan
1304 4360 1479 4415 misereberis
1488 4361 1651 4427 ismaelem,
1665 4362 1817 4418 sturbium

95 4452 418 4534 probantes,conversi
430 4452 544 4508 suntad
560 4449 760 4522 penitentiam
770 4448 939 4521 atquedixe·
990 4448 1070 4516 iuda,
1086 4450 1186 4520 quitus
1201 4450 1290 4503 iratas
1303 4451 1350 4503 est
1366 4451 1418 4502 Iste
1430 4450 1647 4516 septuncesimas
1662 4466 1752 4505 anuas
1766 4457 1814 4507 est.

96 4548 198 4605 runt:
211 4541 292 4598 Siout
302 4541 436 4615 predixit
446 4538 588 4595 Dominus
598 4538 777 4594 exercituum
790 4541 821 4592 ut
832 4537 937 4593 faceret
952 4555 977 4619 Ι)
990 4539 1024 4593 Et
1040 4536 1180 4609 respoudit
1194 4536 1327 4591 Dominus
1342 4536 1440 4603 euqeto
1455 4537 1503 4607 qai
1523 4537 1686 4608 loquebatur
1707 4539 1738 4592 ia
1760 4553 1816 4606 me,

94 4632 209 4697 nobis,
221 4630 383 4686 seeundum
396 4645 483 4701 opera
494 4631 594 4682 nostra
614 4631 702 4697 atque
713 4629 831 4696 peecata
841 4625 937 4682 reddi·
991 4627 1073 4682 uerte
1089 4626 1167 4695 bona,
1184 4634 1210 4680 et
1224 4626 1309 4680 uertm
1323 4624 1512 4681 corisotatoria.
1531 4625 1600 4680 Lxx
1614 4641 1620 4679 :
1639 4625 1702 4682 riui
1711 4628 1740 4681 iu
1750 4641 1816 4681 noc·

93 4723 152 4783 dit
163 4718 261 4775 nobis.
276 4724 418 4791 tegamus
432 4714 580 4771 Danielem
594 4731 627 4769 ex
638 4729 837 4785 personamus,
849 4718 938 4786 etpo·
992 4719 1037 4771 te:
1051 4722 1076 4769 et
1091 4729 1149 4769 ecce
1166 4715 1209 4768 air
1223 4714 1375 4768 ascendens
1388 4729 1472 4784 saper
1485 4729 1585 4784 equam
1599 4716 1708 4785 rafam,
1719 4718 1746 4772 et
1759 4717 1818 4796 ipre

93 4809 186 4889 puli,
205 4807 329 4862 Domino
345 4806 543 4868 confitentem,
560 4803 637 4875 quod
648 4819 715 4857 eum
727 4801 828 4857 audire
839 4802 938 4858 nolue-
992 4803 1080 4857 stabat
1101 4803 1175 4857 iuter
1195 4801 1261 4856 daos
1277 4805 1381 4856 montes
1396 4802 1548 4867 umbrosos,
1564 4807 1662 4875 etpost
1675 4819 1740 4858 eam
1753 4805 1818 4875 equi

62 4932 65 4962 ι
92 4899 182 4966 rint,
209 4901 236 4950 et
256 4896 337 4967 juste
357 4895 414 4950 sibi
430 4891 586 4949 acciderint
602 4907 793 4963 quacumque
808 4891 939 4962 perpessi
994 4891 1058 4960 rufi,
1074 4899 1099 4945 et
1113 4890 1195 4953 uarii,
1211 4893 1235 4944 et
1246 4889 1313 4958 aar,
1328 4897 1353 4945 et
1365 4889 1447 4945 dini:
1462 4891 1607 4961 Quidsant
1617 4893 1673 4959 isti,
1688 4892 1819 4949 domine?

94 4991 185 5051 flunt
201 4983 281 5056 (Dua.
298 4987 352 5051 ιιι).
995 4979 1108 5035 Etdinit
1122 4977 1157 5033 ud
1171 4993 1215 5032 me
1229 4979 1342 5049 unqelas
1352 4979 1400 5049 qui
1414 4980 1574 5050 loquetetur
1588 4983 1619 5036 in
1632 4982 1759 5054 me:qu
1774 4997 1818 5039 os·

62 5108 71 5153 μ
146 5072 249 5149 (Vere.
263 5072 302 5144 7.)
317 5075 348 5129 ln
364 5073 407 5128 dic
421 5072 550 5127 uicesima
564 5073 663 5141 quarta
682 5068 821 5124 undecimi
843 5071 942 5125 mensis
994 5067 1106 5124 tendam
1120 5067 1171 5121 titi
1185 5067 1250 5138 qaid
1263 5070 1320 5123 siut
1336 5067 1404 5125 lame.
1420 5069 1453 5123 Et
1469 5069 1661 5140 respondituir
1672 5072 1722 5143 qui
1730 5070 1820 5128 siebat

62 5187 69 5226 ι
95 5166 201 5229 Sabat
211 5180 220 5217 :
235 5164 266 5218 in
280 5178 353 5217 anno
367 5160 483 5218 secando
498 5161 585 5227 Darii,
597 5161 700 5231 stactam
714 5166 752 5214 est
765 5162 879 5215 veroum
890 5159 941 5214 Do·
995 5159 1068 5213 inter
1081 5159 1193 5223 montes,
1209 5164 1235 5212 et
1248 5155 1321 5212 amu
1335 5157 1370 5211 ad
1385 5173 1447 5213 rue:
1462 5160 1513 5214 isti
1525 5163 1590 5215 sant
1603 5176 1669 5231 quos
1678 5161 1755 5217 misit
1766 5160 1820 5218 Do-

62 5276 74 5377 ἱ

62 5396 80 5450 t

62 5504 90 5595 Β.

62 5616 195 5721 *punt
214 5644 246 5704 tn
263 5645 320 5703 ttae
335 5661 402 5704 oum
424 5643 578 5718 tegeretur,
603 5644 644 5702 itu
664 5643 731 5717 tecit
750 5640 828 5700 uotis
843 5656 877 5701 ex
893 5639 943 5701 iis·
998 5656 1087 5721 penes
1102 5639 1315 5711 Martiaueum
1332 5654 1431 5702 uorax
1442 5638 1559 5723 Regiae
1570 5641 1825 5717 manuducimus

146 5361 199 5444 (a),
210 5357 290 5414 Unus
306 5358 407 5432 Regin.
426 5375 493 5426 ms,
515 5357 562 5412 snt
575 5362 795 5426 contempserant
809 5369 860 5421 me,
877 5352 944 5411 dicit
996 5355 1062 5409 dem
1079 5369 1149 5409 mss.
1170 5356 1199 5408 et
1213 5351 1351 5419 textibus,
1367 5369 1421 5409 nas
1435 5355 1477 5410 itu
1492 5354 1663 5413 adverbium
1679 5355 1820 5430 expunxi·

93 5440 262 5578 Dopppqplsc
276 5519 311 5575 eu
325 5496 833 5569 nostrismss.,HebrceaetVulgata
845 5511 944 5551 assen-
997 5442 1191 5569 miditatem
1203 5511 1356 5622 usquequo,
1381 5510 1447 5578 que
1464 5502 1497 5578 'et
1519 5497 1549 5554 in
1571 5499 1691 5556 tlebreo
1710 5507 1821 5567 'nn-t!

96 5573 273 5641 tientibus,
303 5572 508 5644 rescripsimus
533 5573 635 5641 vincat,
662 5586 713 5642 pro
739 5584 796 5641 quo
821 5572 884 5624 erat
907 5569 946 5625 ui·
998 5573 1230 5634 resonat,et1n
1257 5566 1297 5623 Vu
1311 5571 1380 5640 gata
1402 5567 1551 5626 edatmne:
1576 5571 1675 5629 deerat
1691 5586 1757 5629 vero
1772 5568 1821 5629 hta
