3840 6098
102 316 182 384 loeo
342 305 348 314 ’
431 319 808 387 commentationum
829 319 870 384 tlt
890 316 1128 384 mmscnttlt
1145 319 1278 395 amaa.
1299 320 1386 387 GAP.
1408 320 1465 387 111.
1735 317 1836 387 loct·

99 451 209 511 dudan
224 451 380 528 praedicare
389 453 570 526 baptismum
586 454 809 526 poenitentiam
824 453 927 511 remis·
941 453 969 521 Α
983 451 1129 525 adulteris,
1145 458 1171 510 et
1183 456 1317 526 periuris,
1332 457 1359 511 et
1374 457 1423 528 qui
1440 454 1649 513 calumniantur
1661 454 1814 516 mercedem

102 541 217 599 aionem
233 546 430 614 peccatorum.
443 543 523 609 Quod
544 547 641 599 autam
664 543 813 615 sequitur:
828 545 862 599 lit
875 550 930 600 sto·
984 545 1160 611 mercenarii,
1174 543 1271 600 uiduus
1284 551 1311 600 et
1323 545 1454 617 pupillos,
1470 553 1497 603 et
1511 546 1670 617 opprimunt
1684 546 1809 617 pereqri·
1910 569 1913 572 ·

103 633 155 688 tim
170 633 258 687 veniet
267 630 304 685 ad
313 631 445 703 temptum
454 648 536 687 suum
548 631 704 688 dominator
713 648 845 705 quemoos
857 647 931 704 quae·
984 647 1066 688 num:
1078 634 1560 700 nectimueruutme‚dieitDominus
1569 634 1814 706 exarcituumqu

101 721 177 792 ritis,
193 721 344 792 etanqelus
360 722 515 776 testamenti
529 737 609 792 quam
622 737 669 777 vos
682 723 774 786 vulta,
796 722 837 778 ita
849 722 885 777 de
900 738 931 778 aa
985 723 1061 778 enim
1076 722 1219 788 Dominus,
1235 730 1261 777 et
1274 739 1328 779 non
1343 730 1443 779 mutor.
1463 721 1530 778 LXX
1546 739 1552 778 :
1569 723 1637 779 ane
1651 725 1741 779 ueniet
1755 723 1812 794 [lt.

102 808 189 882 quasi
200 809 236 865 de
247 808 337 865 altaro
347 809 577 882 loquitur,juxta
591 811 834 867 consuetudinem
850 810 929 867 Scri·
986 810 1476 883 uenit],dicitDominuscmnipotens,
1492 812 1816 883 etquissustinetitdiem

103 897 427 971 pturarum.Nullisque
438 898 865 972 dubiumestquinDominator
875 899 930 955 iste
987 899 1116 955 introitus
1126 901 1185 971 ejus
1194 899 1208 954 ‘l
1218 904 1266 956 aut
1276 901 1337 972 quis
1346 901 1424 975 serre
1435 903 1536 971 poterit
1550 903 1581 956 ut
1595 903 1714 970 aspiciat
1728 901 1816 958 eum?

104 985 235 1043 salvator
248 987 297 1057 sit,
316 988 365 1059 qui
390 988 507 1044 Creator
530 992 575 1043 est
599 989 742 1060 omnium,
766 993 795 1045 et
809 989 932 1062 angelus
988 988 1058 1057 Quia
1073 989 1129 1060 ipse
1143 989 1301 1057 inpreditur
1314 990 1395 1061 quasi
1422 989 1497 1057 iqnis
1517 990 1684 1061 cantatorii,
1701 993 1816 1062 etquast

104 1075 319 1143 testamenti,et
329 1075 428 1149 magni
441 1076 555 1133 consilii
566 1076 931 1151 Angelusnppellntur.Alii
987 1076 1235 1134 aartataoantium
1247 1096 1253 1134 :
1266 1078 1404 1134 etsedetit
1413 1080 1536 1149 contlans
1546 1087 1572 1135 et
1583 1078 1736 1134 mandam
1745 1080 1817 1136 siout

103 1181 172 1221 vero
183 1165 325 1237 hocquod
337 1164 444 1220 dicitur
454 1183 461 1221 :
473 1169 540 1222 Ecca
553 1183 602 1235 eqo
612 1168 691 1223 mitto
701 1167 831 1238 onqalum
840 1182 933 1222 meum
986 1170 1142 1235 arpentum,
1155 1174 1181 1222 et
1192 1170 1262 1222 sicut
1276 1182 1388 1234 aurum,
1404 1174 1429 1222 et
1443 1165 1606 1223 emundabit
1616 1166 1688 1237 titios
1703 1167 1778 1232 Levi,
1791 1168 1816 1221 et

103 1261 132 1311 et
142 1254 312 1325 praeparabit
324 1255 399 1309 viam
412 1261 474 1309 ante
496 1256 597 1325 [miens
620 1272 724 1322 meam,
750 1271 785 1311 ex
808 1272 934 1327 persona
986 1256 1083 1328 sunda
1093 1271 1139 1311 eos
1149 1257 1223 1311 sicut
1233 1272 1333 1312 aurum
1344 1257 1450 1312 attinnt
1461 1263 1622 1329 arqentum,
1633 1257 1749 1310 aierunt
1762 1257 1816 1311 Do·

104 1340 202 1396 Patris
217 1341 327 1396 dictum
343 1345 466 1413 putant:
482 1346 510 1398 et
520 1344 598 1415 quod
610 1343 743 1415 sequitur
754 1361 761 1399 ε
773 1343 874 1400 Statim
887 1359 932 1400 oa·
987 1344 1063 1400 mino
1072 1345 1213 1416 atterentes
1224 1345 1328 1400 nostias
1336 1345 1367 1398 in
1372 1345 1490 1416 justitia
1498 1342 1554 1416 [At.
1560 1341 1685 1416 justitia]
1697 1360 1703 1398 :
1720 1346 1746 1399 et
1757 1343 1818 1416 plo·

104 1431 165 1485 niet
178 1429 213 1484 od
227 1429 361 1501 temptum
373 1446 454 1486 suum
469 1430 624 1488 dominator
637 1449 716 1504 quem
731 1449 776 1489 oos
796 1434 932 1506 quantis,
987 1434 1057 1490 eatit
1070 1434 1183 1489 Domino
1197 1432 1366 1503 sucrificium
1378 1431 1450 1489 tudo
1463 1438 1489 1488 et
1503 1432 1667 1498 tmusalem,
1678 1432 1817 1488 sieutdie·

104 1526 132 1576 et
143 1519 564 1590 anqelustestomentiquamucs
574 1521 668 1589 uultis,
679 1521 715 1577 de
731 1521 855 1577 Domino
871 1519 934 1579 Sal·
989 1522 1038 1578 tus
1046 1524 1183 1594 pristinis,
1199 1531 1225 1578 et
1237 1523 1308 1579 sieut
1322 1523 1406 1578 annis
1420 1521 1571 1591 prioritas.
1582 1522 1617 1576 at
1640 1519 1767 1577 accedam
1782 1519 1818 1576 ad

104 1610 205 1663 vatore
219 1607 256 1663 ab
271 1623 304 1665 eo
331 1607 443 1664 dictum
466 1608 644 1682 intelligunt.
670 1611 816 1683 Properat
836 1615 935 1668 autem
989 1626 1034 1667 uos
1049 1611 1204 1684 injudicio,
1216 1610 1561 1679 eterotestisoeloamper
1571 1609 1717 1681 maleficos,
1733 1617 1759 1665 et
1770 1626 1818 1666 su·

105 1695 184 1752 viam
199 1696 339 1762 ioannes,
355 1703 383 1752 et
398 1701 492 1754 rectum
508 1697 576 1753 iacit
591 1699 714 1756 semitas
729 1697 780 1755 Dei
796 1700 887 1757 nostri
904 1700 935 1755 in
988 1715 1039 1770 per
1049 1698 1196 1770 adulteros,
1211 1703 1237 1756 et
1250 1715 1333 1772 super
1346 1715 1390 1757 eos
1404 1702 1454 1773 qui
1463 1700 1564 1772 jurant
1579 1699 1610 1754 in
1631 1698 1744 1755 nomine
1757 1714 1818 1757 meo

103 1784 242 1841 cordibus
253 1785 445 1855 credentium,
457 1786 487 1840 in
499 1787 608 1858 quibus
619 1792 738 1860 propter
749 1788 934 1860 pravitatem,
950 1824 975 1889 B
989 1789 1170 1845 mandaciter.
1184 1790 1217 1844 lit
1227 1790 1275 1860 qui
1288 1787 1422 1861 fraudant
1444 1787 1569 1844 mercede
1582 1789 1778 1856 mercenarios,
1791 1790 1819 1845 et

104 1875 135 1929 et
143 1871 481 1947 incredulitatem,!prius
492 1873 569 1931 Deus
580 1875 731 1933 ambulare
742 1894 799 1933 uon
811 1881 933 1950 poterat.
989 1879 1147 1951 opprimunt
1155 1893 1206 1949 per
1216 1879 1369 1949 potentiam
1382 1877 1519 1943 viduos,at
1531 1877 1688 1946 percutiunt
1696 1875 1820 1949 pupiltos

104 1960 262 2032 Templum
275 1964 373 2017 autem
387 1962 432 2018 vel
443 1962 602 2019 Ecclesiam
631 1963 868 2037 interpretantur,
889 1965 935 2022 vel
988 1972 1016 2022 et
1029 1968 1188 2038 pervertunt
1197 1965 1337 2038 judicium
1349 1965 1468 2033 aduena,
1485 1969 1510 2021 et
1524 1967 1572 2038 qui
1585 1981 1641 2021 nan
1651 1967 1750 2022 timent
1763 1981 1817 2037 me,

106 2065 351 2121 unumquemque
362 2050 733 2109 amuentiuminlleolssio:
743 2053 937 2124 AEdificamini
988 2054 1055 2111 dicit
1071 2056 1202 2112 Dominus
1217 2054 1295 2111 tm
1311 2055 1500 2126 omnipotens:
1517 2054 1649 2124 quoniam
1662 2068 1711 2121 eqo
1725 2054 1820 2109 Domi·

105 2138 198 2195 domos
208 2139 378 2210 spirituales,
388 2139 571 2197 sacerdotium
579 2150 719 2198 sanctum:
732 2144 935 2215 atterentasspi·
988 2160 1041 2199 nus
1054 2144 1123 2199 Deus
1137 2151 1232 2214 uetur,
1242 2152 1268 2199 at
1277 2158 1334 2198 non
1343 2151 1443 2199 mutor.
1456 2143 1551 2214 Supra
1564 2140 1693 2214 legimus
1708 2145 1819 2198 motam

104 2227 226 2284 eductas
239 2228 375 2295 uictimas,
399 2237 426 2283 et
449 2229 629 2300 acceptabiles
651 2231 706 2285 Dec
727 2246 778 2302 per
792 2230 935 2287 Curatum
988 2231 1111 2288 Domino
1126 2231 1317 2304 questionem
1333 2231 1370 2286 ab
1386 2231 1433 2286 his
1447 2229 1498 2302 qui
1514 2227 1635 2285 dicunt:
1655 2228 1758 2285 Omnis
1768 2229 1821 2302 qni

104 2320 201 2374 desum
216 2317 238 2384 (l
253 2319 328 2372 Pete,
344 2332 376 2382 11,
388 2317 428 2389 5).
451 2317 506 2373 llos
522 2335 588 2374 vero
603 2318 655 2391 qui
676 2317 851 2375 crediderint
862 2334 870 2374 ε
881 2319 934 2374 Ne·
989 2319 1059 2376 lacit
1072 2319 1195 2386 malum,
1211 2319 1306 2376 bonus
1321 2322 1366 2375 est
1380 2318 1411 2372 in
1427 2320 1584 2389 conspectu
1597 2315 1724 2386 Domini,
1736 2320 1819 2373 etta·

105 2406 185 2461 saitis
204 2403 275 2476 quod
285 2405 417 2477 temptum
437 2406 487 2461 Dei
510 2409 583 2475 estis,
599 2416 625 2464 et
637 2409 752 2480 spiritus
767 2408 816 2464 Dei
830 2408 935 2464 lectitat
987 2408 1031 2465 les
1042 2409 1067 2464 ei
1084 2408 1209 2481 placent,
1227 2412 1278 2464 aot
1293 2412 1371 2464 certe
1384 2405 1409 2463 si
1425 2404 1590 2478 displicent,
1606 2405 1658 2461 ubi
1673 2409 1718 2462 est
1741 2405 1819 2464 Dana

106 2495 138 2549 in
161 2493 237 2549 votis
259 2496 285 2564 (1
304 2493 364 2550 Cor.
383 2512 424 2565 iu,
439 2494 507 2566 llil?
536 2495 629 2552 iudai
642 2496 697 2553 hoo
712 2496 789 2568 quod
805 2496 933 2552 dicitur:
985 2497 1091 2570 judicii
1102 2498 1116 2554 t
1128 2497 1246 2566 honest,
1262 2497 1312 2552 ubi
1328 2501 1374 2552 est
1384 2495 1509 2567 justitia
1523 2492 1651 2550 veritas?
1668 2495 1713 2551 Ad
1728 2511 1818 2567 quam

105 2584 174 2639 Ecca
185 2599 233 2652 eqo
247 2583 330 2639 mitto
343 2583 476 2657 auqetam
489 2601 590 2655 nucum,
607 2586 642 2642 de
657 2584 721 2642 Dlia
736 2585 877 2659 propheta
890 2585 935 2641 di·
989 2585 1206 2643 dissolvendam
1216 2585 1332 2643 Domini
1343 2600 1439 2642 sermo
1454 2582 1623 2655 respondit:
1636 2582 1751 2640 Mittam
1766 2600 1819 2641 an-

106 2675 189 2728 ctum
199 2670 377 2745 intelligunt,
388 2677 417 2728 et
427 2674 504 2745 quod
514 2674 648 2747 sequitur
660 2694 669 2730 :
682 2674 887 2731 Statim'oeniet
900 2674 936 2730 ad
988 2673 1086 2748 gelum
1100 2691 1211 2742 meum,
1223 2674 1273 2747 qui
1290 2673 1465 2748 preparabit
1478 2672 1556 2729 viam
1567 2675 1707 2740 meamet
1724 2671 1821 2728 veniet

105 2761 239 2833 temptum
252 2761 592 2836 suumdaminatorquem
601 2766 779 2835 coequaritis
792 2772 835 2821 :et
848 2779 935 2838 unqe·
989 2764 1024 2820 nd
1034 2763 1178 2836 templum
1190 2780 1277 2820 suum
1290 2763 1551 2833 dominatorquem
1560 2759 1820 2833 conqueritisqui

106 2850 151 2906 lus
166 2852 319 2906 tastamenti
332 2867 413 2923 quem
428 2867 474 2908 uos
488 2853 584 2920 uultis,
604 2854 735 2909 referunt
752 2849 934 2925 ἠλειμμὲνον,
985 2852 1077 2924 judex
1087 2853 1280 2919 estveritatis,
1294 2853 1329 2908 de
1344 2868 1403 2924 quo
1413 2849 1563 2906 diciturin
1585 2847 1700 2906 Psalmo
1715 2866 1722 2905 :
1737 2850 1818 2919 Deus,

106 2938 164 2995 hoo
178 2937 369 2995 estCtristum
380 2955 570 3013 enumquam
580 2941 936 3014 dicuntultimotempora
984 2941 1125 3015 judicium
1139 2941 1338 3013 tumreqida:
1367 2941 1544 3008 etiustitiam
1570 2943 1648 2994 tuom
1672 2938 1820 3010 filioreqis

107 3043 173 3084 sese
183 3031 348 3084 uenturum.
357 3028 413 3084 Sed
423 3028 513 3085 miror
523 3030 936 3101 quomodoeosrarumexitus
989 3030 1073 3102 (Psoi.
1087 3048 1161 3102 oxus,
1178 3032 1209 3104 1).
1224 3032 1286 3087 Non
1300 3032 1376 3087 enim
1389 3031 1474 3086 Pater
1497 3027 1605 3102 judicat
1633 3043 1820 3100 quemquam:

108 3133 168 3173 non
183 3115 286 3172 doceat
301 3115 463 3173 veritatem.
482 3117 564 3182 Quod
579 3118 659 3174 enim
685 3118 830 3191 templum
857 3121 932 3175 tm
990 3120 1186 3191 sedjudioium
1200 3134 1279 3175 amne
1294 3117 1369 3175 dedit
1388 3118 1459 3174 Filio
1484 3116 1573 3190 (toan.
1589 3133 1618 3184 v,
1632 3116 1690 3188 22).
1721 3113 1820 3173 Etille

108 3204 739 3280 snuminveniatdominator,quodusquead
747 3206 939 3265 fundamenta
952 3192 974 3262 C
993 3212 1038 3266 ast
1052 3210 1174 3282 angelus
1185 3207 1354 3265 tastamenti
1364 3222 1454 3280 quem
1467 3222 1519 3262 voa
1534 3205 1676 3278 quaeritis,
1686 3204 1820 3262 animala

109 3293 359 3362 destructumeet,
371 3299 422 3350 aut
437 3294 462 3350 si
477 3296 513 3352 ab
529 3295 586 3352 allo
600 3296 812 3352 exstruendum
825 3300 870 3352 ast
884 3314 936 3353 an·
990 3313 1049 3353 non
1065 3295 1191 3369 placent,
1208 3297 1259 3368 qui
1274 3310 1431 3367 personam
1446 3293 1601 3365 injudicio
1631 3311 1690 3350 non
1715 3293 1821 3365 accipit

105 3381 521 3455 tequamchristusadvoniat,
533 3380 604 3456 quid
615 3383 747 3440 Christus
757 3399 858 3440 eorum
871 3401 935 3440 am·
989 3384 1102 3458 (coloss.
1114 3402 1156 3455 111,
1172 3383 1289 3455 25),qui
1304 3382 1447 3439 nullaneo
1461 3382 1673 3448 misericordia,
1703 3396 1818 3438 necse-
1848 3394 1855 3408 ’

106 3470 325 3544 pliuslaoturus
338 3474 464 3541 est,cum
476 3471 513 3527 ab
526 3470 582 3529 alio
597 3471 734 3529 restituta
745 3472 936 3529 sintomnia‘l
987 3473 1109 3529 ueritate
1124 3475 1274 3528 mutatur.-
1290 3472 1375 3528 Gatia
1389 3472 1464 3527 anim
1475 3471 1506 3526 in
1519 3486 1607 3526 manu
1621 3470 1733 3526 Domini
1755 3471 1819 3526 uini

106 3559 935 3633 DominusnostarinEvangelioltliamprophetamdoan-
987 3562 1170 3631 meriplenus
1185 3562 1281 3629 mmto,
1296 3564 1323 3617 et
1338 3560 1485 3615 inclinavit
1502 3575 1539 3615 ea
1557 3559 1606 3616 tac
1617 3559 1648 3614 in
1661 3559 1713 3614 ltoo
1730 3558 1817 3628 (Psoi.

105 3665 176 3706 nem
188 3650 348 3721 Baptistam
358 3648 704 3723 interpretansloquitur:
716 3650 746 3707 Si
758 3650 934 3723 uultisseire,
989 3668 1083 3720 nxx1v,
1097 3652 1135 3724 9),
1149 3651 1179 3707 id
1192 3654 1248 3717 esi,
1264 3648 1467 3706 misericordis
1477 3647 1602 3718 justiam
1617 3650 1773 3720 temperat,
1789 3651 1819 3703 st

104 3739 166 3810 ipse
180 3741 220 3794 eei
232 3739 308 3794 Elias
323 3740 371 3811 qui
398 3747 531 3795 uenturus
553 3746 592 3795 ast
607 3739 682 3810 (Dat.
697 3755 736 3806 uu,
754 3738 809 3810 13),
825 3738 934 3810 dequo
984 3739 1101 3812 justitia
1116 3736 1629 3811 misericordiamdstaigiturstatim
1645 3733 1818 3792 etrelooitar

101 3826 192 3883 ethio
203 3826 430 3900 idempropheta
440 3843 613 3900 quemnuno
624 3826 935 3896 disseruimus,scribit
986 3829 1083 3886 veniet
1099 3829 1135 3885 ad
1150 3827 1295 3900 templum
1310 3843 1365 3884 suu
1375 3843 1417 3893 m,
1433 3826 1463 3882 id
1477 3823 1704 3894 estiloclesiam.
1715 3825 1748 3880 Et
1757 3826 1819 3896 quis

102 3915 134 3972 in
151 3915 227 3970 fine:
238 3916 304 3972 licea
317 3932 369 3990 eqo
384 3917 464 3972 mitto
477 3915 553 3973 uota
563 3917 656 3972 liliam
668 3916 838 3988 proplietam,
854 3924 932 3972 anta·
985 3920 1089 3989 poterit
1103 3918 1308 3988 coqmracten
1320 3916 1452 3972 aduentus
1461 3915 1544 3987 ejns‘t
1559 3913 1590 3972 Si
1614 3913 1744 3987 cogitare
1758 3930 1817 3986 pra
1846 3980 1849 3987 ¹

101 4020 187 4078 quarn
200 4006 292 4061 veniat
305 4003 363 4061 dies
377 4005 489 4062 Domini
503 4022 621 4077 maqnus
644 4008 672 4061 et
692 4004 834 4060 torribilis
845 4003 935 4077 (infra
987 4007 1117 4081 potentia
1128 4005 1292 4079 majestatis
1305 4006 1370 4078 ejus
1380 4020 1466 4061 nemo
1476 4007 1583 4077 potest,
1594 4003 1668 4059 terre
1683 4001 1750 4074 quia
1764 4019 1816 4076 pa·

102 4109 142 4161 ur,
155 4092 195 4163 5).
211 4093 362 4159 Quomodo
377 4096 476 4150 autem
490 4094 567 4175 Elias
577 4095 705 4151 ioannes
720 4094 768 4163 sit,
785 4093 867 4150 dedit
880 4111 933 4150 no·
985 4097 1078 4154 terit‘t
1088 4096 1198 4169 litquis
1209 4096 1299 4152 stabit
1310 4094 1516 4151 adridendum
1527 4109 1606 4162 eum,
1618 4091 1734 4159 honest,
1748 4091 1816 4164 quis

102 4180 237 4239 hieriam
248 4180 459 4263 intelligentia,
470 4183 500 4239 in
511 4183 618 4240 virtute
630 4181 848 4255 etspiritulllin
863 4198 931 4239 eum
986 4185 1167 4258 sumpoterit
1175 4183 1368 4258 lippientibus
1375 4179 1774 4256 (uletooecutiantibusoculis
1784 4181 1815 4237 in

102 4270 221 4328 venisse
235 4262 481 4329 commemorans.
986 4292 1043 4333 aua
1052 4273 1183 4331 claritate
1195 4271 1426 4346 conspicere,qui
1436 4275 1482 4330 eat
1493 4270 1710 4343 sesquatorum
1719 4269 1750 4326 in
1762 4286 1813 4327 au-

140 4359 235 4432 (vers.
249 4361 277 4415 2.
295 4360 467 4434 seqq.)Ecce
480 4362 565 4428 vent,
594 4360 662 4416 dicit
675 4362 808 4417 Dominus
826 4363 931 4418 euerci·
981 4359 1536 4437 J'uspennisestsanitas‘tlpsevsniat
1551 4359 1636 4432 quasi
1652 4358 1729 4431 ignis
1744 4374 1814 4414 oon·

103 4453 233 4518 tuamet
247 4450 307 4520 quis
320 4451 549 4522 poteritcoqitere
572 4450 645 4506 diem
669 4450 800 4506 Moestus
809 4451 932 4518 einsidl
986 4453 1071 4522 Dans,
1087 4457 1117 4510 et
1132 4451 1215 4526 quasi
1230 4452 1323 4508 herba
1336 4448 1483 4506 lullonum
1499 4445 1711 4521 (lnt.2):lgnia
1734 4445 1813 4503 enim

104 4540 171 4611 quis
180 4538 264 4595 static
282 4538 319 4594 ad
332 4538 480 4594 uidendum
494 4544 578 4595 eum!
597 4541 654 4610 lpse
668 4539 743 4594 enim
764 4541 845 4611 quasi
858 4541 932 4609 iqnis
945 4563 970 4628 D
985 4541 1016 4598 in
1027 4545 1183 4613 conspectu
1193 4539 1389 4612 ejussrdebit,
1402 4541 1431 4593 et
1440 4537 1471 4593 in
1486 4534 1610 4591 circuitu
1621 4534 1687 4606 ejus
1700 4538 1813 4605 tempe·

101 4627 264 4698 matianum
278 4629 359 4699 quasi
370 4627 454 4684 terta
468 4628 616 4699 pullanum.
632 4628 665 4683 ut
678 4627 785 4684 sedebit
797 4630 929 4696 conflans,
984 4633 1047 4687 stas
1058 4627 1217 4701 valida(Ps.
1232 4627 1318 4698 mx).
1334 4623 1538 4682 Tunovooabit
1551 4621 1656 4679 caelum
1673 4622 1812 4694 desuper,
1872 4668 1880 4681 ,

100 4715 384 4791 elemundansquosi
398 4715 494 4790 [Vulg.
511 4720 588 4772 tacet
612 4718 701 4789 quasa]
726 4724 881 4786 arquatum,
905 4724 931 4773 et
984 4722 1013 4774 et
1026 4722 1135 4774 terram
1151 4719 1183 4771 ut
1197 4704 1812 4788 dijudicetpopulumsuum,lluminaignis

97 4804 232 4878 purqatit
240 4805 312 4875 filios
323 4806 425 4877 leniet
434 4805 592 4862 eotabiteos
606 4806 687 4878 quasi
696 4822 801 4861 aurum
810 4813 836 4861 et
850 4807 931 4876 quasi
985 4806 1147 4880 (tltrahent
1161 4809 1228 4862 ante
1240 4820 1318 4870 eum,
1335 4808 1503 4878 peccatores
1513 4798 1809 4875 quosquevolventio.

100 4897 270 4963 arpentum:
281 4902 306 4950 et
315 4902 399 4951 erunt
409 4897 527 4952 Domino
537 4895 679 4966 onerantes
688 4893 830 4964 sacrificio
844 4896 875 4949 in
884 4895 931 4967 ju·
983 4895 1064 4969 Ignis
1078 4900 1176 4950 autam
1196 4894 1306 4951 dicitur
1320 4893 1474 4959 Dominus,
1492 4897 1522 4949 et
1535 4889 1613 4963 ignis
1633 4903 1811 4945 consumens

99 4983 189 5039 stitia
201 4987 235 5042 et
244 4984 362 5056 placebit
375 4984 488 5040 Domino
497 4984 670 5055 sacrificium
681 4983 763 5053 tuda,
778 4991 804 5038 ct
818 4983 929 5039 Jerusa-
983 4982 1072 5057 (Deut.
1087 4987 1132 5050 iv),
1143 4981 1260 5055 utligna
1270 4986 1381 5048 nostra,
1396 4981 1507 5048 lenum,
1517 4976 1718 5051 stipulamque
1732 4991 1810 5033 oom-

102 5067 169 5139 hm,
184 5073 256 5127 sicut
269 5071 327 5127 dies
340 5073 447 5143 wenti,
461 5077 487 5128 et
501 5072 572 5129 sieut
586 5073 656 5128 anui
671 5073 793 5144 antiqui.
807 5072 841 5127 at
854 5087 929 5128 acce·
982 5071 1080 5128 buret.
1096 5070 1131 5126 Di
1144 5086 1202 5127 non
1218 5070 1315 5127 solum
1330 5069 1422 5143 ignis;
1435 5068 1485 5126 sed
1500 5073 1529 5125 et
1543 5067 1635 5124 herba
1648 5064 1805 5132 lullonum,

99 5158 170 5217 dam
183 5160 221 5216 ad
234 5175 281 5217 oct
292 5159 324 5216 in
333 5160 451 5228 iudicio,
466 5169 493 5219 et
504 5177 550 5217 ero
566 5162 640 5218 testis
663 5159 743 5216 caica
755 5160 890 5232 mateficis
903 5163 930 5217 et
983 5175 1047 5232 qua
1062 5158 1203 5216 Hebraico
1216 5159 1429 5230 nonmult'ttttzl
1441 5156 1648 5231 appellatores
1664 5152 1729 5212 lxx
1738 5149 1807 5206 πὸαν

106 5429 112 5441 Ι
137 5356 230 5429 (mlle
251 5355 929 5441 '115ms.,lippientitusoculis‚etcaecmmeretitus
983 5377 1027 5413 κεν
1043 5353 1255 5442 tunopsutpsuqs
1266 5349 1513 5437 ἕμπρρσθεναύτνῦ.
1525 5354 1649 5437 Turonas
1657 5351 1806 5435 quedam·

98 5443 199 5484 muro
239 5435 351 5500 mutate,
367 5433 424 5486 etc.
560 5446 566 5455 ¹
982 5447 1030 5486 ma
1043 5444 1126 5501 equa.
1140 5428 1271 5483 dometur
1282 5440 1355 5496 eques
1363 5423 1460 5480 ardens
1474 5442 1481 5480 :
1497 5426 1608 5481 Flauius
1631 5438 1705 5496 uqnts
1717 5421 1807 5479 eraso

134 5498 330 5582 (illneodem
343 5498 868 5573 ms,tratmtur.Viotorius,Alludi‚
884 5501 929 5557 in·
983 5501 1029 5558 tot
1043 5497 1304 5573 eqrediensataeie
1330 5497 1398 5567 ejm.
1429 5496 1568 5579 l'raltetat,
1596 5493 1693 5579 lnquit
1706 5493 1805 5551 Hiero-

99 5576 174 5644 qast,
186 5586 251 5629 reor
260 5571 298 5628 ad
309 5570 382 5629 illud
393 5572 523 5660 Danielis
534 5590 575 5631 vn
587 5588 594 5626 ι
606 5571 634 5624 ‘0
648 5569 744 5646 aptos<
768 5568 850 5625 αὐτοῦ
860 5567 929 5649 φλὸξ
983 5588 1102 5647 aymus,
1114 5575 1268 5645 peccatores
1282 5581 1411 5641 quotque,
1427 5569 1549 5640 damnm
1563 5582 1608 5625 eos
1620 5564 1769 5625 incolume.

98 5640 192 5717 τυρὸς·
204 5641 232 5697 ol
245 5641 344 5718 τρὸχοι
355 5639 438 5700 αὐτοῦ
447 5663 502 5721 nup
512 5641 625 5724 φλῦγον·
635 5639 760 5717 ποταμὸς
774 5642 861 5718 πυρὸς
871 5639 929 5698 at-
