3818 6104
66 331 130 401 att
291 329 543 396 ruuusuurta
564 309 825 395 sonantium
839 326 1028 392 antonum.
1047 331 1083 391 aa
1107 326 1371 394 unnoutnunu.
1387 329 1483 394 nou.
1499 329 1553 396 tv.
1709 320 1776 394 'ns

71 464 237 533 inmittat
251 479 352 523 vuum
368 465 505 523 universa
533 484 714 538 percurrens,
731 481 832 521 carnes
852 480 895 518 sa·
907 464 934 530 A
951 462 1108 534 Soripturis
1125 463 1271 536 quomodo
1286 464 1406 537 quidam
1422 464 1557 520 homines
1573 482 1632 520 non
1648 466 1708 520 sint
1722 464 1775 522 ho-

71 553 318 621 nam-desiderat,
332 553 653 627 volutinuncquadam
664 554 700 611 ad
713 554 897 626 presbyteros
952 552 1056 608 mines.
1072 555 1155 608 Homo
1170 554 1203 608 in
1215 554 1316 608 honore
1339 555 1442 624 positus
1454 569 1510 609 uon
1524 554 1673 623 intelteuit,
1700 568 1776 610 oom-
1855 606 1859 614 .

69 641 214 715 loquitur.
229 642 362 700 Bnenim
378 649 665 716 quapraeaesserunt
679 643 761 699 dicta
776 644 847 699 sunt
861 640 897 696 de
950 650 1064 712 paratus
1079 648 1119 697 est
1142 642 1280 712 jumentis
1302 642 1510 713 insipientibus,
1539 643 1711 699 assimitatus
1735 643 1777 698 eis

69 730 360 804 magistais.1deiroo
379 731 643 789 consideremuset
665 732 701 788 de
721 729 897 804 presbyteris
951 731 1040 801 (Psoi.
1061 730 1147 801 xcix).
1164 730 1222 786 lste
1250 747 1308 786 non
1334 734 1381 786 est
1395 730 1482 786 homo
1497 730 1595 799 homo,
1615 732 1664 787 sed
1688 729 1777 786 homo

69 820 145 892 quid
162 821 287 887 dicatur,
317 821 501 879 excutientes·
524 822 732 894 nosmetipsos,
762 837 798 876 ne
829 819 896 890 quis
946 818 1265 888 jnmeutumdenerotio
1285 835 1454 891 asperorum,
1471 822 1534 890 quis
1562 819 1679 876 ostendit
1700 819 1776 876 cotis

71 908 895 982 nastrum,presbyterialissit,qualisintruerpouitur,
949 910 1279 978 supereotirooentuoo
1305 909 1410 980 (liuttb.
1438 908 1507 976 aul?
1535 908 1614 964 Talis
1643 925 1701 964 nan
1730 912 1776 964 est

69 999 103 1053 nt
121 997 584 1055 aeuraaraonuvtrtsentaram
607 998 702 1064 lsrael,
718 1000 745 1052 rt
767 996 897 1052 sederunt
950 997 1037 1054 homo
1054 998 1152 1064 homo,
1168 1000 1219 1054 sed
1235 1014 1356 1070 serpens
1371 998 1469 1055 homo.
1500 999 1571 1071 liqui
1597 1000 1630 1054 in
1653 998 1774 1070 feminus

66 1091 133 1144 ante
145 1088 251 1159 {mium
264 1102 363 1142 oneum
377 1088 504 1158 htsuctus
520 1096 560 1143 est
573 1104 665 1143 sermo
679 1086 790 1143 Domini
803 1086 840 1142 od
853 1102 896 1143 me
949 1086 1117 1143 insanientes
1129 1089 1194 1158 tacti
1209 1087 1472 1158 suut,uausquisque
1483 1103 1567 1158 super
1580 1102 1696 1142 onorem
1706 1102 1774 1158 pro·

66 1177 160 1235 duma
176 1176 251 1232 :Fili
263 1177 395 1232 bominis.
410 1175 570 1232 Videamus
585 1175 894 1243 Diodorusationem,
948 1175 1079 1231 oimtsui
1106 1175 1258 1231 binniebat.
1289 1175 1324 1230 ut
1352 1176 1407 1231 iste
1434 1180 1552 1231 nonest
1571 1174 1772 1241 humohumo,

67 1271 101 1322 ut
114 1265 191 1322 seire
199 1264 578 1338 possimus,utrumneeum
594 1265 624 1320 in
640 1265 724 1321 nobis
734 1264 894 1336 deprehen·
949 1264 1000 1320 sed
1016 1263 1105 1320 homo
1119 1281 1223 1336 equus.
1239 1263 1324 1320 absit
1338 1263 1428 1336 igitur
1441 1281 1458 1320 a
1470 1264 1566 1330 nabis,
1583 1268 1615 1320 ut
1639 1263 1713 1320 tales
1733 1264 1773 1320 si-

66 1355 234 1412 damuun
249 1369 307 1410 non
323 1352 376 1409 viri
391 1353 439 1410 isti
455 1353 894 1426 posueruntcugitationessuas
949 1369 1026 1420 mus,
1042 1354 1093 1426 qui
1111 1370 1275 1409 mereamur
1290 1353 1401 1424 audire,
1417 1369 1475 1408 non
1490 1369 1553 1409 esse
1568 1369 1622 1408 nos
1637 1353 1772 1409 homiues

65 1440 377 1513 incardinandum
393 1443 834 1515 poenaminiquitatumsuarum
847 1458 894 1513 po·
948 1441 1100 1499 homines:
1118 1443 1169 1498 sed
1185 1442 1264 1498 uliud
1280 1442 1350 1514 quid
1367 1446 1471 1513 prater
1485 1441 1630 1497 homines.
1646 1441 1675 1497 Si
1691 1439 1770 1496 enim

65 1535 192 1591 suerunt
205 1535 274 1587 ante
288 1531 391 1589 taciem
421 1530 528 1587 suaan‘l
548 1530 697 1603 Numquid
713 1532 893 1603 respondens
947 1531 1017 1586 boni
1028 1537 1057 1587 st
1071 1531 1218 1588 mansueti
1233 1547 1348 1596 sumus,
1364 1530 1550 1603 duplicamus
1576 1529 1704 1586 hominis
1718 1545 1770 1585 no·

64 1619 420 1695 manuteneamus
434 1622 483 1694 qui
495 1620 597 1677 mundo
611 1623 675 1676 sunt
693 1620 773 1677 corde
786 1620 891 1690 (budh.
948 1636 1031 1677 men:
1049 1625 1082 1676 ut
1097 1620 1136 1677 sit
1150 1620 1179 1675 in
1203 1620 1289 1675 nobis
1317 1636 1375 1675 non
1404 1618 1577 1690 simpliciter
1604 1617 1702 1686 homo,
1719 1618 1770 1674 sed

27 1762 33 1775 ,
64 1710 180 1784 vidui
204 1710 285 1766 enim
313 1709 459 1767 muudum
487 1709 598 1767 hubent
624 1709 892 1783 cor,cogitationes
947 1708 1321 1765 homahomo.Gonsidera
1349 1724 1385 1763 sn
1412 1707 1510 1764 venire
1523 1706 1683 1776 valeamus,
1699 1706 1770 1778 quid

64 1818 135 1858 suas
151 1816 212 1856 non
227 1803 341 1873 ponunt
356 1799 388 1854 in
414 1797 552 1855 cordibus
576 1799 650 1865 suis,
664 1799 715 1855 sed
732 1799 826 1872 magis
841 1797 986 1897 hat-Bsit
1000 1796 1073 1852 illud
1089 1798 1166 1869 quod
1196 1812 1302 1852 nomen
1331 1795 1461 1851 hominis
1490 1795 1630 1867 duplicet.
1647 1796 1770 1860 Quando

63 1890 135 1947 baut
146 1889 177 1945 in
193 1903 330 1946 emmone
343 1887 403 1944 Dei.
421 1888 475 1955 Qui
491 1892 588 1944 autem
604 1887 784 1944 laborantia
799 1904 890 1945 saecu·
945 1890 1000 1947 iste
1010 1891 1161 1963 homo‚qui
1177 1897 1222 1948 est
1249 1894 1382 1964 exterior,
1393 1893 1480 1949 homo
1496 1892 1593 1961 luerit,
1609 1908 1643 1950 eo
1657 1893 1708 1965 qui
1727 1896 1772 1950 est

63 1977 283 2042 habueratis,
299 1975 417 2033 etnihil
432 1975 510 2033 aliud
527 1976 680 2049 requirunt
695 1977 751 2033 nisi
767 1993 890 2049 quomo·
945 1980 1066 2037 interior
1081 1980 1180 2049 bomo,
1196 1984 1330 2054 serpente
1345 1981 1498 2046 existente,
1508 1998 1566 2036 non
1581 1985 1626 2037 est
1640 1981 1669 2036 in
1686 1980 1770 2037 nobis

64 2068 297 2140 capessentem
326 2065 492 2138 transigunt
518 2065 619 2136 vitam,
635 2064 666 2120 hi
698 2065 892 2138 cogitationes
945 2069 1148 2137 humohumo,
1165 2070 1456 2126 sedtantumhomo.
1473 2070 1595 2136 Quando
1614 2070 1769 2126 verointe·

64 2172 138 2218 suas
150 2160 264 2229 ponunt
278 2154 308 2210 in
324 2154 462 2212 cordibus
478 2153 586 2221 suis,ut
600 2159 672 2226 puta
683 2155 708 2210 si
722 2155 891 2212 viderisha
945 2158 1004 2214 rior
1019 2158 1106 2215 homo
1119 2160 1202 2230 juxta
1217 2159 1376 2233 imaginem
1392 2158 1618 2231 perseveraverit
1640 2157 1770 2215 condito·

66 2242 266 2303 minemuihil
281 2243 361 2301 aliud
378 2242 555 2316 cogitantem
572 2242 629 2299 nisi
644 2243 746 2299 mundi
762 2244 890 2316 negotia,
945 2247 1070 2314 ris,tuno
1085 2246 1354 2318 nasciturhomo,et
1371 2248 1405 2303 ilt
1419 2247 1588 2304 istiusmodi
1605 2249 1769 2305 secundum

66 2334 154 2396 lucra
166 2332 334 2406 corporalia,
351 2335 380 2388 et
393 2332 526 2388 ciborum
541 2331 755 2388 abundantium
766 2350 776 2387 .·
796 2348 831 2388 ex
843 2333 891 2389 his
944 2337 1127 2404 exteriorem,
1152 2341 1180 2392 et
1208 2336 1375 2393 interiorem
1414 2335 1575 2406 hominem,
1601 2337 1647 2392 his
1681 2336 1770 2393 homo

67 2440 135 2497 quse
148 2420 315 2495 indiguerit,
333 2420 486 2495 inquibus
502 2419 647 2477 sollicitus
661 2424 715 2490 est,
730 2419 761 2476 in
783 2419 891 2492 quihus
944 2426 1042 2482 homo.
1058 2430 1146 2481 Porro
1161 2425 1186 2481 si
1202 2425 1268 2496 quis
1282 2424 1311 2480 in
1328 2425 1382 2481 hoc
1395 2428 1525 2491 vocatus,
1542 2429 1575 2480 ut
1602 2425 1654 2480 ilat
1681 2425 1770 2481 homo

57 2511 208 2586 suspirat,
222 2510 350 2567 saturam
366 2514 481 2567 tantum
511 2508 680 2565 alimoniam
709 2509 893 2566 cumdolore
944 2515 1042 2584 homo,
1058 2514 1189 2587 posuerit
1200 2513 1390 2586 cogitationes
1420 2530 1489 2570 suas
1514 2513 1771 2581 incordesuo,et

55 2599 372 2673 conquirenspoenam
387 2597 598 2672 cogitationum
613 2614 735 2654 suarum
751 2597 890 2671 posuitin
943 2619 1060 2677 pennam
1075 2619 1160 2659 suam
1174 2605 1242 2658 ante
1256 2601 1359 2658 laniem
1374 2618 1470 2668 suum,
1483 2605 1512 2657 et
1526 2601 1636 2657 venerit
1650 2602 1685 2658 ad
1701 2618 1772 2675 pro·

48 2690 151 2767 qaroe
165 2705 230 2755 ⁸¹10..
243 2693 376 2761 Arguunt
390 2687 481 2760 igitur
496 2687 639 2759 quosdam
654 2687 891 2760 presbyteros'is-
944 2692 1081 2765 phetam:
1097 2693 1163 2762 Epo,
1181 2691 1271 2761 inquit
1285 2691 1428 2756 Dominus,
1442 2690 1607 2762 respondeto
1623 2693 1651 2746 ri
1676 2692 1707 2747 in
1728 2691 1773 2747 bis

56 2776 214 2843 Eiusmodi
224 2776 267 2834 alt
277 2777 313 2834 ad
324 2775 496 2850 prophetam
507 2775 742 2833 sermodivinus:
759 2777 814 2833 Viri
829 2778 888 2847 isti,
944 2783 1043 2854 quibus
1057 2781 1194 2836 detinetur
1208 2796 1283 2836 mens
1298 2780 1366 2851 ejas.
1397 2779 1485 2834 Docet
1510 2795 1564 2835 nos
1584 2796 1681 2835 sermo
1697 2797 1770 2853 pra·

45 2867 93 2924 id
107 2871 161 2934 est,
175 2866 339 2939 supradicti
353 2865 526 2937 presbyteri,
541 2873 693 2937 posuerunt
713 2866 891 2937 capitationis
944 2888 1023 2938 sens,
1039 2869 1185 2941 quomodo
1213 2873 1327 2941 poterat
1354 2866 1480 2940 siugulis
1508 2868 1696 2940 respondere,
1719 2883 1772 2924 nec

44 2973 126 3015 suus
140 2960 173 3013 iu
187 2955 316 3012 sorditas
330 2954 398 3022 suis,
413 2959 440 3011 et
451 2971 565 3027 poenum
577 2955 759 3026 iniquitatum
771 2971 892 3011 suorum
944 2960 1112 3033 importuna
1127 2958 1280 3014 admovere
1296 2956 1555 3024 medicamina‚sed
1565 2973 1617 3030 pro
1628 2955 1772 3028 qualitate

40 3045 389 3118 jumentatum
403 3043 586 3101 tuumNomo
601 3047 732 3100 vestrum
743 3043 891 3101 existimet
945 3049 1113 3105 morborum
1129 3063 1260 3119 congrua
1274 3063 1396 3119 qumque
1411 3046 1549 3118 prolerre.
1567 3045 1772 3102 Animadverte

56 3136 214 3192 eruciatus
229 3133 361 3191 nobisab
377 3131 563 3206 alloquamur
578 3131 804 3207 nobisirrogari.
814 3132 891 3189 Deus
946 3138 1023 3211 quud
1039 3136 1176 3192 dicimus.
1192 3136 1235 3190 hd
1251 3135 1398 3190 medicum
1415 3135 1515 3189 decem
1543 3133 1657 3189 vadunt
1670 3133 1770 3190 decem

56 3240 124 3282 non
138 3222 210 3281 lauit
225 3238 337 3296 paenas,
368 3222 418 3279 sed
443 3238 477 3278 ea
505 3238 570 3295 que
585 3221 713 3293 patimur
734 3221 790 3295 ipsi
805 3222 891 3278 nabis
905 3194 935 3263 G>
945 3227 1087 3283 habentes
1101 3224 1213 3296 species
1226 3223 1442 3279 infirmitatum.
1458 3223 1521 3279 Non
1546 3238 1648 3278 omnes
1667 3223 1770 3279 eodem

59 3328 278 3389 preparemus.
294 3312 396 3383 ltaque
409 3310 649 3382 testimonio,quo
666 3310 831 3384 frequenter
847 3312 893 3368 usi
947 3315 1034 3372 modo
1048 3319 1142 3381 curat,
1159 3313 1210 3369 sed
1226 3311 1316 3368 alium
1332 3311 1398 3379 isto,
1414 3317 1443 3368 et
1458 3310 1548 3367 alium
1564 3310 1623 3377 illo,
1640 3315 1672 3367 ut
1688 3316 1769 3383 puta,

64 3401 275 3472 annuentium
293 3416 371 3456 nunc
385 3402 547 3472 opportune
562 3399 849 3457 utemur.hmbulate
864 3402 892 3458 in
952 3406 1038 3461 sanat
1051 3401 1221 3474 emplastro,
1238 3400 1287 3456 alii
1303 3400 1381 3456 aliud
1395 3401 1499 3456 tribuit
1523 3400 1770 3456 medicamentum

64 3488 181 3549 lumina
196 3490 274 3565 ignis
288 3488 389 3555 vestri,
401 3492 430 3544 et
443 3487 473 3543 in
489 3487 706 3560 flammaquum
722 3489 895 3546 accendistis
948 3491 1099 3549 nonnullis
1115 3490 1191 3562 quod
1222 3489 1385 3545 cauterium
1415 3493 1605 3560 nuncupatur
1634 3487 1771 3560 imponit,

68 3578 130 3638 lion
141 3583 188 3637 ast
203 3576 281 3652 ignis
296 3576 418 3634 alterius
428 3576 484 3632 nisi
500 3575 658 3648 vester,qui
674 3575 764 3649 ligna,
776 3577 826 3649 qui
843 3578 895 3633 sti·
950 3580 1040 3638 ulium
1055 3595 1166 3647 umaro,
1183 3577 1273 3635 alium
1290 3576 1369 3633 dulci
1382 3580 1527 3647 temperat
1540 3576 1773 3647 potionanujus·

67 3667 181 3739 pulum,
197 3665 250 3739 qui
264 3664 419 3721 materiam
434 3663 533 3720 futuro
543 3662 677 3719 incendio
692 3665 895 3721 coacervastis.
949 3670 1017 3725 dam
1032 3684 1098 3723 vero
1113 3666 1234 3722 vulnera
1247 3666 1389 3722 crassiore
1409 3663 1538 3736 unguine
1554 3663 1665 3719 delinit.
1682 3664 1730 3719 Sic
1745 3669 1774 3719 st

72 3754 143 3812 nteit
156 3770 226 3829 ergo
242 3754 279 3810 de
293 3753 481 3826 presbyteris,
499 3751 599 3824 procul
615 3756 713 3809 autem
729 3753 807 3810 absit
820 3770 898 3810 ano·
950 3774 1046 3816 sermo
1062 3756 1111 3812 Dei
1127 3772 1178 3827 pro
1194 3753 1385 3825 qualitatibus
1401 3752 1554 3808 hominum
1570 3750 1711 3829 loquitur,
1722 3768 1775 3808 nee

76 3842 128 3899 his.
146 3844 201 3900 Viti
214 3844 263 3898 isti
273 3845 425 3914 posuerunt
439 3843 616 3911 capitationes
631 3857 695 3897 suas
722 3843 753 3896 in
771 3842 897 3899 cordibus
952 3844 1218 3919 pussimsapieutia
1230 3841 1405 3915 suaiugerit
1415 3845 1609 3897 sacramenta.
1619 3841 1777 3913 Aititaqua

76 3931 140 4001 suis,
155 3934 184 3988 et
199 3948 311 4005 peanum
333 3931 515 4002 iniquitatum
542 3946 656 3987 suorum
669 3940 820 4001 posueratnt
834 3939 899 4003 oum
951 3937 1005 4007 Epo
1020 3933 1222 4006 respondeboei
1236 3930 1322 3986 iubis
1336 3932 1435 4002 quibus
1462 3928 1602 3986 detinetur
1619 3945 1695 3985 meas
1709 3930 1778 4002 ejus.

71 4021 172 4092 [auem
185 4036 275 4078 tuum.
291 4019 526 4092 Sedrespoudens
553 4019 716 4092 respondeto
738 4021 798 4076 eis:
813 4022 898 4078 Num·
952 4019 1361 4088 Utistavidelicetcuret,in
1377 4019 1485 4091 quibus
1500 4019 1578 4076 tm
1606 4034 1691 4075 mens
1714 4020 1781 4092 ejus

71 4108 204 4181 quidnam
217 4108 336 4180 dipsium
349 4116 390 4164 est
409 4109 470 4165 istis
494 4125 538 4164 nae
561 4108 799 4182 respondereque·
819 4125 899 4166 oene-
953 4113 1111 4180 detinetur,
1128 4115 1161 4166 ut
1176 4126 1234 4166 non
1263 4110 1350 4166 saciat
1375 4108 1522 4164 declinare
1541 4108 1664 4164 domum
1680 4107 1780 4164 lsrael.

71 4201 136 4254 runt
148 4196 188 4255 ud
202 4205 229 4255 te
240 4201 403 4271 prophetem
416 4197 535 4253 ootemes
548 4197 653 4256 discere
665 4214 804 4255 eumenes
814 4201 901 4257 meast
954 4201 1137 4272 Quicumque
1150 4214 1182 4255 se
1198 4199 1296 4272 ipsum
1311 4196 1478 4270 exemplum
1494 4214 1552 4253 non
1568 4196 1678 4270 prebet
1697 4197 1782 4253 bona

71 4288 193 4361 Propter
219 4286 270 4344 aar
299 4285 413 4358 toquere
441 4286 477 4342 od
504 4302 560 4357 eos,
575 4295 601 4343 et
625 4286 669 4343 dio
687 4288 747 4344 eis:
763 4289 825 4346 dea
834 4287 901 4345 dicit
954 4290 1029 4359 site,
1047 4290 1097 4346 sed
1114 4305 1267 4362 perversus
1283 4288 1400 4356 incedit,
1418 4287 1473 4343 iste
1500 4302 1552 4359 per
1580 4302 1665 4341 suam
1686 4285 1782 4357 pravi·

72 4376 182 4437 Adonai
196 4373 525 4442 hominus.ttamo‚toma
539 4391 574 4431 eu
588 4375 667 4432 domo
682 4376 777 4432 lsrael.
793 4381 901 4434 Omnes
955 4384 1056 4446 tatem,
1067 4379 1139 4434 dum
1155 4378 1190 4435 ad
1203 4378 1263 4434 htec
1277 4394 1341 4449 qure
1358 4392 1415 4432 non
1432 4376 1528 4444 debet,
1544 4374 1714 4444 inclinatur,
1740 4373 1783 4429 ia·

72 4465 110 4538 (a)
123 4464 266 4522 homines
280 4464 341 4521 nati
365 4479 471 4520 sumus
493 4463 643 4534 homines,
655 4465 706 4522 sed
723 4481 782 4521 non
797 4481 900 4522 omnes
956 4467 996 4522 cit
1009 4464 1227 4539 quodammodo
1242 4464 1330 4521 etiam
1342 4463 1395 4519 Dei
1410 4462 1554 4535 populum
1575 4460 1722 4517 declinare
1737 4476 1784 4516 se·

73 4551 213 4611 homines
239 4552 375 4610 homines
403 4568 518 4620 sumus,
548 4553 623 4608 att
655 4551 732 4610 sicut
747 4553 903 4627 sepissime
918 4558 942 4625 Ι)
956 4555 1086 4610 cundum
1103 4554 1192 4610 corda
1202 4568 1384 4624 eorumque
1395 4550 1560 4607 abalienata
1575 4553 1646 4606 sunt
1659 4566 1677 4605 a
1691 4548 1786 4605 malit

75 4642 227 4714 sotadici
257 4640 335 4715 quod
363 4639 393 4698 io
423 4640 548 4698 Levitico
564 4641 707 4715 scriptum
730 4644 902 4716 semitono,
958 4641 1352 4717 quihociacit,secundum
1378 4639 1538 4696 alienatum
1570 4635 1785 4706 coraDeo,in

75 4731 301 4805 homuntionem
329 4730 415 4788 leroet
442 4737 491 4786 out
517 4729 696 4804 advenarum,
717 4733 765 4804 qui
787 4732 905 4805 oppositi
958 4731 1185 4806 cogitationibus
1201 4730 1263 4785 suis
1277 4728 1355 4785 iacit.
1368 4727 1579 4800 propterquod
1592 4727 1788 4798 respondetur

75 4824 136 4877 ant
149 4823 182 4878 irs
196 4821 287 4879 uobis.
302 4821 401 4878 llstote
413 4819 697 4887 homiues,homines
708 4820 905 4896 scilicet,quia
958 4821 1011 4889 eis,
1029 4821 1056 4875 in
1073 4819 1121 4886 iis,
1138 4819 1167 4874 in
1183 4818 1292 4891 quibus
1306 4817 1453 4874 detinetur
1468 4833 1517 4872 cor
1532 4831 1645 4885 eorum,
1662 4819 1691 4870 et
1713 4813 1786 4870 dici·

78 4908 904 4969 nonomneshomineshomineeeunt.0stendamusde
958 4915 1025 4967 tur:
1041 4907 1391 4963 Dicoddomumlsraet:
1422 4908 1485 4964 llere
1510 4905 1577 4961 dicit
1606 4904 1712 4960 uldonoi
1731 4904 1786 4960 lto-

110 5070 149 5142 (ι)
160 5068 334 5144 Apponendo
347 5069 392 5125 bio
402 5071 466 5125 suut
480 5085 539 5140 quae
549 5067 725 5139 totidemtere
736 5071 904 5129 certiorem·
957 5071 1046 5140 sortus
1059 5077 1099 5124 est
1114 5068 1181 5134 iltis,
1199 5084 1256 5122 non
1272 5072 1340 5123 siant
1353 5066 1499 5131 homines,
1515 5065 1564 5121 sed
1577 5064 1712 5120 homines
1733 5065 1786 5136 ju·

79 5140 632 5212 usamentummnhaeetietneap.
661 5158 719 5196 xiv.
756 5157 906 5215 uaequeen
959 5136 1786 5210 menta.llursumquiinEvangeliaaudiuntserpentet

82 5211 265 5285 mortereis
280 5213 337 5270 loco
350 5211 486 5283 descripto
499 5219 641 5282 appareat.
659 5234 673 5264 a
690 5159 786 5283 Mariti,
802 5217 904 5287 iuquit,
957 5213 1100 5284 ponamino
1127 5214 1295 5282 viperarum,
1323 5212 1384 5282 quis
1425 5209 1543 5265 ostendit
1562 5208 1637 5263 vobis
1659 5210 1787 5278 supereo

83 5280 219 5343 hiberum
234 5282 363 5343 hominis
376 5283 479 5340 luciam
509 5283 699 5353 corporalem,
720 5284 904 5344 diversarum
958 5293 1076 5340 venturo
1091 5285 1136 5339 iro
1149 5284 1163 5336 ‘t
1179 5297 1237 5337 non
1253 5287 1323 5336 sunt
1339 5280 1473 5337 homines
1498 5278 1644 5343 homines,
1661 5280 1711 5334 sed
1733 5277 1786 5333 ho·

87 5351 240 5414 baham
255 5359 413 5411 assumunt
425 5354 580 5427 imagines,
595 5370 668 5424 quas
683 5355 819 5428 dissipari
836 5375 904 5431 pro·
960 5355 1065 5419 mines,
1082 5358 1241 5425 serpentes.
1257 5354 1290 5407 llt
1306 5353 1341 5407 da
1357 5353 1465 5424 quihus
1480 5351 1536 5407 scri
1561 5355 1624 5405 tum
1639 5356 1700 5406 ost:
1726 5349 1787 5405 l'ut·

90 5423 167 5493 phem
192 5426 327 5498 cripiens,
356 5425 544 5499 deprecatur:
583 5425 708 5490 homine,
734 5428 764 5482 in
797 5431 907 5485 deitate
958 5442 1004 5498 pes
1018 5428 1111 5497 torreas
1126 5425 1233 5487 tristent,
1251 5432 1276 5479 et
1294 5424 1413 5479 salitores
1428 5423 1490 5478 oreti
1502 5369 1581 5478 nidos
1595 5438 1605 5483 ,²
1620 5437 1653 5476 uc
1677 5421 1714 5476 de
1736 5419 1789 5479 He·

91 5501 304 5570 amimptmm
328 5512 424 5554 eorum
457 5495 620 5569 dissipatis.
649 5496 703 5565 Illi,
734 5500 769 5554 de
796 5500 906 5572 quibus
960 5499 1046 5553 rode:
1065 5494 1418 5567 uinuaatptnaimnan
1444 5500 1514 5553 stant
1539 5491 1789 5552 hominosbomi·

93 5568 136 5625 uri
159 5576 228 5628 tum
239 5573 285 5627 est
296 5586 305 5625 :
318 5569 401 5627 Homo
415 5584 478 5626 cum
495 5571 523 5625 in
540 5569 641 5625 tamtore
655 5577 724 5627 esset
738 5585 795 5627 uon
822 5573 907 5629 intet-
961 5585 1023 5641 nes,
1039 5568 1089 5628 sad
1106 5567 1241 5628 homines
1257 5565 1369 5645 vulpes,

132 5641 138 5656 ‘
156 5644 359 5721 tuoruum
371 5640 906 5747 eatuaeatntanpiantttmumattit
