3818 6104
99 307 185 378 Mitt
573 307 950 390 COMMEM'itlthitUM
971 308 1016 377 ut
1034 314 1187 385 saorth
1209 319 1338 386 brana.

1728 320 1808 390 titt

99 447 213 506 dieitur
219 446 342 506 mad
352 452 443 508 Esau:
460 448 749 509 Seddominamtaam
758 451 840 509 illam
854 453 926 512 ieri:
940 447 969 515 Α
982 455 1087 525 putant
1099 467 1164 512 eam
1174 455 1378 529 sephelam,ld
1389 460 1443 528 est,
1452 461 1646 532 tempestrem
1657 461 1806 536 regionem

97 546 129 595 st
143 554 235 595 mines
248 541 349 608 tratres
360 543 420 596 taos
442 541 545 603 sahieei
559 544 585 598 ei
599 557 707 598 servos:
724 544 860 615 fratrique
882 546 927 599 tao
982 556 1046 612 qua
1061 542 1138 599 eirea
1167 543 1414 618 Eleutheropolim
1436 551 1489 617 est,
1515 549 1701 621 repromitti:
1727 553 1805 625 quod

95 628 289 698 semiesffien.
299 646 366 698 xxv,
380 630 438 702 37).
456 632 490 686 Et
505 648 562 687 non
579 636 665 688 erunt
679 631 811 705 reliquia
821 632 928 689 domus
983 631 1018 686 ad
1035 630 1276 701 Rhinoooruram,
1293 642 1322 691 st
1337 636 1372 691 ad
1392 652 1473 692 mare
1488 653 1582 709 usque
1595 639 1742 696 tendenda
1756 641 1805 708 sit,

94 718 929 794 'suaquandoomniachristogenufleetentooelestiumet
982 719 1011 775 id
1026 725 1081 783 est,
1097 721 1225 777 detribu
1240 723 1387 780 iudanon
1402 724 1497 781 solum
1508 725 1752 800 Eleutheropolim
1764 734 1806 787 te-

94 806 295 878 terrestrium,
312 811 341 863 et
354 807 537 865 internorum
553 810 668 882 (Philip.
681 811 722 880 ιι),
735 815 763 866 at
772 809 928 882 subjicien—
984 814 1082 876 aeaut,
1099 811 1149 866 sed
1161 813 1301 883 usquead
1314 813 1462 870 maritima
1472 816 1650 888 perveniant,
1662 822 1691 874 et
1700 818 1806 877 Philis-

95 898 150 952 tur
163 895 190 951 ei
206 896 352 963 universa,
368 902 401 952 ut
414 898 439 954 si
455 903 530 954 Deus
544 900 642 954 omnia
653 899 683 954 in
694 899 841 956 omnibus.
855 899 929 966 Quia
982 897 1069 954 thiim
1080 916 1133 955 suo
1145 899 1267 972 imperio
1279 903 1529 975 subjugent,quos
1539 905 1621 976 prius
1632 922 1690 963 non
1701 907 1809 965 habue-

95 999 167 1042 vero
184 983 258 1041 Esau
274 1002 363 1058 super
378 987 602 1043 fundamentum
617 988 803 1044 christivitio
814 1006 868 1045 suo
879 1005 927 1045 ex·
983 993 1051 1044 rant
1065 989 1247 1061 subjugatos.
1266 990 1438 1047 Dilatabitur
1453 1009 1568 1065 quoque
1579 996 1723 1052 terminus
1733 996 1808 1054 sslio·

96 1077 247 1131 struxerat
258 1073 368 1145 lenum,
376 1073 457 1146 ligna
467 1080 496 1131 et
507 1075 645 1148 stipulam
656 1077 677 1148 (l
685 1078 745 1133 Cor.
753 1077 811 1148 nr):
822 1077 928 1133 ideireo
984 1093 1049 1132 rum
1060 1078 1135 1134 luda
1146 1095 1239 1151 usque
1250 1081 1286 1135 ad
1298 1080 1446 1152 Ephraim,
1458 1082 1508 1137 ubi
1520 1099 1597 1138 nuno
1607 1083 1743 1156 Neapolis
1753 1090 1807 1158 est,

96 1161 345 1218 domusattaoob
359 1163 504 1236 atJoseph
516 1164 654 1237 inignem
667 1167 929 1222 verteturetllam-
983 1170 1012 1221 et
1027 1183 1121 1238 usque
1136 1168 1172 1222 ad
1187 1169 1335 1239 regionem
1350 1171 1499 1238 Samariae,
1525 1172 1575 1228 ubi
1599 1174 1719 1229 Sebaste
1741 1191 1809 1231 aon·

98 1266 194 1320 mam,
209 1249 330 1307 imitans
346 1252 503 1308 Dominum
520 1270 619 1321 suum,
631 1255 681 1326 qui
697 1255 786 1310 dicit:
803 1257 930 1325 Egosam
983 1254 1045 1310 dita
1060 1259 1114 1311 est.
1141 1257 1293 1328 Benjamia
1310 1263 1406 1315 autem
1423 1261 1508 1331 eujus
1523 1261 1622 1317 statim
1639 1263 1675 1318 ab
1689 1264 1810 1319 ierusa-

97 1340 173 1396 Μ
187 1339 264 1413 ignis
278 1355 440 1396 oonsamens
456 1341 929 1416 (Dent.1v‚2l)‚utdevoratispa·
983 1342 1052 1411 lem,
1068 1348 1169 1400 contra
1184 1345 1410 1416 septentrionem
1425 1347 1543 1405 termini
1558 1348 1727 1416 dilatantur,
1738 1369 1809 1408 cun·

97 1426 156 1485 isis
170 1437 365 1499 peeoatorum,
383 1430 561 1488 humentem
577 1448 685 1503 purum
700 1432 731 1488 in
741 1433 847 1490 horrea
860 1450 928 1490 oon·
984 1435 1060 1487 atam
1076 1433 1239 1504 possidebit
1252 1435 1401 1499 Arabiam,
1417 1453 1480 1508 qua
1492 1438 1574 1509 prius
1585 1439 1810 1497 vocabaturGa·

96 1517 362 1590 gregetmEunote
372 1536 436 1592 qua
446 1519 803 1593 diximus,etquaedioturi
813 1539 928 1592 sumus,
983 1520 1061 1588 laad,
1072 1524 1102 1577 et
1113 1538 1190 1578 nuno
1203 1523 1310 1579 Gerasa
1321 1524 1374 1595 [rt.
1388 1525 1506 1597 Gerara]
1515 1532 1712 1601 nuncupatur.
1723 1532 1811 1585 Juxta

95 1605 196 1663 hosi
212 1607 268 1663 sibi
284 1607 383 1665 futuro
397 1613 529 1682 tempore
544 1609 730 1682 pollicentur,
748 1614 865 1684 quando
877 1630 929 1686 pro
984 1609 1176 1682 Septuaginta
1188 1615 1286 1667 autem
1302 1616 1330 1668 et
1345 1618 1473 1670 montem
1487 1615 1636 1686 Ephraim,
1651 1620 1680 1673 ei
1691 1633 1811 1691 cumpo!

97 1693 218 1752 cbristo
231 1696 372 1770 resipiant
386 1697 611 1769 antichristum,
637 1699 758 1772 impleta
778 1701 931 1774 prophetia
984 1698 1133 1765 Samaria,
1149 1703 1178 1755 et
1192 1700 1356 1771 benjamin,
1372 1706 1402 1757 et
1415 1702 1534 1771 Galaad,
1551 1703 1580 1758 hi
1597 1705 1646 1777 qui
1663 1705 1811 1763 tuerintin

96 1784 216 1842 marini
231 1786 390 1865 Salvatoris
407 1806 413 1844 :
437 1791 494 1862 Ego
508 1791 572 1846 oeni
586 1792 617 1844 in
630 1792 744 1846 nomine
757 1792 851 1847 Patris
864 1794 928 1864 mei,
945 1819 971 1887 B
986 1786 1106 1844 Meridie
1131 1788 1342 1861 possidebunt:
1359 1789 1414 1846 hoo
1430 1795 1529 1847 atrurn
1546 1793 1654 1849 tantum
1671 1794 1718 1862 sit,
1735 1795 1811 1852 Deus

95 1879 131 1933 st
141 1888 198 1932 noa
210 1878 366 1948 sasoepista
381 1893 426 1933 me
437 1895 447 1932 :
463 1880 488 1932 si
502 1879 579 1933 atius
593 1881 700 1935 amerit
710 1882 741 1934 in
750 1883 863 1936 nomiae
873 1897 932 1948 sao,
986 1875 1108 1941 uiderit;
1126 1881 1221 1949 potest
1236 1878 1315 1933 enim
1327 1893 1361 1934 ex
1375 1884 1455 1950 perte
1466 1896 1518 1952 per
1530 1897 1622 1937 annos
1637 1883 1813 1955 quingentos

96 1965 186 2021 iilam
209 1966 346 2037 recipietis
369 1965 461 2037 (teari.
487 1984 516 2031 v,
541 1967 595 2038 ts).
624 1968 658 2023 Et
672 1967 816 2041 quidquid
833 1974 935 2027 eontra
988 1981 1082 2036 usque
1097 1966 1133 2020 ad
1150 1966 1307 2022 adventum
1318 1966 1425 2024 Christi
1442 1985 1506 2024 esse
1521 1969 1718 2042 completum:
1734 1971 1813 2044 quod

97 2052 262 2111 idumeam
278 2053 461 2126 interpretati
478 2072 592 2121 sumus,
613 2055 654 2110 illi
671 2056 812 2113 adversus
827 2059 933 2115 Roma·
988 2054 1065 2109 sieut
1075 2054 1113 2127 (h)
1125 2055 1367 2121 oertissimesoio,
1379 2056 1456 2113 ⁸82
1468 2057 1597 2130 quotidie
1608 2059 1815 2131 completur,et

100 2155 178 2199 rrum
189 2156 312 2214 ragnum
323 2143 488 2199 somniant:
500 2144 640 2216 quodnos
651 2144 935 2218 dicimus,autJuxta
989 2142 1019 2198 in
1030 2159 1118 2216 regno
1129 2143 1471 2202 Eoolesiaconfirmatur.
1488 2146 1611 2203 Eienim
1622 2147 1816 2219 quihabitant

102 2229 261 2287 historiam
273 2230 328 2286 sub
339 2231 496 2289 Zorobabel
512 2249 576 2290 esse
587 2234 650 2304 jam
665 2234 785 2299 tactum,
798 2240 849 2291 aut
859 2243 935 2293 nerle
988 2230 1019 2286 in
1034 2232 1163 2303 Meridie,
1180 2233 1207 2288 id
1225 2237 1280 2300 est,
1296 2234 1326 2289 in
1340 2234 1452 2307 Nageb‚
1470 2239 1499 2291 et
1512 2235 1542 2291 in
1557 2253 1624 2293 vero
1640 2241 1709 2294 sunt
1723 2236 1814 2294 lumi·

98 2319 189 2391 tarta
199 2319 431 2392 prophetiam,et
442 2321 934 2396 mysticosintelleotusquotidiein
989 2336 1035 2385 ne,
1051 2325 1081 2376 et
1095 2321 1145 2393 qui
1161 2324 1262 2377 tenent
1276 2323 1452 2396 campestria
1466 2328 1495 2379 et
1508 2323 1642 2393 humilia,
1658 2326 1687 2380 id
1703 2330 1757 2394 est,
1770 2326 1814 2382 di·

104 2406 239 2464 molesia
252 2407 325 2480 lieri,
341 2413 370 2465 et
384 2409 413 2464 in
430 2425 518 2483 regno
533 2410 637 2466 animae
648 2411 789 2467 adversus
804 2428 933 2485 earnem,

104 2495 142 2552 tn
157 2512 336 2570 unoquoquo
350 2498 500 2572 compleri.
523 2500 759 2556 Erumentarium
776 2505 875 2557 autern
890 2518 934 2558 se·

106 2600 240 2642 eunoum
250 2586 444 2661 tropologiam
455 2588 661 2645 desinereesse
671 2588 798 2645 dioimus
808 2590 837 2645 in
847 2589 935 2647 here·

100 2674 186 2742 tisis,
197 2676 314 2747 quando
327 2674 427 2733 nullus
437 2677 524 2733 inerit
535 2677 584 2750 qui
596 2678 673 2751 apud
687 2695 736 2734 eoa
748 2695 872 2751 ganum
882 2680 934 2735 tri-

102 2763 174 2832 siet,
185 2764 263 2835 quod
278 2764 307 2820 in
323 2769 401 2822 terra
415 2771 564 2822 mortuum
579 2770 633 2834 est,
649 2771 678 2822 et
692 2783 796 2838 punem
808 2768 843 2824 do
853 2767 934 2826 omlis

103 2852 217 2909 babere
231 2854 375 2925 sejaotet.
392 2855 467 2910 Sunt
482 2856 532 2927 qai
549 2872 608 2911 nou
631 2854 798 2933 πυροφόρον,
825 2857 854 2912 id
879 2861 933 2929 est,

101 2943 323 3013 firmatorium
334 2960 341 2999 :
353 2943 404 2999 sed
418 2943 567 3021 πυρφόρον,
577 2943 632 3000 hoc
643 2948 753 3017 estqui
759 2953 865 3015 gestare
873 2963 934 3018 pos-

105 3031 146 3086 sit
159 3030 321 3100 ignimiam
338 3049 355 3086 a
368 3032 558 3105 Septuaginta
568 3034 744 3089 translatum
756 3038 868 3106 putent.
880 3037 935 3091 Aa·

989 2409 1094 2481 soipuii
1110 2410 1184 2480 ejus,
1200 2410 1309 2480 quibus
1324 2411 1412 2467 dioit:
1436 2411 1535 2468 Daeite
1557 2429 1573 2466 a
1594 2429 1637 2469 me
1658 2416 1724 2485 gaia
1737 2415 1815 2470 mitis

976 2514 1061 2571 ‚sana
1091 2503 1117 2554 et
1141 2498 1253 2554 humilis
1275 2500 1357 2555 corde
1380 2500 1467 2571 (Moti.
1484 2519 1512 2567 x,
1531 2502 1597 2571 24),
1622 2502 1816 2574 possidebunt

989 2590 1119 2644 montem
1133 2589 1208 2643 Esau
1224 2592 1253 2643 et
1267 2587 1444 2644 philisthiim
1458 2607 1464 2645 :
1486 2605 1560 2662 quos
1574 2606 1733 2663 possumus
1747 2607 1814 2664 pro·

984 2680 1052 2749 pter
1067 2676 1234 2747 superbiam
1254 2676 1435 2749 dogmatum,
1447 2681 1476 2734 et
1486 2677 1682 2750 eloquentiam
1693 2678 1814 2736 saoula·

989 2782 1050 2821 rem
1065 2765 1096 2822 in
1113 2765 1301 2821 Ethnioorum
1316 2782 1441 2838 persona
1455 2767 1596 2840 accipere.
1613 2767 1649 2824 Ut
1664 2767 1693 2823 in
1716 2772 1815 2826 monte

990 2854 1049 2910 sint
1059 2853 1201 2926 magistri,
1210 2853 1240 2908 in
1252 2853 1442 2919 Philisthiim,
1450 2859 1479 2910 et
1488 2854 1659 2928 alienigenis
1667 2856 1815 2927 disoipuli,

989 2942 1039 3015 qui
1050 2942 1258 3014 magistrorum
1267 2944 1438 3000 auctoritate
1446 2944 1643 3000 ducunturEt
1652 2961 1709 3000 noa
1718 2944 1814 3002 solum

988 3035 1119 3088 montem
1134 3032 1220 3095 Esau,
1237 3035 1265 3086 et
1274 3030 1463 3103 alienigenas,
1478 3032 1528 3088 sed
1541 3033 1688 3104 regionem
1699 3047 1817 3105 quoque

108 3118 293 3191 quiesomtes
307 3120 399 3194 igitur
413 3121 537 3177 diversis
546 3121 848 3192 interpretationibus,
859 3123 935 3180 dioe-
990 3119 1127 3193 Ephraim
1138 3118 1310 3175 etSamariae
1321 3119 1523 3192 possidebunt.
1531 3120 1669 3192 Ephraim
1680 3124 1709 3175 et
1718 3125 1817 3177 Sama-

104 3223 176 3264 mus
195 3209 280 3280 juxto
302 3208 507 3282 tropologiam,
524 3226 581 3265 non
597 3209 692 3266 solum
709 3211 933 3269 frumentarium
950 3192 973 3262 C
990 3209 1064 3265 riam
1080 3210 1180 3265 crabro
1195 3209 1226 3264 in
1237 3209 1309 3265 Osee
1323 3209 1460 3281 legimus,
1475 3212 1503 3263 st
1517 3207 1547 3262 in
1564 3207 1734 3280 heresibus,
1751 3225 1815 3281 qua

99 3300 290 3354 &matarum
314 3299 392 3371 apud
409 3298 581 3355 haretioos:
599 3298 673 3355 m
692 3299 741 3356 sed
758 3305 786 3356 et
800 3317 867 3357 eum
883 3302 933 3374 qui

98 3382 201 3442 laeam
215 3385 325 3443 Christi
340 3386 446 3443 babere
457 3403 488 3443 se
499 3386 628 3443 simulat.
646 3388 766 3443 Etenim
778 3388 933 3461 ipseSata-

100 3488 159 3530 nas
173 3475 388 3547 tranfiguratur
407 3475 437 3531 in
452 3475 595 3548 Angelum
610 3475 686 3532 lueis
700 3476 736 3549 (11
752 3477 812 3533 Cor.
828 3479 880 3550 οι).

139 3562 234 3635 (Vera.
248 3563 304 3636 19.)
316 3567 348 3620 Et
358 3563 559 3622 territabant
569 3565 600 3619 hi
609 3566 657 3637 gui
671 3565 711 3620 ad
720 3566 850 3622 dustram
859 3570 933 3635 sant,

98 3659 223 3709 mentem
242 3654 314 3709 Esoa
330 3669 337 3707 τ
362 3657 388 3709 et
403 3655 451 3724 qai
464 3655 494 3708 in
509 3653 714 3725 campestrihus,
743 3655 935 3711 Philisthiim:

97 3745 129 3799 si
143 3742 319 3814 mandebant
332 3743 472 3812 regionem
490 3743 632 3813 Ephraim,
649 3751 674 3798 et
688 3745 828 3814 regionem
841 3744 937 3799 Sama.

99 3833 174 3887 rior:
186 3836 212 3888 et
221 3832 366 3904 benjamin
380 3830 529 3904 possidebit
540 3830 653 3887 Galaad.
669 3832 757 3887 LXX:
773 3834 806 3888 Et
817 3833 936 3904 possitis·

57 3956 61 3961 -
101 3921 231 3992 hantgrn
240 3921 504 3991 sermotionalem
515 3924 602 3977 Esou:
613 3925 640 3975 et
648 3923 697 3993 gai
703 3921 936 3993 insimulantis·

102 4011 237 4082 trigenas,
251 4017 278 4066 et
292 4010 467 4082 possidebant
481 4018 599 4066 montem
615 4009 759 4081 Ephraim,
770 4015 797 4067 et
806 4027 936 4083 campana

104 4099 294 4166 Samariam
305 4099 461 4171 benjamin,
473 4103 499 4154 et
511 4097 622 4154 Galaad.
635 4100 758 4155 Reverso
769 4099 798 4155 in
811 4116 934 4174 regnum

101 4202 196 4245 saum
219 4188 307 4256 tuda,
332 4187 382 4260 qui
407 4187 548 4243 habitavit
569 4189 599 4242 in
615 4188 746 4256 Meridie,
762 4191 791 4244 et
806 4188 935 4261 possedit

102 4280 244 4335 eurotam
256 4276 509 4350 regionem‚juxta
520 4276 691 4332 divisionem
702 4278 772 4334 iesu
784 4277 835 4332 Elii
847 4279 934 4349 Naue,

101 4380 174 4441 qna
186 4365 323 4439 sergitad
332 4364 563 4438 scorpionem,id
572 4365 710 4436 est,(alad
718 4380 836 4421 omnem
847 4368 934 4423 Acra-

102 4454 282 4521 bittbenam,
298 4454 329 4511 hi
342 4454 392 4527 qui
404 4453 486 4526 prius
498 4453 633 4510 terminis
644 4455 831 4510 arctabantur
840 4470 934 4528 angu-

989 3297 1343 3355 subnominsChristiano
1354 3296 1817 3370 Ecclesiamdividuntiaterpre·

988 3387 1040 3443 tati
1056 3402 1170 3442 sumus.
1187 3387 1222 3441 El
1237 3386 1275 3440 ibi
1292 3385 1370 3441 enirn
1386 3389 1522 3456 speratur
1536 3386 1664 3451 ubertas,
1676 3391 1705 3442 et
1715 3385 1754 3441 ibi
1765 3403 1816 3442 ou·

989 3474 1115 3531 stodiam
1131 3473 1198 3529 fidei
1216 3473 1432 3545 repromittunt.
1457 3473 1545 3528 Porro
1560 3472 1724 3543 Benjamin,
1740 3474 1816 3543 fitius

988 3565 1120 3631 dextera,
1137 3567 1225 3635 atque
1239 3562 1365 3629 virtutis,
1381 3561 1430 3616 nbi
1446 3559 1601 3631 'templum
1617 3559 1666 3615 Dei
1678 3564 1732 3624 est,
1748 3577 1815 3632 pos·

990 3652 1097 3707 sidebit
1114 3650 1226 3720 dalnart,
1251 3667 1313 3722 quer
1329 3650 1538 3721 interpretatur
1552 3650 1759 3717 transmigratio
1774 3657 1815 3705 ie-

988 3739 1267 3808 stimonii,lsraelem
1278 3754 1418 3794 oarneum
1427 3736 1611 3809 significans:
1624 3737 1659 3792 ab
1669 3736 1727 3793 illis
1737 3737 1815 3794 enirn

990 3830 1025 3885 ad
1051 3845 1104 3883 nos
1128 3827 1329 3884 testimonium
1355 3825 1469 3881 Domini
1495 3824 1707 3896 commigravit.
1727 3825 1816 3882 turta

990 3916 1182 3990 Septuaginta
1196 3920 1293 3971 autem
1309 3919 1338 3970 et
1352 3915 1450 3987 ipsum
1468 3913 1632 3984 Benjamin,
1649 3919 1677 3970 et
1691 3912 1812 3984 Galaad,

989 4006 1021 4062 hi
1036 4009 1086 4079 qui
1102 4004 1210 4061 tuerint
1223 4006 1253 4060 in
1269 4004 1399 4075 Meridie,
1416 4002 1619 4076 possidebunt.

1025 4096 1118 4153 tVers.
1129 4096 1175 4163 ro,
1185 4095 1243 4167 21.)
1258 4097 1293 4150 Et
1305 4095 1514 4164 hanemigratio
1529 4094 1666 4148 eremitas
1675 4093 1735 4164 ejas
1746 4093 1816 4164 fitio-

988 4201 1052 4240 ram
1067 4184 1173 4240 israel:
1196 4185 1291 4240 omnia
1312 4183 1533 4241 Chonanaeornm
1556 4198 1641 4254 usgue
1663 4181 1699 4238 od
1717 4181 1814 4254 Sarep-

989 4275 1064 4330 thom
1085 4271 1142 4346 [nl.
1165 4273 1335 4346 Saraptaml.
1363 4275 1397 4328 Et
1417 4273 1629 4343 transmigratio
1653 4272 1814 4339 Jerusalem,

987 4378 1051 4436 guar
1067 4365 1096 4419 in
1112 4367 1250 4435 Bosphoro
1261 4368 1311 4428 est,
1325 4361 1478 4433 possidebit
1487 4359 1609 4415 mutatas
1623 4358 1727 4414 Austri.
1742 4361 1774 4413 Et
1786 4375 1816 4414 a·

987 4452 1116 4508 scandent
1128 4452 1277 4508 salvatores
1291 4453 1322 4506 ia
1335 4453 1428 4507 monte
1441 4449 1521 4517 Sion,
1541 4447 1673 4518 judicare
1697 4454 1814 4518 montem

101 4543 171 4612 ses,
182 4540 377 4616 possidebunt
388 4546 519 4599 montem
530 4541 616 4607 Esau,
628 4542 657 4596 id
668 4546 724 4608 est,
736 4544 932 4612 montesiteir,
949 4563 972 4630 D
989 4543 1080 4598 Esaa:
1094 4542 1186 4598 eterit
1201 4541 1316 4597 Domino
1330 4555 1454 4610 regnam.
1475 4536 1567 4592 Lxx:
1586 4539 1617 4591 Et
1632 4536 1813 4606 transmigro·

100 4638 134 4692 et
149 4635 368 4704 montanaque
384 4633 475 4688 Edom
490 4634 558 4687 ante
572 4630 752 4704 possederat.
769 4630 823 4695 Oui
833 4634 931 4687 autem
987 4633 1072 4688 tionis
1093 4631 1266 4703 principiam
1287 4628 1361 4683 istud
1382 4627 1457 4697 filiis.
1474 4622 1561 4681 israel
1577 4639 1584 4677 t
1610 4628 1684 4679 terro
1710 4623 1815 4680 Chana-

100 4719 280 4780 habitabant
289 4720 320 4776 in
330 4719 463 4792 sephela,
480 4719 575 4790 idest,
588 4719 932 4791 ineampestribusmid·
986 4736 1110 4776 neaeram
1123 4734 1209 4790 asgae
1222 4716 1393 4789 Soreptham,
1408 4719 1435 4771 et
1449 4714 1654 4785 transmigratio
1662 4712 1815 4769 lenitatem

102 4811 174 4868 dam
201 4813 230 4866 et
255 4809 407 4876 Emmaus,
435 4807 594 4880 Diospolim
616 4807 737 4874 scilieet,
753 4808 933 4881 Nicopolim·
986 4825 1072 4880 aspar
1096 4808 1272 4880 Euphratem,
1299 4804 1477 4877 possidebant
1503 4803 1627 4858 ciuitates
1651 4801 1750 4873 Nogeh.
1782 4803 1815 4858 Et

100 4915 163 4974 aas
175 4897 360 4973 significans,
375 4896 570 4970 possidebunt
595 4896 777 4966 Palestinae,
801 4897 934 4971 quinque
987 4897 1132 4955 monadem
1141 4895 1189 4969 gui
1198 4896 1269 4951 salvi
1282 4896 1394 4965 puerant
1403 4892 1435 4948 de
1444 4899 1536 4950 monte
1544 4892 1612 4947 Sion
1626 4906 1633 4947 :
1650 4895 1682 4946 at
1690 4892 1814 4962 pansant

102 4988 196 5046 arbes
211 4987 442 5053 Palestinorum,
465 4987 583 5051 Gazam,
599 4985 783 5052 Arbalonem,
798 4988 932 5056 hrotam,
986 4993 1105 5043 montem
1119 4986 1203 5056 Esau,
1219 4992 1244 5040 et
1257 4986 1310 5039 erit
1320 4983 1434 5038 Domino
1445 4996 1569 5052 regnam.
1581 4978 1705 5035 Multum
1716 4978 1746 5034 in
1757 4978 1813 5035 boo

101 5079 246 5146 Aooaron,
262 5076 349 5145 aeta,
363 5075 409 5133 sel
423 5091 541 5131 omnem
555 5074 635 5131 illam
647 5073 765 5148 plagam
778 5077 934 5148 qnajurta
986 5075 1049 5132 loeo
1072 5073 1227 5130 translatio
1243 5075 1343 5128 nostra
1362 5070 1508 5142 discrepat
1522 5068 1558 5124 ab
1582 5067 1717 5124 Editione
1739 5067 1812 5123 Vul-

102 5172 198 5229 aeas
212 5164 419 5241 Apostolorum
434 5165 560 5222 Surenas
575 5162 750 5236 appellatur.
776 5163 844 5221 attii
865 5180 933 5222 vero
987 5171 1070 5239 gata:
1088 5163 1165 5220 unda
1177 5161 1318 5218 debemus
1328 5158 1357 5214 in
1368 5157 1548 5231 expositione
1557 5156 1685 5213 historie
1697 5155 1812 5214 Hebrai-

139 5432 317 5508 (a)Ps1atin.
336 5449 422 5504 mss,
435 5432 472 5489 od
485 5431 620 5504 scorpion,
631 5432 660 5488 id
670 5435 720 5501 est,
730 5448 838 5489 omnem
847 5433 932 5489 Aera·
985 5437 1014 5489 te
1029 5446 1128 5495 sensu,
1143 5446 1218 5498 nom,
1233 5442 1302 5485 vose
1317 5440 1532 5500 supervacanea
1546 5423 1674 5495 sublata,
1690 5440 1750 5480 uua
1764 5440 1810 5480 aa·

100 5508 255 5567 bitumum
270 5505 310 5572 hi,
326 5509 393 5569 eto..
410 5520 591 5578 quamquam
607 5504 637 5560 in
653 5503 744 5562 altero
768 5520 821 5560 vox
844 5509 932 5560 Aera-
987 5505 1028 5560 rie
1044 5501 1142 5558 nectit.

102 5579 172 5638 tiae
180 5577 368 5652 expungitur,
379 5593 431 5650 pro
443 5593 502 5649 qua
511 5575 612 5632 Aratio
623 5576 801 5649 subrogetur
810 5575 846 5632 ad
858 5592 933 5633 mar-
1021 5574 1059 5647 (h)
1074 5574 1166 5630 tidem
1181 5586 1266 5639 mss,
1281 5569 1352 5644 qaod
1366 5569 1515 5626 certissime
1528 5569 1584 5623 scio
1598 5565 1728 5640 quotidie
1743 5569 1811 5640 gaia

100 5650 215 5727 giam.
231 5649 486 5722 thiadungum
499 5646 662 5720 sequimur,
676 5647 856 5706 ooneinniori
870 5663 931 5705 oar·
984 5647 1144 5719 temptetur,
1158 5647 1214 5701 oto.
