<?xml version="1.0" encoding="UTF-8"?>
<!DOCTYPE html PUBLIC "-//W3C//DTD XHTML 1.0 Transitional//EN"
    "http://www.w3.org/TR/xhtml1/DTD/xhtml1-transitional.dtd">
<html xmlns="http://www.w3.org/1999/xhtml" xml:lang="en" lang="en">
 <head>
  <title>
</title>
<meta http-equiv="Content-Type" content="text/html;charset=utf-8" />
  <meta name='ocr-system' content='tesseract 3.04.00' />
  <meta name='ocr-capabilities' content='ocr_page ocr_carea ocr_par ocr_line ocrx_word'/>
</head>
<body>
  <div class='ocr_page' id='page_1' title='image "./patrologiaecurs07goog_0419.png"; bbox 0 0 3818 6104; ppageno 0'>
   <div class='ocr_carea' id='block_1_1' title="bbox 95 395 1803 472">
    <p class='ocr_par' dir='ltr' id='par_1_1' title="bbox 95 395 1803 472">
     <span class='ocr_line' id='line_1_1' title="bbox 95 395 1803 472; baseline -0.001 -2"><span class='ocrx_word' id='word_1_1' title='bbox 95 400 156 471; x_wconf 74' lang='lat'><strong>829</strong></span> <span class='ocrx_word' id='word_1_2' title='bbox 503 399 881 472; x_wconf 78' lang='lat' dir='ltr'><strong>couuuurhulouuu</strong></span> <span class='ocrx_word' id='word_1_3' title='bbox 902 396 942 466; x_wconf 86' lang='lat' dir='ltr'><strong>lu</strong></span> <span class='ocrx_word' id='word_1_4' title='bbox 965 395 1077 467; x_wconf 77' lang='lat' dir='ltr'><strong>osus.</strong></span> <span class='ocrx_word' id='word_1_5' title='bbox 1100 400 1176 467; x_wconf 83' lang='lat' dir='ltr'><strong>hili.</strong></span> <span class='ocrx_word' id='word_1_6' title='bbox 1200 405 1223 468; x_wconf 91' lang='lat' dir='ltr'><strong>l.</strong></span> <span class='ocrx_word' id='word_1_7' title='bbox 1247 400 1332 468; x_wconf 82' lang='lat' dir='ltr'><strong>ChP.</strong></span> <span class='ocrx_word' id='word_1_8' title='bbox 1356 400 1395 468; x_wconf 93' lang='lat' dir='ltr'><strong>ll.</strong></span> <span class='ocrx_word' id='word_1_9' title='bbox 1741 402 1803 469; x_wconf 81' lang='grc'><strong>830</strong></span> 
     </span>
    </p>
   </div>
   <div class='ocr_carea' id='block_1_2' title="bbox 93 539 1808 5509">
    <p class='ocr_par' dir='ltr' id='par_1_2' title="bbox 93 539 1808 5509">
     <span class='ocr_line' id='line_1_2' title="bbox 97 539 1800 615; baseline -0.001 -16"><span class='ocrx_word' id='word_1_10' title='bbox 97 539 216 613; x_wconf 81' lang='lat' dir='ltr'><strong>Christi,</strong></span> <span class='ocrx_word' id='word_1_11' title='bbox 232 544 260 597; x_wconf 88' lang='grc' dir='ltr'><strong>ει</strong></span> <span class='ocrx_word' id='word_1_12' title='bbox 285 559 342 598; x_wconf 93' lang='lat' dir='ltr'><strong>non</strong></span> <span class='ocrx_word' id='word_1_13' title='bbox 358 540 502 615; x_wconf 87' lang='lat' dir='ltr'><strong>recipiens</strong></span> <span class='ocrx_word' id='word_1_14' title='bbox 522 543 724 599; x_wconf 84' lang='lat' dir='ltr'><strong>auctoritatem</strong></span> <span class='ocrx_word' id='word_1_15' title='bbox 740 543 805 598; x_wconf 86' lang='lat' dir='ltr'><strong>novi</strong></span> <span class='ocrx_word' id='word_1_16' title='bbox 820 542 919 598; x_wconf 88' lang='lat' dir='ltr'><strong>Testa·</strong></span> <span class='ocrx_word' id='word_1_17' title='bbox 934 539 962 605; x_wconf 75' lang='grc' dir='ltr'><strong>Α</strong></span> <span class='ocrx_word' id='word_1_18' title='bbox 976 545 1006 598; x_wconf 87' lang='grc' dir='ltr'><strong>ει</strong></span> <span class='ocrx_word' id='word_1_19' title='bbox 1018 542 1246 598; x_wconf 88' lang='lat' dir='ltr'><strong>miscricordiam</strong></span> <span class='ocrx_word' id='word_1_20' title='bbox 1260 541 1500 615; x_wconf 86' lang='lat' dir='ltr'><strong>consecuta‚quia</strong></span> <span class='ocrx_word' id='word_1_21' title='bbox 1510 545 1650 598; x_wconf 87' lang='lat' dir='ltr'><strong>sorortua</strong></span> <span class='ocrx_word' id='word_1_22' title='bbox 1662 546 1716 598; x_wconf 89' lang='lat' dir='ltr'><strong>est.</strong></span> <span class='ocrx_word' id='word_1_23' title='bbox 1729 545 1800 602; x_wconf 87' lang='lat' dir='ltr'><strong>Cum</strong></span> 
     </span>
     <span class='ocr_line' id='line_1_3' title="bbox 98 630 1802 705; baseline 0.001 -18"><span class='ocrx_word' id='word_1_24' title='bbox 98 631 201 697; x_wconf 84' lang='lat' dir='ltr'><strong>menti,</strong></span> <span class='ocrx_word' id='word_1_25' title='bbox 216 631 268 686; x_wconf 91' lang='lat' dir='ltr'><strong>sed</strong></span> <span class='ocrx_word' id='word_1_26' title='bbox 285 631 320 687; x_wconf 91' lang='lat' dir='ltr'><strong>de</strong></span> <span class='ocrx_word' id='word_1_27' title='bbox 337 649 457 687; x_wconf 89' lang='lat' dir='ltr'><strong>numero</strong></span> <span class='ocrx_word' id='word_1_28' title='bbox 484 631 725 698; x_wconf 75' lang='lat' dir='ltr'><strong>circumcisionis,</strong></span> <span class='ocrx_word' id='word_1_29' title='bbox 743 631 925 704; x_wconf 89' lang='lat' dir='ltr'><strong>responderit</strong></span> <span class='ocrx_word' id='word_1_30' title='bbox 978 631 1055 688; x_wconf 87' lang='lat' dir='ltr'><strong>enim</strong></span> <span class='ocrx_word' id='word_1_31' title='bbox 1066 631 1217 688; x_wconf 78' lang='lat' dir='ltr'><strong>intraverit</strong></span> <span class='ocrx_word' id='word_1_32' title='bbox 1232 631 1381 704; x_wconf 75' lang='lat' dir='ltr'><strong>plenitudo</strong></span> <span class='ocrx_word' id='word_1_33' title='bbox 1406 630 1547 705; x_wconf 83' lang='lat' dir='ltr'><strong>gentium,</strong></span> <span class='ocrx_word' id='word_1_34' title='bbox 1564 635 1634 687; x_wconf 89' lang='lat' dir='ltr'><strong>tunc</strong></span> <span class='ocrx_word' id='word_1_35' title='bbox 1649 632 1745 688; x_wconf 90' lang='lat' dir='ltr'><strong>omnis</strong></span> <span class='ocrx_word' id='word_1_36' title='bbox 1761 633 1802 688; x_wconf 91' lang='lat' dir='ltr'><strong>ls-</strong></span> 
     </span>
     <span class='ocr_line' id='line_1_4' title="bbox 97 718 1804 794; baseline 0.002 -20"><span class='ocrx_word' id='word_1_37' title='bbox 97 718 175 774; x_wconf 85' lang='lat' dir='ltr'><strong>dlios</strong></span> <span class='ocrx_word' id='word_1_38' title='bbox 185 719 263 775; x_wconf 88' lang='lat' dir='ltr'><strong>Juda</strong></span> <span class='ocrx_word' id='word_1_39' title='bbox 273 723 301 775; x_wconf 88' lang='lat' dir='ltr'><strong>ct</strong></span> <span class='ocrx_word' id='word_1_40' title='bbox 312 719 387 776; x_wconf 82' lang='lat' dir='ltr'><strong>tilios</strong></span> <span class='ocrx_word' id='word_1_41' title='bbox 408 720 495 776; x_wconf 87' lang='lat' dir='ltr'><strong>lsrael</strong></span> <span class='ocrx_word' id='word_1_42' title='bbox 507 721 581 776; x_wconf 91' lang='lat' dir='ltr'><strong>duas</strong></span> <span class='ocrx_word' id='word_1_43' title='bbox 605 721 699 777; x_wconf 83' lang='lat' dir='ltr'><strong>tribus</strong></span> <span class='ocrx_word' id='word_1_44' title='bbox 714 737 818 777; x_wconf 88' lang='lat' dir='ltr'><strong>souare</strong></span> <span class='ocrx_word' id='word_1_45' title='bbox 833 725 861 777; x_wconf 88' lang='lat' dir='ltr'><strong>et</strong></span> <span class='ocrx_word' id='word_1_46' title='bbox 875 720 924 774; x_wconf 89' lang='lat' dir='ltr'><strong>de·</strong></span> <span class='ocrx_word' id='word_1_47' title='bbox 979 719 1038 779; x_wconf 86' lang='lat' dir='ltr'><strong>rael</strong></span> <span class='ocrx_word' id='word_1_48' title='bbox 1049 720 1147 777; x_wconf 90' lang='lat' dir='ltr'><strong>salvus</strong></span> <span class='ocrx_word' id='word_1_49' title='bbox 1162 721 1212 777; x_wconf 86' lang='lat' dir='ltr'><strong>liet</strong></span> <span class='ocrx_word' id='word_1_50' title='bbox 1223 723 1309 790; x_wconf 79' lang='lat' dir='ltr'><strong>(Rom.</strong></span> <span class='ocrx_word' id='word_1_51' title='bbox 1324 739 1364 784; x_wconf 80' lang='lat' dir='ltr'><strong>ur.</strong></span> <span class='ocrx_word' id='word_1_52' title='bbox 1379 721 1436 792; x_wconf 84' lang='grc'>25).</span> <span class='ocrx_word' id='word_1_53' title='bbox 1454 725 1513 776; x_wconf 85' lang='grc' dir='ltr'><strong>Ηοε</strong></span> <span class='ocrx_word' id='word_1_54' title='bbox 1538 720 1615 776; x_wconf 91' lang='lat' dir='ltr'><strong>idem</strong></span> <span class='ocrx_word' id='word_1_55' title='bbox 1637 719 1723 777; x_wconf 86' lang='lat' dir='ltr'><strong>nobis</strong></span> <span class='ocrx_word' id='word_1_56' title='bbox 1733 739 1804 794; x_wconf 77' lang='lat' dir='ltr'><strong>pre-</strong></span> 
     </span>
     <span class='ocr_line' id='line_1_5' title="bbox 96 808 1803 883; baseline 0.002 -20"><span class='ocrx_word' id='word_1_57' title='bbox 96 825 171 874; x_wconf 88' lang='lat' dir='ltr'><strong>cem,</strong></span> <span class='ocrx_word' id='word_1_58' title='bbox 188 808 346 880; x_wconf 87' lang='lat' dir='ltr'><strong>dequibus</strong></span> <span class='ocrx_word' id='word_1_59' title='bbox 362 811 462 866; x_wconf 84' lang='lat' dir='ltr'><strong>crebro</strong></span> <span class='ocrx_word' id='word_1_60' title='bbox 478 811 616 878; x_wconf 81' lang='lat' dir='ltr'><strong>diximus,</strong></span> <span class='ocrx_word' id='word_1_61' title='bbox 633 815 660 866; x_wconf 88' lang='lat' dir='ltr'><strong>et</strong></span> <span class='ocrx_word' id='word_1_62' title='bbox 686 811 715 865; x_wconf 90' lang='lat' dir='ltr'><strong>in</strong></span> <span class='ocrx_word' id='word_1_63' title='bbox 743 811 798 866; x_wconf 92' lang='lat' dir='ltr'><strong>hoc</strong></span> <span class='ocrx_word' id='word_1_64' title='bbox 820 811 924 866; x_wconf 88' lang='lat' dir='ltr'><strong>dantes</strong></span> <span class='ocrx_word' id='word_1_65' title='bbox 979 811 1096 883; x_wconf 75' lang='lat' dir='ltr'><strong>cipitur,</strong></span> <span class='ocrx_word' id='word_1_66' title='bbox 1109 826 1145 865; x_wconf 89' lang='lat' dir='ltr'><strong>ne</strong></span> <span class='ocrx_word' id='word_1_67' title='bbox 1166 810 1316 866; x_wconf 79' lang='lat' dir='ltr'><strong>hereticos</strong></span> <span class='ocrx_word' id='word_1_68' title='bbox 1332 809 1449 882; x_wconf 89' lang='lat' dir='ltr'><strong>penitus</strong></span> <span class='ocrx_word' id='word_1_69' title='bbox 1460 810 1660 881; x_wconf 76' lang='lat' dir='ltr'><strong>desperemus,</strong></span> <span class='ocrx_word' id='word_1_70' title='bbox 1677 810 1727 866; x_wconf 91' lang='lat' dir='ltr'><strong>sed</strong></span> <span class='ocrx_word' id='word_1_71' title='bbox 1739 827 1803 882; x_wconf 88' lang='lat' dir='ltr'><strong>pro-</strong></span> 
     </span>
     <span class='ocr_line' id='line_1_6' title="bbox 95 897 1802 972; baseline 0.001 -19"><span class='ocrx_word' id='word_1_72' title='bbox 95 897 291 965; x_wconf 85' lang='lat' dir='ltr'><strong>menus,nihil</strong></span> <span class='ocrx_word' id='word_1_73' title='bbox 303 899 370 953; x_wconf 87' lang='lat' dir='ltr'><strong>fidei</strong></span> <span class='ocrx_word' id='word_1_74' title='bbox 383 904 488 954; x_wconf 82' lang='lat' dir='ltr'><strong>nostrae</strong></span> <span class='ocrx_word' id='word_1_75' title='bbox 500 915 603 955; x_wconf 83' lang='lat' dir='ltr'><strong>nocere</strong></span> <span class='ocrx_word' id='word_1_76' title='bbox 615 899 856 955; x_wconf 81' lang='lat' dir='ltr'><strong>monstrabimus.</strong></span> <span class='ocrx_word' id='word_1_77' title='bbox 870 899 923 954; x_wconf 77' lang='lat' dir='ltr'><strong>Sed</strong></span> <span class='ocrx_word' id='word_1_78' title='bbox 978 915 1116 954; x_wconf 88' lang='lat' dir='ltr'><strong>vocemus</strong></span> <span class='ocrx_word' id='word_1_79' title='bbox 1131 899 1166 954; x_wconf 90' lang='lat' dir='ltr'><strong>ad</strong></span> <span class='ocrx_word' id='word_1_80' title='bbox 1181 898 1400 972; x_wconf 77' lang='lat' dir='ltr'><strong>poeniteutiam:</strong></span> <span class='ocrx_word' id='word_1_81' title='bbox 1426 897 1580 954; x_wconf 86' lang='lat' dir='ltr'><strong>etillorum</strong></span> <span class='ocrx_word' id='word_1_82' title='bbox 1597 898 1721 955; x_wconf 87' lang='lat' dir='ltr'><strong>salutem</strong></span> <span class='ocrx_word' id='word_1_83' title='bbox 1737 915 1802 971; x_wconf 81' lang='lat' dir='ltr'><strong>ger-</strong></span> 
     </span>
     <span class='ocr_line' id='line_1_7' title="bbox 96 986 1410 1060; baseline -0.001 -19"><span class='ocrx_word' id='word_1_84' title='bbox 96 991 253 1059; x_wconf 88' lang='lat' dir='ltr'><strong>postquam</strong></span> <span class='ocrx_word' id='word_1_85' title='bbox 266 986 352 1041; x_wconf 88' lang='lat' dir='ltr'><strong>luerit</strong></span> <span class='ocrx_word' id='word_1_86' title='bbox 361 987 636 1054; x_wconf 81' lang='lat' dir='ltr'><strong>numerushliorum</strong></span> <span class='ocrx_word' id='word_1_87' title='bbox 647 987 826 1060; x_wconf 88' lang='lat' dir='ltr'><strong>israelquesi</strong></span> <span class='ocrx_word' id='word_1_88' title='bbox 837 1003 925 1042; x_wconf 90' lang='lat' dir='ltr'><strong>arena</strong></span> <span class='ocrx_word' id='word_1_89' title='bbox 979 987 1130 1044; x_wconf 80' lang='lat' dir='ltr'><strong>munitatis</strong></span> <span class='ocrx_word' id='word_1_90' title='bbox 1144 992 1280 1060; x_wconf 90' lang='lat' dir='ltr'><strong>optemus</strong></span> <span class='ocrx_word' id='word_1_91' title='bbox 1296 988 1410 1042; x_wconf 81' lang='lat' dir='ltr'><strong>ellectu.</strong></span> 
     </span>
     <span class='ocr_line' id='line_1_8' title="bbox 96 1074 1802 1149; baseline 0.001 -19"><span class='ocrx_word' id='word_1_92' title='bbox 96 1075 189 1130; x_wconf 86' lang='lat' dir='ltr'><strong>maris</strong></span> <span class='ocrx_word' id='word_1_93' title='bbox 201 1074 230 1130; x_wconf 90' lang='lat' dir='ltr'><strong>in</strong></span> <span class='ocrx_word' id='word_1_94' title='bbox 241 1080 297 1130; x_wconf 85' lang='lat' dir='ltr'><strong>coto</strong></span> <span class='ocrx_word' id='word_1_95' title='bbox 314 1076 555 1149; x_wconf 78' lang='lat' dir='ltr'><strong>orbedispersuS,</strong></span> <span class='ocrx_word' id='word_1_96' title='bbox 572 1081 601 1132; x_wconf 90' lang='lat' dir='ltr'><strong>ct</strong></span> <span class='ocrx_word' id='word_1_97' title='bbox 613 1094 729 1132; x_wconf 82' lang='lat' dir='ltr'><strong>ornnem</strong></span> <span class='ocrx_word' id='word_1_98' title='bbox 742 1075 924 1148; x_wconf 88' lang='lat' dir='ltr'><strong>supputatio·</strong></span> <span class='ocrx_word' id='word_1_99' title='bbox 1015 1077 1107 1149; x_wconf 91' lang='lat' dir='ltr'><strong>(Vers.</strong></span> <span class='ocrx_word' id='word_1_100' title='bbox 1124 1081 1150 1144; x_wconf 87' lang='lat'><strong>2,</strong></span> <span class='ocrx_word' id='word_1_101' title='bbox 1172 1077 1212 1148; x_wconf 89' lang='lat'><strong>3.)</strong></span> <span class='ocrx_word' id='word_1_102' title='bbox 1234 1076 1358 1133; x_wconf 77' lang='lat' dir='ltr'><strong>Iudicate</strong></span> <span class='ocrx_word' id='word_1_103' title='bbox 1378 1079 1496 1132; x_wconf 84' lang='lat' dir='ltr'><strong>ruutreru</strong></span> <span class='ocrx_word' id='word_1_104' title='bbox 1519 1080 1647 1144; x_wconf 87' lang='lat' dir='ltr'><strong>uestrum,</strong></span> <span class='ocrx_word' id='word_1_105' title='bbox 1669 1076 1802 1148; x_wconf 84' lang='lat' dir='ltr'><strong>judicate,</strong></span> 
     </span>
     <span class='ocr_line' id='line_1_9' title="bbox 95 1163 1804 1238; baseline -0.001 -18"><span class='ocrx_word' id='word_1_106' title='bbox 95 1181 163 1220; x_wconf 86' lang='lat' dir='ltr'><strong>uem</strong></span> <span class='ocrx_word' id='word_1_107' title='bbox 174 1163 383 1237; x_wconf 89' lang='lat' dir='ltr'><strong>viceritpopuli</strong></span> <span class='ocrx_word' id='word_1_108' title='bbox 394 1165 634 1231; x_wconf 82' lang='lat' dir='ltr'><strong>multitud0,tunc</strong></span> <span class='ocrx_word' id='word_1_109' title='bbox 647 1165 766 1221; x_wconf 89' lang='lat' dir='ltr'><strong>hebebit</strong></span> <span class='ocrx_word' id='word_1_110' title='bbox 776 1164 924 1220; x_wconf 89' lang='lat' dir='ltr'><strong>licentiam</strong></span> <span class='ocrx_word' id='word_1_111' title='bbox 978 1169 1109 1238; x_wconf 82' lang='lat' dir='ltr'><strong>quonium</strong></span> <span class='ocrx_word' id='word_1_112' title='bbox 1133 1167 1192 1237; x_wconf 86' lang='lat' dir='ltr'><strong>ipsc</strong></span> <span class='ocrx_word' id='word_1_113' title='bbox 1210 1182 1266 1221; x_wconf 79' lang='lat' dir='ltr'><strong>riou</strong></span> <span class='ocrx_word' id='word_1_114' title='bbox 1286 1181 1436 1236; x_wconf 73' lang='lat' dir='ltr'><strong>uxorium,</strong></span> <span class='ocrx_word' id='word_1_115' title='bbox 1452 1174 1534 1236; x_wconf 80' lang='lat' dir='ltr'><strong>eteqo</strong></span> <span class='ocrx_word' id='word_1_116' title='bbox 1544 1183 1600 1221; x_wconf 86' lang='lat' dir='ltr'><strong>uon</strong></span> <span class='ocrx_word' id='word_1_117' title='bbox 1610 1166 1720 1238; x_wconf 79' lang='lat' dir='ltr'><strong>uirejus</strong></span> <span class='ocrx_word' id='word_1_118' title='bbox 1731 1183 1740 1219; x_wconf 91' lang='lat'><em>:</em></span> <span class='ocrx_word' id='word_1_119' title='bbox 1751 1183 1804 1220; x_wconf 91' lang='lat' dir='ltr'><strong>ou·</strong></span> 
     </span>
     <span class='ocr_line' id='line_1_10' title="bbox 96 1251 1804 1326; baseline 0.001 -18"><span class='ocrx_word' id='word_1_120' title='bbox 96 1251 200 1318; x_wconf 87' lang='lat' dir='ltr'><strong>lsrael,</strong></span> <span class='ocrx_word' id='word_1_121' title='bbox 217 1253 268 1324; x_wconf 93' lang='lat' dir='ltr'><strong>qui</strong></span> <span class='ocrx_word' id='word_1_122' title='bbox 290 1253 375 1309; x_wconf 94' lang='lat' dir='ltr'><strong>hodic</strong></span> <span class='ocrx_word' id='word_1_123' title='bbox 398 1271 513 1325; x_wconf 91' lang='lat' dir='ltr'><strong>quoque</strong></span> <span class='ocrx_word' id='word_1_124' title='bbox 534 1255 665 1326; x_wconf 87' lang='lat' dir='ltr'><strong>captivus</strong></span> <span class='ocrx_word' id='word_1_125' title='bbox 678 1258 761 1319; x_wconf 86' lang='lat' dir='ltr'><strong>cst‚et</strong></span> <span class='ocrx_word' id='word_1_126' title='bbox 778 1253 827 1326; x_wconf 92' lang='lat' dir='ltr'><strong>qui</strong></span> <span class='ocrx_word' id='word_1_127' title='bbox 843 1253 924 1325; x_wconf 90' lang='lat' dir='ltr'><strong>prius</strong></span> <span class='ocrx_word' id='word_1_128' title='bbox 977 1257 1049 1325; x_wconf 70' lang='lat' dir='ltr'><strong>[eret</strong></span> <span class='ocrx_word' id='word_1_129' title='bbox 1071 1257 1267 1326; x_wconf 76' lang='lat' dir='ltr'><strong>formicationes</strong></span> <span class='ocrx_word' id='word_1_130' title='bbox 1290 1270 1353 1309; x_wconf 88' lang='lat' dir='ltr'><strong>suos</strong></span> <span class='ocrx_word' id='word_1_131' title='bbox 1376 1271 1392 1309; x_wconf 87' lang='lat' dir='ltr'><strong>c</strong></span> <span class='ocrx_word' id='word_1_132' title='bbox 1402 1253 1546 1324; x_wconf 81' lang='lat' dir='ltr'><strong>sacicsuc,</strong></span> <span class='ocrx_word' id='word_1_133' title='bbox 1562 1262 1588 1310; x_wconf 86' lang='lat' dir='ltr'><strong>et</strong></span> <span class='ocrx_word' id='word_1_134' title='bbox 1600 1254 1741 1310; x_wconf 86' lang='lat' dir='ltr'><strong>adulterio</strong></span> <span class='ocrx_word' id='word_1_135' title='bbox 1754 1271 1804 1310; x_wconf 89' lang='lat' dir='ltr'><strong>suu</strong></span> 
     </span>
     <span class='ocr_line' id='line_1_11' title="bbox 93 1340 1804 1415; baseline 0.002 -20"><span class='ocrx_word' id='word_1_136' title='bbox 93 1340 251 1396; x_wconf 82' lang='lat' dir='ltr'><strong>dicebatur</strong></span> <span class='ocrx_word' id='word_1_137' title='bbox 281 1342 392 1413; x_wconf 88' lang='lat' dir='ltr'><strong>absque</strong></span> <span class='ocrx_word' id='word_1_138' title='bbox 419 1343 631 1407; x_wconf 81' lang='lat' dir='ltr'><strong>misericordia,</strong></span> <span class='ocrx_word' id='word_1_139' title='bbox 655 1348 683 1398; x_wconf 90' lang='lat' dir='ltr'><strong>et</strong></span> <span class='ocrx_word' id='word_1_140' title='bbox 706 1360 764 1398; x_wconf 88' lang='lat' dir='ltr'><strong>nou</strong></span> <span class='ocrx_word' id='word_1_141' title='bbox 798 1340 924 1414; x_wconf 89' lang='lat' dir='ltr'><strong>populus</strong></span> <span class='ocrx_word' id='word_1_142' title='bbox 978 1343 1011 1400; x_wconf 87' lang='lat' dir='ltr'><strong>de</strong></span> <span class='ocrx_word' id='word_1_143' title='bbox 1024 1344 1112 1399; x_wconf 71' lang='lat' dir='ltr'><strong>lucedio</strong></span> <span class='ocrx_word' id='word_1_144' title='bbox 1126 1342 1425 1400; x_wconf 76' lang='lat' dir='ltr'><strong>rehcrurusuorumsuc</strong></span> <span class='ocrx_word' id='word_1_145' title='bbox 1438 1345 1804 1415; x_wconf 70' lang='lat' dir='ltr'><strong>fortceuspotiemeumnu-</strong></span> 
     </span>
     <span class='ocr_line' id='line_1_12' title="bbox 96 1431 1802 1503; baseline 0.002 -19"><span class='ocrx_word' id='word_1_146' title='bbox 96 1445 193 1494; x_wconf 79' lang='lat' dir='ltr'><strong>moue,</strong></span> <span class='ocrx_word' id='word_1_147' title='bbox 211 1447 278 1484; x_wconf 91' lang='lat' dir='ltr'><strong>cum</strong></span> <span class='ocrx_word' id='word_1_148' title='bbox 290 1431 406 1486; x_wconf 85' lang='lat' dir='ltr'><strong>duabus</strong></span> <span class='ocrx_word' id='word_1_149' title='bbox 420 1432 565 1499; x_wconf 85' lang='lat' dir='ltr'><strong>tribubus,</strong></span> <span class='ocrx_word' id='word_1_150' title='bbox 582 1432 673 1503; x_wconf 89' lang='lat' dir='ltr'><strong>idest,</strong></span> <span class='ocrx_word' id='word_1_151' title='bbox 689 1431 765 1487; x_wconf 87' lang='lat' dir='ltr'><strong>Juda</strong></span> <span class='ocrx_word' id='word_1_152' title='bbox 780 1435 808 1487; x_wconf 90' lang='lat' dir='ltr'><strong>ct</strong></span> <span class='ocrx_word' id='word_1_153' title='bbox 822 1431 923 1501; x_wconf 85' lang='lat' dir='ltr'><strong>henje·</strong></span> <span class='ocrx_word' id='word_1_154' title='bbox 977 1432 1052 1499; x_wconf 84' lang='lat' dir='ltr'><strong>dom,</strong></span> <span class='ocrx_word' id='word_1_155' title='bbox 1068 1438 1093 1489; x_wconf 89' lang='lat' dir='ltr'><strong>et</strong></span> <span class='ocrx_word' id='word_1_156' title='bbox 1107 1435 1298 1489; x_wconf 82' lang='lat' dir='ltr'><strong>stutuomeom</strong></span> <span class='ocrx_word' id='word_1_157' title='bbox 1319 1432 1468 1488; x_wconf 83' lang='lat' dir='ltr'><strong>secuudum</strong></span> <span class='ocrx_word' id='word_1_158' title='bbox 1481 1433 1553 1488; x_wconf 84' lang='lat' dir='ltr'><strong>diem</strong></span> <span class='ocrx_word' id='word_1_159' title='bbox 1568 1434 1722 1489; x_wconf 77' lang='lat' dir='ltr'><strong>natiuitatis</strong></span> <span class='ocrx_word' id='word_1_160' title='bbox 1732 1448 1802 1491; x_wconf 68' lang='lat' dir='ltr'><strong>sue.</strong></span> 
     </span>
     <span class='ocr_line' id='line_1_13' title="bbox 95 1518 1804 1595; baseline 0.004 -23"><span class='ocrx_word' id='word_1_161' title='bbox 95 1518 924 1593; x_wconf 86' lang='lat' dir='ltr'><strong>min‚quarummagnapursinChristumoredidit‚inire</strong></span> <span class='ocrx_word' id='word_1_162' title='bbox 978 1523 1075 1578; x_wconf 86' lang='lat' dir='ltr'><strong>LXX:</strong></span> <span class='ocrx_word' id='word_1_163' title='bbox 1097 1523 1270 1579; x_wconf 77' lang='lat' dir='ltr'><strong>iudiccmiui</strong></span> <span class='ocrx_word' id='word_1_164' title='bbox 1299 1539 1361 1577; x_wconf 81' lang='lat' dir='ltr'><strong>curu</strong></span> <span class='ocrx_word' id='word_1_165' title='bbox 1383 1525 1474 1577; x_wconf 82' lang='lat' dir='ltr'><strong>matre</strong></span> <span class='ocrx_word' id='word_1_166' title='bbox 1499 1526 1597 1593; x_wconf 83' lang='lat' dir='ltr'><strong>uestro,</strong></span> <span class='ocrx_word' id='word_1_167' title='bbox 1624 1522 1804 1595; x_wconf 79' lang='lat' dir='ltr'><strong>judicamini,</strong></span> 
     </span>
     <span class='ocr_line' id='line_1_14' title="bbox 95 1607 1805 1684; baseline 0.002 -21"><span class='ocrx_word' id='word_1_168' title='bbox 95 1607 332 1675; x_wconf 72' lang='lat' dir='ltr'><strong>concordemus</strong></span> <span class='ocrx_word' id='word_1_169' title='bbox 342 1609 514 1680; x_wconf 89' lang='lat' dir='ltr'><strong>corporibus</strong></span> <span class='ocrx_word' id='word_1_170' title='bbox 530 1614 678 1682; x_wconf 88' lang='lat' dir='ltr'><strong>separatos</strong></span> <span class='ocrx_word' id='word_1_171' title='bbox 686 1611 792 1682; x_wconf 85' lang='lat' dir='ltr'><strong>jungat</strong></span> <span class='ocrx_word' id='word_1_172' title='bbox 803 1609 885 1675; x_wconf 84' lang='lat' dir='ltr'><strong>fides,</strong></span> <span class='ocrx_word' id='word_1_173' title='bbox 897 1611 925 1662; x_wconf 90' lang='grc' dir='ltr'><strong>ει</strong></span> <span class='ocrx_word' id='word_1_174' title='bbox 978 1613 1043 1684; x_wconf 86' lang='lat' dir='ltr'><strong>quic</strong></span> <span class='ocrx_word' id='word_1_175' title='bbox 1059 1611 1119 1668; x_wconf 77' lang='lat' dir='ltr'><strong>hec</strong></span> <span class='ocrx_word' id='word_1_176' title='bbox 1133 1628 1186 1667; x_wconf 87' lang='lat' dir='ltr'><strong>uou</strong></span> <span class='ocrx_word' id='word_1_177' title='bbox 1196 1626 1268 1666; x_wconf 86' lang='lat' dir='ltr'><strong>uuor</strong></span> <span class='ocrx_word' id='word_1_178' title='bbox 1276 1619 1376 1678; x_wconf 67' lang='lat' dir='ltr'><strong>memet</strong></span> <span class='ocrx_word' id='word_1_179' title='bbox 1386 1627 1433 1682; x_wconf 81' lang='lat' dir='ltr'><strong>epo</strong></span> <span class='ocrx_word' id='word_1_180' title='bbox 1443 1627 1498 1666; x_wconf 78' lang='lat' dir='ltr'><strong>uoci</strong></span> <span class='ocrx_word' id='word_1_181' title='bbox 1509 1613 1553 1667; x_wconf 86' lang='lat' dir='ltr'><strong>uir</strong></span> <span class='ocrx_word' id='word_1_182' title='bbox 1561 1612 1629 1683; x_wconf 80' lang='lat' dir='ltr'><strong>ejus,</strong></span> <span class='ocrx_word' id='word_1_183' title='bbox 1643 1616 1667 1666; x_wconf 90' lang='lat' dir='ltr'><strong>et</strong></span> <span class='ocrx_word' id='word_1_184' title='bbox 1679 1614 1805 1684; x_wconf 74' lang='lat' dir='ltr'><strong>auferam</strong></span> 
     </span>
     <span class='ocr_line' id='line_1_15' title="bbox 95 1695 1804 1774; baseline 0.002 -22"><span class='ocrx_word' id='word_1_185' title='bbox 95 1712 191 1752; x_wconf 90' lang='lat' dir='ltr'><strong>uuum</strong></span> <span class='ocrx_word' id='word_1_186' title='bbox 208 1696 263 1751; x_wconf 92' lang='lat' dir='ltr'><strong>sibi</strong></span> <span class='ocrx_word' id='word_1_187' title='bbox 278 1702 366 1769; x_wconf 90' lang='lat' dir='ltr'><strong>caput</strong></span> <span class='ocrx_word' id='word_1_188' title='bbox 381 1703 490 1770; x_wconf 87' lang='lat' dir='ltr'><strong>ponant</strong></span> <span class='ocrx_word' id='word_1_189' title='bbox 504 1703 533 1754; x_wconf 91' lang='grc' dir='ltr'><strong>ει</strong></span> <span class='ocrx_word' id='word_1_190' title='bbox 550 1698 764 1771; x_wconf 89' lang='lat' dir='ltr'><strong>principem,de</strong></span> <span class='ocrx_word' id='word_1_191' title='bbox 780 1714 837 1770; x_wconf 90' lang='lat' dir='ltr'><strong>quo</strong></span> <span class='ocrx_word' id='word_1_192' title='bbox 852 1695 923 1752; x_wconf 86' lang='lat' dir='ltr'><strong>scri·</strong></span> <span class='ocrx_word' id='word_1_193' title='bbox 976 1701 1188 1769; x_wconf 72' lang='lat' dir='ltr'><strong>fornicationem</strong></span> <span class='ocrx_word' id='word_1_194' title='bbox 1198 1702 1283 1772; x_wconf 80' lang='lat' dir='ltr'><strong>cjiuc</strong></span> <span class='ocrx_word' id='word_1_195' title='bbox 1298 1700 1372 1774; x_wconf 81' lang='lat' dir='ltr'><strong>secie</strong></span> <span class='ocrx_word' id='word_1_196' title='bbox 1382 1703 1480 1768; x_wconf 67' lang='lat' dir='ltr'><strong>meoet</strong></span> <span class='ocrx_word' id='word_1_197' title='bbox 1489 1701 1626 1756; x_wconf 80' lang='lat' dir='ltr'><strong>adulterio</strong></span> <span class='ocrx_word' id='word_1_198' title='bbox 1637 1701 1804 1773; x_wconf 80' lang='lat' dir='ltr'><strong>ejsudemc·</strong></span> 
     </span>
     <span class='ocr_line' id='line_1_16' title="bbox 94 1785 1803 1861; baseline 0.002 -21"><span class='ocrx_word' id='word_1_199' title='bbox 94 1785 156 1858; x_wconf 90' lang='lat' dir='ltr'><strong>psit</strong></span> <span class='ocrx_word' id='word_1_200' title='bbox 166 1785 299 1841; x_wconf 83' lang='lat' dir='ltr'><strong>Ezechiel</strong></span> <span class='ocrx_word' id='word_1_201' title='bbox 312 1803 318 1840; x_wconf 91' lang='lat'>:</span> <span class='ocrx_word' id='word_1_202' title='bbox 332 1791 366 1842; x_wconf 80' lang='lat' dir='ltr'><strong>Et</strong></span> <span class='ocrx_word' id='word_1_203' title='bbox 376 1789 507 1859; x_wconf 85' lang='lat' dir='ltr'><strong>princeps</strong></span> <span class='ocrx_word' id='word_1_204' title='bbox 522 1805 594 1844; x_wconf 79' lang='lat' dir='ltr'><strong>riuus</strong></span> <span class='ocrx_word' id='word_1_205' title='bbox 607 1791 637 1842; x_wconf 90' lang='lat' dir='ltr'><strong>iu</strong></span> <span class='ocrx_word' id='word_1_206' title='bbox 647 1788 736 1844; x_wconf 81' lang='lat' dir='ltr'><strong>uredio</strong></span> <span class='ocrx_word' id='word_1_207' title='bbox 751 1804 856 1854; x_wconf 87' lang='lat' dir='ltr'><strong>eorum,</strong></span> <span class='ocrx_word' id='word_1_208' title='bbox 871 1788 924 1841; x_wconf 87' lang='lat' dir='ltr'><strong>Do·</strong></span> <span class='ocrx_word' id='word_1_209' title='bbox 978 1788 1023 1845; x_wconf 88' lang='lat' dir='ltr'><strong>dio</strong></span> <span class='ocrx_word' id='word_1_210' title='bbox 1034 1789 1148 1845; x_wconf 84' lang='lat' dir='ltr'><strong>uberum</strong></span> <span class='ocrx_word' id='word_1_211' title='bbox 1161 1790 1258 1844; x_wconf 89' lang='lat' dir='ltr'><strong>illius:</strong></span> <span class='ocrx_word' id='word_1_212' title='bbox 1273 1792 1304 1844; x_wconf 91' lang='lat' dir='ltr'><strong>ut</strong></span> <span class='ocrx_word' id='word_1_213' title='bbox 1314 1789 1463 1861; x_wconf 78' lang='lat' dir='ltr'><strong>exspoliem</strong></span> <span class='ocrx_word' id='word_1_214' title='bbox 1477 1805 1538 1844; x_wconf 85' lang='lat' dir='ltr'><strong>eom</strong></span> <span class='ocrx_word' id='word_1_215' title='bbox 1559 1789 1671 1853; x_wconf 83' lang='lat' dir='ltr'><strong>nudem,</strong></span> <span class='ocrx_word' id='word_1_216' title='bbox 1687 1790 1803 1846; x_wconf 82' lang='lat' dir='ltr'><strong>etresti·</strong></span> 
     </span>
     <span class='ocr_line' id='line_1_17' title="bbox 93 1875 1804 1974; baseline 0.002 -45"><span class='ocrx_word' id='word_1_217' title='bbox 93 1875 143 1930; x_wconf 84' lang='lat' dir='ltr'><strong>vid</strong></span> <span class='ocrx_word' id='word_1_218' title='bbox 157 1891 253 1930; x_wconf 85' lang='lat' dir='ltr'><strong>seruus</strong></span> <span class='ocrx_word' id='word_1_219' title='bbox 269 1892 353 1946; x_wconf 85' lang='lat' dir='ltr'><strong>meus,</strong></span> <span class='ocrx_word' id='word_1_220' title='bbox 375 1880 401 1930; x_wconf 90' lang='lat' dir='ltr'><strong>et</strong></span> <span class='ocrx_word' id='word_1_221' title='bbox 426 1879 662 1932; x_wconf 79' lang='lat' dir='ltr'><strong>resuscitabuntur</strong></span> <span class='ocrx_word' id='word_1_222' title='bbox 676 1879 754 1950; x_wconf 87' lang='lat' dir='ltr'><strong>quusi</strong></span> <span class='ocrx_word' id='word_1_223' title='bbox 776 1877 809 1932; x_wconf 85' lang='lat' dir='ltr'><strong>uh</strong></span> <span class='ocrx_word' id='word_1_224' title='bbox 826 1876 925 1946; x_wconf 71' lang='lat' dir='ltr'><strong>interis</strong></span> <span class='ocrx_word' id='word_1_225' title='bbox 940 1909 965 1974; x_wconf 74' lang='lat' dir='ltr'>B</span> <span class='ocrx_word' id='word_1_226' title='bbox 979 1881 1060 1933; x_wconf 86' lang='lat' dir='ltr'><strong>tuom</strong></span> <span class='ocrx_word' id='word_1_227' title='bbox 1074 1894 1135 1933; x_wconf 88' lang='lat' dir='ltr'><strong>cem</strong></span> <span class='ocrx_word' id='word_1_228' title='bbox 1148 1879 1231 1950; x_wconf 78' lang='lat' dir='ltr'><strong>justu</strong></span> <span class='ocrx_word' id='word_1_229' title='bbox 1245 1877 1318 1933; x_wconf 87' lang='lat' dir='ltr'><strong>diem</strong></span> <span class='ocrx_word' id='word_1_230' title='bbox 1340 1878 1495 1933; x_wconf 78' lang='lat' dir='ltr'><strong>natiuitatis</strong></span> <span class='ocrx_word' id='word_1_231' title='bbox 1517 1895 1582 1933; x_wconf 83' lang='lat' dir='ltr'><strong>suae.</strong></span> <span class='ocrx_word' id='word_1_232' title='bbox 1598 1877 1755 1950; x_wconf 87' lang='lat' dir='ltr'><strong>Hucusque</strong></span> <span class='ocrx_word' id='word_1_233' title='bbox 1768 1878 1804 1933; x_wconf 89' lang='lat' dir='ltr'><strong>ad</strong></span> 
     </span>
     <span class='ocr_line' id='line_1_18' title="bbox 93 1963 1805 2038; baseline 0.002 -21"><span class='ocrx_word' id='word_1_234' title='bbox 93 1965 201 2018; x_wconf 85' lang='lat' dir='ltr'><strong>mortui</strong></span> <span class='ocrx_word' id='word_1_235' title='bbox 215 1963 321 2035; x_wconf 77' lang='lat' dir='ltr'><strong>(doech.</strong></span> <span class='ocrx_word' id='word_1_236' title='bbox 335 1982 431 2033; x_wconf 78' lang='lat' dir='ltr'><strong>xxxiv,</strong></span> <span class='ocrx_word' id='word_1_237' title='bbox 448 1966 504 2033; x_wconf 72' lang='lat'><strong>24),</strong></span> <span class='ocrx_word' id='word_1_238' title='bbox 519 1967 594 2022; x_wconf 83' lang='lat' dir='ltr'><strong>luda</strong></span> <span class='ocrx_word' id='word_1_239' title='bbox 609 1965 719 2022; x_wconf 85' lang='lat' dir='ltr'><strong>scilicet</strong></span> <span class='ocrx_word' id='word_1_240' title='bbox 731 1970 760 2022; x_wconf 88' lang='lat' dir='ltr'><strong>ot</strong></span> <span class='ocrx_word' id='word_1_241' title='bbox 775 1965 863 2021; x_wconf 88' lang='lat' dir='ltr'><strong>lsrael</strong></span> <span class='ocrx_word' id='word_1_242' title='bbox 875 1964 924 2036; x_wconf 91' lang='lat' dir='ltr'><strong>qui</strong></span> <span class='ocrx_word' id='word_1_243' title='bbox 980 1965 1068 2022; x_wconf 89' lang='lat' dir='ltr'><strong>lsrael</strong></span> <span class='ocrx_word' id='word_1_244' title='bbox 1084 1965 1237 2038; x_wconf 86' lang='lat' dir='ltr'><strong>populum,</strong></span> <span class='ocrx_word' id='word_1_245' title='bbox 1263 1965 1318 2021; x_wconf 92' lang='lat' dir='ltr'><strong>hoc</strong></span> <span class='ocrx_word' id='word_1_246' title='bbox 1346 1972 1400 2036; x_wconf 84' lang='lat' dir='ltr'><strong>est,</strong></span> <span class='ocrx_word' id='word_1_247' title='bbox 1424 1966 1524 2021; x_wconf 90' lang='lat' dir='ltr'><strong>decem</strong></span> <span class='ocrx_word' id='word_1_248' title='bbox 1539 1965 1633 2021; x_wconf 88' lang='lat' dir='ltr'><strong>tribus</strong></span> <span class='ocrx_word' id='word_1_249' title='bbox 1649 1982 1746 2022; x_wconf 89' lang='lat' dir='ltr'><strong>sermo</strong></span> <span class='ocrx_word' id='word_1_250' title='bbox 1761 1965 1805 2021; x_wconf 93' lang='lat' dir='ltr'><strong>di-</strong></span> 
     </span>
     <span class='ocr_line' id='line_1_19' title="bbox 96 2051 1804 2128; baseline 0.002 -21"><span class='ocrx_word' id='word_1_251' title='bbox 96 2052 128 2107; x_wconf 93' lang='lat' dir='ltr'><strong>in</strong></span> <span class='ocrx_word' id='word_1_252' title='bbox 153 2051 325 2108; x_wconf 81' lang='lat' dir='ltr'><strong>infidelitate</strong></span> <span class='ocrx_word' id='word_1_253' title='bbox 349 2053 456 2109; x_wconf 86' lang='lat' dir='ltr'><strong>mortui</strong></span> <span class='ocrx_word' id='word_1_254' title='bbox 482 2057 574 2109; x_wconf 87' lang='lat' dir='ltr'><strong>erant.</strong></span> <span class='ocrx_word' id='word_1_255' title='bbox 591 2055 625 2109; x_wconf 78' lang='lat' dir='ltr'><strong>ut</strong></span> <span class='ocrx_word' id='word_1_256' title='bbox 649 2053 709 2110; x_wconf 82' lang='lat' dir='ltr'><strong>hec</strong></span> <span class='ocrx_word' id='word_1_257' title='bbox 729 2054 827 2110; x_wconf 90' lang='lat' dir='ltr'><strong>omnia</strong></span> <span class='ocrx_word' id='word_1_258' title='bbox 843 2055 923 2123; x_wconf 85' lang='lat' dir='ltr'><strong>fient,</strong></span> <span class='ocrx_word' id='word_1_259' title='bbox 979 2060 1076 2111; x_wconf 90' lang='lat' dir='ltr'><strong>rectus</strong></span> <span class='ocrx_word' id='word_1_260' title='bbox 1092 2060 1146 2110; x_wconf 92' lang='lat' dir='ltr'><strong>est.</strong></span> <span class='ocrx_word' id='word_1_261' title='bbox 1162 2055 1246 2112; x_wconf 92' lang='lat' dir='ltr'><strong>Nunc</strong></span> <span class='ocrx_word' id='word_1_262' title='bbox 1261 2054 1485 2127; x_wconf 88' lang='lat' dir='ltr'><strong>alterumcaput</strong></span> <span class='ocrx_word' id='word_1_263' title='bbox 1500 2054 1613 2128; x_wconf 87' lang='lat' dir='ltr'><strong>incipit,</strong></span> <span class='ocrx_word' id='word_1_264' title='bbox 1625 2058 1654 2111; x_wconf 90' lang='lat' dir='ltr'><strong>et</strong></span> <span class='ocrx_word' id='word_1_265' title='bbox 1674 2053 1804 2128; x_wconf 81' lang='lat' dir='ltr'><strong>precipi-</strong></span> 
     </span>
     <span class='ocr_line' id='line_1_20' title="bbox 98 2134 1804 2217; baseline 0.001 -21"><span class='ocrx_word' id='word_1_266' title='bbox 98 2139 168 2214; x_wconf 90' lang='lat' dir='ltr'><strong>quia</strong></span> <span class='ocrx_word' id='word_1_267' title='bbox 182 2157 308 2214; x_wconf 85' lang='lat' dir='ltr'><strong>mugnus</strong></span> <span class='ocrx_word' id='word_1_268' title='bbox 321 2147 365 2198; x_wconf 87' lang='lat' dir='ltr'><strong>est</strong></span> <span class='ocrx_word' id='word_1_269' title='bbox 376 2142 438 2198; x_wconf 91' lang='lat' dir='ltr'><strong>dies</strong></span> <span class='ocrx_word' id='word_1_270' title='bbox 450 2143 572 2199; x_wconf 89' lang='lat' dir='ltr'><strong>seminis</strong></span> <span class='ocrx_word' id='word_1_271' title='bbox 589 2142 704 2216; x_wconf 84' lang='lat' dir='ltr'><strong>ilci,qui</strong></span> <span class='ocrx_word' id='word_1_272' title='bbox 716 2145 925 2216; x_wconf 88' lang='lat' dir='ltr'><strong>interpretatur</strong></span> <span class='ocrx_word' id='word_1_273' title='bbox 978 2134 1027 2200; x_wconf 80' lang='lat' dir='ltr'><strong>tair</strong></span> <span class='ocrx_word' id='word_1_274' title='bbox 1042 2143 1121 2209; x_wconf 83' lang='lat' dir='ltr'><strong>filiis,</strong></span> <span class='ocrx_word' id='word_1_275' title='bbox 1138 2144 1236 2211; x_wconf 89' lang='lat' dir='ltr'><strong>idest,</strong></span> <span class='ocrx_word' id='word_1_276' title='bbox 1253 2143 1371 2217; x_wconf 91' lang='lat' dir='ltr'><strong>populo,</strong></span> <span class='ocrx_word' id='word_1_277' title='bbox 1388 2147 1421 2198; x_wconf 91' lang='lat' dir='ltr'><strong>ut</strong></span> <span class='ocrx_word' id='word_1_278' title='bbox 1431 2143 1531 2200; x_wconf 87' lang='lat' dir='ltr'><strong>ineant</strong></span> <span class='ocrx_word' id='word_1_279' title='bbox 1540 2143 1686 2215; x_wconf 79' lang='lat' dir='ltr'><strong>Judicium</strong></span> <span class='ocrx_word' id='word_1_280' title='bbox 1701 2145 1804 2200; x_wconf 87' lang='lat' dir='ltr'><strong>adver-</strong></span> 
     </span>
     <span class='ocr_line' id='line_1_21' title="bbox 99 2228 1805 2306; baseline 0.002 -22"><span class='ocrx_word' id='word_1_281' title='bbox 99 2228 233 2285; x_wconf 79' lang='lat' dir='ltr'><strong>Cbristus.</strong></span> <span class='ocrx_word' id='word_1_282' title='bbox 251 2235 291 2285; x_wconf 82' lang='lat' dir='ltr'><strong>Eu</strong></span> <span class='ocrx_word' id='word_1_283' title='bbox 312 2248 370 2302; x_wconf 92' lang='lat' dir='ltr'><strong>quo</strong></span> <span class='ocrx_word' id='word_1_284' title='bbox 390 2230 561 2304; x_wconf 87' lang='lat' dir='ltr'><strong>perpicuum</strong></span> <span class='ocrx_word' id='word_1_285' title='bbox 582 2237 636 2300; x_wconf 90' lang='lat' dir='ltr'><strong>est,</strong></span> <span class='ocrx_word' id='word_1_286' title='bbox 654 2232 719 2288; x_wconf 91' lang='lat' dir='ltr'><strong>ideo</strong></span> <span class='ocrx_word' id='word_1_287' title='bbox 739 2233 768 2287; x_wconf 90' lang='lat' dir='ltr'><strong>in</strong></span> <span class='ocrx_word' id='word_1_288' title='bbox 790 2233 924 2306; x_wconf 79' lang='lat' dir='ltr'><strong>typoNu-</strong></span> <span class='ocrx_word' id='word_1_289' title='bbox 979 2250 1046 2290; x_wconf 90' lang='lat' dir='ltr'><strong>sum</strong></span> <span class='ocrx_word' id='word_1_290' title='bbox 1064 2239 1185 2288; x_wconf 72' lang='lat' dir='ltr'><strong>metrum</strong></span> <span class='ocrx_word' id='word_1_291' title='bbox 1203 2250 1298 2304; x_wconf 88' lang='lat' dir='ltr'><strong>suam,</strong></span> <span class='ocrx_word' id='word_1_292' title='bbox 1316 2249 1378 2304; x_wconf 81' lang='lat' dir='ltr'><strong>que</strong></span> <span class='ocrx_word' id='word_1_293' title='bbox 1390 2249 1439 2288; x_wconf 90' lang='lat' dir='ltr'><strong>eos</strong></span> <span class='ocrx_word' id='word_1_294' title='bbox 1451 2231 1562 2305; x_wconf 85' lang='lat' dir='ltr'><strong>genuit,</strong></span> <span class='ocrx_word' id='word_1_295' title='bbox 1579 2249 1644 2305; x_wconf 84' lang='lat' dir='ltr'><strong>quae</strong></span> <span class='ocrx_word' id='word_1_296' title='bbox 1660 2233 1695 2288; x_wconf 92' lang='lat' dir='ltr'><strong>de</strong></span> <span class='ocrx_word' id='word_1_297' title='bbox 1710 2249 1805 2288; x_wconf 86' lang='lat' dir='ltr'><strong>mere·</strong></span> 
     </span>
     <span class='ocr_line' id='line_1_22' title="bbox 102 2317 1806 2394; baseline 0.002 -20"><span class='ocrx_word' id='word_1_298' title='bbox 102 2317 173 2374; x_wconf 89' lang='lat' dir='ltr'><strong>both</strong></span> <span class='ocrx_word' id='word_1_299' title='bbox 189 2320 242 2388; x_wconf 83' lang='lat' dir='ltr'><strong>[Al.</strong></span> <span class='ocrx_word' id='word_1_300' title='bbox 264 2320 412 2391; x_wconf 88' lang='lat' dir='ltr'><strong>Nabutha]</strong></span> <span class='ocrx_word' id='word_1_301' title='bbox 436 2320 596 2376; x_wconf 81' lang='lat' dir='ltr'><strong>iezraelitis</strong></span> <span class='ocrx_word' id='word_1_302' title='bbox 608 2321 782 2392; x_wconf 81' lang='lat' dir='ltr'><strong>sanguinem</strong></span> <span class='ocrx_word' id='word_1_303' title='bbox 807 2338 926 2394; x_wconf 78' lang='lat' dir='ltr'><strong>praeces-</strong></span> <span class='ocrx_word' id='word_1_304' title='bbox 978 2321 1050 2377; x_wconf 90' lang='lat' dir='ltr'><strong>trice</strong></span> <span class='ocrx_word' id='word_1_305' title='bbox 1071 2337 1145 2377; x_wconf 82' lang='lat' dir='ltr'><strong>uxor</strong></span> <span class='ocrx_word' id='word_1_306' title='bbox 1170 2321 1282 2392; x_wconf 79' lang='lat' dir='ltr'><strong>ellectu,</strong></span> <span class='ocrx_word' id='word_1_307' title='bbox 1300 2337 1396 2376; x_wconf 89' lang='lat' dir='ltr'><strong>mores</strong></span> <span class='ocrx_word' id='word_1_308' title='bbox 1412 2319 1551 2393; x_wconf 89' lang='lat' dir='ltr'><strong>pristinos</strong></span> <span class='ocrx_word' id='word_1_309' title='bbox 1563 2337 1622 2376; x_wconf 91' lang='lat' dir='ltr'><strong>nen</strong></span> <span class='ocrx_word' id='word_1_310' title='bbox 1633 2320 1761 2392; x_wconf 89' lang='lat' dir='ltr'><strong>reliquit,</strong></span> <span class='ocrx_word' id='word_1_311' title='bbox 1777 2325 1806 2377; x_wconf 90' lang='lat' dir='ltr'><strong>et</strong></span> 
     </span>
     <span class='ocr_line' id='line_1_23' title="bbox 95 2407 1805 2480; baseline 0.002 -17"><span class='ocrx_word' id='word_1_312' title='bbox 95 2407 332 2475; x_wconf 86' lang='lat' dir='ltr'><strong>sisss,utvcritas</strong></span> <span class='ocrx_word' id='word_1_313' title='bbox 343 2409 538 2480; x_wconf 87' lang='lat' dir='ltr'><strong>compleretur</strong></span> <span class='ocrx_word' id='word_1_314' title='bbox 552 2410 582 2464; x_wconf 90' lang='lat' dir='ltr'><strong>iu</strong></span> <span class='ocrx_word' id='word_1_315' title='bbox 594 2408 719 2465; x_wconf 87' lang='lat' dir='ltr'><strong>Christo.</strong></span> <span class='ocrx_word' id='word_1_316' title='bbox 737 2411 768 2466; x_wconf 92' lang='lat' dir='ltr'><strong>In</strong></span> <span class='ocrx_word' id='word_1_317' title='bbox 780 2410 834 2465; x_wconf 92' lang='lat' dir='ltr'><strong>hoc</strong></span> <span class='ocrx_word' id='word_1_318' title='bbox 845 2409 924 2465; x_wconf 90' lang='lat' dir='ltr'><strong>enim</strong></span> <span class='ocrx_word' id='word_1_319' title='bbox 979 2427 1097 2465; x_wconf 90' lang='lat' dir='ltr'><strong>rursum</strong></span> <span class='ocrx_word' id='word_1_320' title='bbox 1111 2409 1252 2465; x_wconf 84' lang='lat' dir='ltr'><strong>fornicata</strong></span> <span class='ocrx_word' id='word_1_321' title='bbox 1275 2413 1320 2465; x_wconf 88' lang='lat' dir='ltr'><strong>est</strong></span> <span class='ocrx_word' id='word_1_322' title='bbox 1330 2425 1397 2464; x_wconf 90' lang='lat' dir='ltr'><strong>cum</strong></span> <span class='ocrx_word' id='word_1_323' title='bbox 1409 2409 1590 2465; x_wconf 78' lang='lat' dir='ltr'><strong>amatoribus</strong></span> <span class='ocrx_word' id='word_1_324' title='bbox 1601 2408 1674 2465; x_wconf 89' lang='lat' dir='ltr'><strong>suis.</strong></span> <span class='ocrx_word' id='word_1_325' title='bbox 1691 2410 1726 2465; x_wconf 85' lang='lat' dir='ltr'><strong>ut</strong></span> <span class='ocrx_word' id='word_1_326' title='bbox 1740 2409 1805 2466; x_wconf 87' lang='lat' dir='ltr'><strong>vide</strong></span> 
     </span>
     <span class='ocr_line' id='line_1_24' title="bbox 97 2495 1805 2571; baseline 0 -19"><span class='ocrx_word' id='word_1_327' title='bbox 97 2500 126 2552; x_wconf 89' lang='lat' dir='ltr'><strong>et</strong></span> <span class='ocrx_word' id='word_1_328' title='bbox 137 2513 194 2551; x_wconf 90' lang='lat' dir='ltr'><strong>non</strong></span> <span class='ocrx_word' id='word_1_329' title='bbox 205 2497 234 2551; x_wconf 92' lang='lat' dir='ltr'><strong>in</strong></span> <span class='ocrx_word' id='word_1_330' title='bbox 243 2495 292 2553; x_wconf 93' lang='lat' dir='ltr'><strong>illo</strong></span> <span class='ocrx_word' id='word_1_331' title='bbox 304 2514 428 2570; x_wconf 82' lang='lat' dir='ltr'><strong>magnus</strong></span> <span class='ocrx_word' id='word_1_332' title='bbox 438 2503 483 2553; x_wconf 90' lang='lat' dir='ltr'><strong>est</strong></span> <span class='ocrx_word' id='word_1_333' title='bbox 491 2498 554 2553; x_wconf 88' lang='lat' dir='ltr'><strong>dies</strong></span> <span class='ocrx_word' id='word_1_334' title='bbox 563 2498 579 2553; x_wconf 87' lang='lat' dir='ltr'>J</span> <span class='ocrx_word' id='word_1_335' title='bbox 583 2498 685 2567; x_wconf 86' lang='lat' dir='ltr'><strong>ezrael,</strong></span> <span class='ocrx_word' id='word_1_336' title='bbox 698 2499 733 2555; x_wconf 86' lang='lat' dir='ltr'><strong>de</strong></span> <span class='ocrx_word' id='word_1_337' title='bbox 743 2497 922 2571; x_wconf 88' lang='lat' dir='ltr'><strong>quodicitur.</strong></span> <span class='ocrx_word' id='word_1_338' title='bbox 979 2498 1164 2555; x_wconf 87' lang='lat' dir='ltr'><strong>clementiam</strong></span> <span class='ocrx_word' id='word_1_339' title='bbox 1175 2497 1239 2553; x_wconf 86' lang='lat' dir='ltr'><strong>viri.</strong></span> <span class='ocrx_word' id='word_1_340' title='bbox 1249 2498 1315 2554; x_wconf 84' lang='lat' dir='ltr'><strong>Jarn</strong></span> <span class='ocrx_word' id='word_1_341' title='bbox 1327 2497 1479 2570; x_wconf 88' lang='lat' dir='ltr'><strong>repudiata</strong></span> <span class='ocrx_word' id='word_1_342' title='bbox 1490 2501 1544 2566; x_wconf 86' lang='lat' dir='ltr'><strong>est,</strong></span> <span class='ocrx_word' id='word_1_343' title='bbox 1556 2498 1618 2569; x_wconf 87' lang='lat' dir='ltr'><strong>jam</strong></span> <span class='ocrx_word' id='word_1_344' title='bbox 1632 2497 1805 2570; x_wconf 77' lang='lat' dir='ltr'><strong>ebJectaost,</strong></span> 
     </span>
     <span class='ocr_line' id='line_1_25' title="bbox 97 2586 1806 2659; baseline 0.001 -18"><span class='ocrx_word' id='word_1_345' title='bbox 97 2587 160 2641; x_wconf 74' lang='lat' dir='ltr'><strong>llaec</strong></span> <span class='ocrx_word' id='word_1_346' title='bbox 175 2590 212 2641; x_wconf 87' lang='lat' dir='ltr'><strong>cst</strong></span> <span class='ocrx_word' id='word_1_347' title='bbox 228 2586 290 2641; x_wconf 86' lang='lat' dir='ltr'><strong>dies</strong></span> <span class='ocrx_word' id='word_1_348' title='bbox 304 2604 386 2659; x_wconf 80' lang='lat' dir='ltr'><strong>quoru</strong></span> <span class='ocrx_word' id='word_1_349' title='bbox 400 2589 464 2658; x_wconf 77' lang='lat' dir='ltr'><strong>serit</strong></span> <span class='ocrx_word' id='word_1_350' title='bbox 480 2589 632 2643; x_wconf 79' lang='lat' dir='ltr'><strong>Dominus:</strong></span> <span class='ocrx_word' id='word_1_351' title='bbox 656 2589 823 2644; x_wconf 74' lang='lat' dir='ltr'><strong>exsultemus</strong></span> <span class='ocrx_word' id='word_1_352' title='bbox 837 2596 862 2644; x_wconf 88' lang='lat' dir='ltr'><strong>et</strong></span> <span class='ocrx_word' id='word_1_353' title='bbox 876 2589 925 2644; x_wconf 83' lang='lat' dir='ltr'><strong>lar.-</strong></span> <span class='ocrx_word' id='word_1_354' title='bbox 980 2589 1031 2643; x_wconf 77' lang='grc'><strong>14</strong></span> <span class='ocrx_word' id='word_1_355' title='bbox 1050 2588 1114 2658; x_wconf 88' lang='lat' dir='ltr'><strong>jam</strong></span> <span class='ocrx_word' id='word_1_356' title='bbox 1140 2588 1166 2642; x_wconf 89' lang='lat' dir='ltr'><strong>ei</strong></span> <span class='ocrx_word' id='word_1_357' title='bbox 1191 2587 1306 2642; x_wconf 82' lang='lat' dir='ltr'><strong>locutus</strong></span> <span class='ocrx_word' id='word_1_358' title='bbox 1322 2590 1385 2643; x_wconf 86' lang='lat' dir='ltr'><strong>ost:</strong></span> <span class='ocrx_word' id='word_1_359' title='bbox 1402 2588 1704 2658; x_wconf 66' lang='lat' dir='ltr'><strong>haereseorum,</strong></span> <span class='ocrx_word' id='word_1_360' title='bbox 1719 2589 1806 2658; x_wconf 79' lang='lat' dir='ltr'><strong>eteqo</strong></span> 
     </span>
     <span class='ocr_line' id='line_1_26' title="bbox 98 2674 1804 2749; baseline -0.001 -18"><span class='ocrx_word' id='word_1_361' title='bbox 98 2682 189 2731; x_wconf 82' lang='lat' dir='ltr'><strong>tesuur</strong></span> <span class='ocrx_word' id='word_1_362' title='bbox 204 2676 233 2729; x_wconf 89' lang='lat' dir='ltr'><strong>iu</strong></span> <span class='ocrx_word' id='word_1_363' title='bbox 248 2691 280 2730; x_wconf 88' lang='lat' dir='ltr'><strong>eu</strong></span> <span class='ocrx_word' id='word_1_364' title='bbox 295 2676 384 2747; x_wconf 81' lang='lat' dir='ltr'><strong>(Psoi.</strong></span> <span class='ocrx_word' id='word_1_365' title='bbox 400 2694 485 2746; x_wconf 84' lang='lat' dir='ltr'><strong>cxvn,</strong></span> <span class='ocrx_word' id='word_1_366' title='bbox 500 2677 556 2749; x_wconf 79' lang='lat' dir='ltr'><strong>sl).</strong></span> <span class='ocrx_word' id='word_1_367' title='bbox 574 2677 823 2749; x_wconf 86' lang='lat' dir='ltr'><strong>Interpretatienis</strong></span> <span class='ocrx_word' id='word_1_368' title='bbox 834 2677 925 2732; x_wconf 80' lang='lat' dir='ltr'><strong>tertie</strong></span> <span class='ocrx_word' id='word_1_369' title='bbox 980 2679 1089 2733; x_wconf 85' lang='lat' dir='ltr'><strong>uouuir</strong></span> <span class='ocrx_word' id='word_1_370' title='bbox 1103 2678 1182 2749; x_wconf 86' lang='lat' dir='ltr'><strong>ejus:</strong></span> <span class='ocrx_word' id='word_1_371' title='bbox 1197 2679 1296 2730; x_wconf 90' lang='lat' dir='ltr'><strong>tamen</strong></span> <span class='ocrx_word' id='word_1_372' title='bbox 1323 2675 1452 2748; x_wconf 79' lang='lat' dir='ltr'><strong>precipit</strong></span> <span class='ocrx_word' id='word_1_373' title='bbox 1467 2674 1545 2742; x_wconf 85' lang='lat' dir='ltr'><strong>filiis,</strong></span> <span class='ocrx_word' id='word_1_374' title='bbox 1562 2679 1595 2731; x_wconf 90' lang='lat' dir='ltr'><strong>ut</strong></span> <span class='ocrx_word' id='word_1_375' title='bbox 1618 2692 1804 2748; x_wconf 88' lang='lat' dir='ltr'><strong>nequaquam</strong></span> 
     </span>
     <span class='ocr_line' id='line_1_27' title="bbox 97 2763 1805 2838; baseline 0.002 -20"><span class='ocrx_word' id='word_1_376' title='bbox 97 2779 188 2836; x_wconf 89' lang='lat' dir='ltr'><strong>quam</strong></span> <span class='ocrx_word' id='word_1_377' title='bbox 206 2764 401 2837; x_wconf 89' lang='lat' dir='ltr'><strong>suscepimus,</strong></span> <span class='ocrx_word' id='word_1_378' title='bbox 416 2765 504 2820; x_wconf 86' lang='lat' dir='ltr'><strong>lsrael</strong></span> <span class='ocrx_word' id='word_1_379' title='bbox 521 2765 549 2820; x_wconf 91' lang='lat' dir='ltr'><strong>in</strong></span> <span class='ocrx_word' id='word_1_380' title='bbox 566 2764 721 2836; x_wconf 79' lang='lat' dir='ltr'><strong>hereticis,</strong></span> <span class='ocrx_word' id='word_1_381' title='bbox 735 2766 810 2820; x_wconf 86' lang='lat' dir='ltr'><strong>tuda</strong></span> <span class='ocrx_word' id='word_1_382' title='bbox 826 2766 854 2820; x_wconf 89' lang='lat' dir='ltr'><strong>iu</strong></span> <span class='ocrx_word' id='word_1_383' title='bbox 870 2767 925 2821; x_wconf 77' lang='lat' dir='ltr'><strong>ilc-</strong></span> <span class='ocrx_word' id='word_1_384' title='bbox 980 2766 1016 2820; x_wconf 90' lang='lat' dir='ltr'><strong>ad</strong></span> <span class='ocrx_word' id='word_1_385' title='bbox 1033 2783 1150 2821; x_wconf 82' lang='lat' dir='ltr'><strong>uxorem</strong></span> <span class='ocrx_word' id='word_1_386' title='bbox 1166 2764 1256 2838; x_wconf 88' lang='lat' dir='ltr'><strong>petris</strong></span> <span class='ocrx_word' id='word_1_387' title='bbox 1268 2765 1306 2837; x_wconf 85' lang='lat' dir='ltr'><strong>(h)</strong></span> <span class='ocrx_word' id='word_1_388' title='bbox 1322 2781 1409 2837; x_wconf 90' lang='lat' dir='ltr'><strong>quam</strong></span> <span class='ocrx_word' id='word_1_389' title='bbox 1425 2763 1474 2820; x_wconf 88' lang='lat' dir='ltr'><strong>ille</strong></span> <span class='ocrx_word' id='word_1_390' title='bbox 1488 2765 1611 2832; x_wconf 88' lang='lat' dir='ltr'><strong>dimisit,</strong></span> <span class='ocrx_word' id='word_1_391' title='bbox 1628 2764 1677 2820; x_wconf 91' lang='lat' dir='ltr'><strong>sed</strong></span> <span class='ocrx_word' id='word_1_392' title='bbox 1692 2765 1729 2820; x_wconf 90' lang='lat' dir='ltr'><strong>ed</strong></span> <span class='ocrx_word' id='word_1_393' title='bbox 1745 2781 1805 2821; x_wconf 86' lang='lat' dir='ltr'><strong>me·</strong></span> 
     </span>
     <span class='ocr_line' id='line_1_28' title="bbox 97 2852 1806 2934; baseline 0 -26"><span class='ocrx_word' id='word_1_394' title='bbox 97 2852 193 2908; x_wconf 81' lang='lat' dir='ltr'><strong>clesiae</strong></span> <span class='ocrx_word' id='word_1_395' title='bbox 224 2852 393 2908; x_wconf 88' lang='lat' dir='ltr'><strong>homiuibus</strong></span> <span class='ocrx_word' id='word_1_396' title='bbox 417 2853 606 2926; x_wconf 81' lang='lat' dir='ltr'><strong>exponendis,</strong></span> <span class='ocrx_word' id='word_1_397' title='bbox 624 2854 671 2909; x_wconf 92' lang='lat' dir='ltr'><strong>hic</strong></span> <span class='ocrx_word' id='word_1_398' title='bbox 691 2858 872 2910; x_wconf 89' lang='lat' dir='ltr'><strong>sensusest:</strong></span> <span class='ocrx_word' id='word_1_399' title='bbox 890 2854 926 2911; x_wconf 94' lang='lat' dir='ltr'><strong>Ut</strong></span> <span class='ocrx_word' id='word_1_400' title='bbox 979 2857 1053 2910; x_wconf 86' lang='lat' dir='ltr'><strong>trem</strong></span> <span class='ocrx_word' id='word_1_401' title='bbox 1070 2872 1153 2911; x_wconf 91' lang='lat' dir='ltr'><strong>suam</strong></span> <span class='ocrx_word' id='word_1_402' title='bbox 1178 2854 1419 2926; x_wconf 78' lang='lat' dir='ltr'><strong>loquanturque</strong></span> <span class='ocrx_word' id='word_1_403' title='bbox 1442 2852 1806 2934; x_wconf 25' lang='lat' dir='ltr'><strong>eosngenuithoquentur</strong></span> 
     </span>
     <span class='ocr_line' id='line_1_29' title="bbox 98 2941 1804 3017; baseline 0.001 -21"><span class='ocrx_word' id='word_1_404' title='bbox 98 2946 255 3014; x_wconf 90' lang='lat' dir='ltr'><strong>postquam</strong></span> <span class='ocrx_word' id='word_1_405' title='bbox 267 2941 448 2999; x_wconf 90' lang='lat' dir='ltr'><strong>Dominusin</strong></span> <span class='ocrx_word' id='word_1_406' title='bbox 461 2942 592 2998; x_wconf 84' lang='lat' dir='ltr'><strong>claritate</strong></span> <span class='ocrx_word' id='word_1_407' title='bbox 604 2959 659 2998; x_wconf 86' lang='lat' dir='ltr'><strong>sua</strong></span> <span class='ocrx_word' id='word_1_408' title='bbox 669 2942 779 2998; x_wconf 85' lang='lat' dir='ltr'><strong>venerit</strong></span> <span class='ocrx_word' id='word_1_409' title='bbox 789 2946 926 3016; x_wconf 82' lang='lat' dir='ltr'><strong>regnatu·</strong></span> <span class='ocrx_word' id='word_1_410' title='bbox 980 2949 1078 3000; x_wconf 88' lang='lat' dir='ltr'><strong>autem</strong></span> <span class='ocrx_word' id='word_1_411' title='bbox 1101 2944 1137 2999; x_wconf 89' lang='lat' dir='ltr'><strong>ed</strong></span> <span class='ocrx_word' id='word_1_412' title='bbox 1149 2942 1346 3017; x_wconf 67' lang='lat' dir='ltr'><strong>poenitentiam</strong></span> <span class='ocrx_word' id='word_1_413' title='bbox 1358 2948 1557 3015; x_wconf 87' lang='lat' dir='ltr'><strong>provocantes,</strong></span> <span class='ocrx_word' id='word_1_414' title='bbox 1575 2947 1607 2998; x_wconf 91' lang='lat' dir='ltr'><strong>ut</strong></span> <span class='ocrx_word' id='word_1_415' title='bbox 1621 2942 1734 2999; x_wconf 80' lang='lat' dir='ltr'><strong>auferat</strong></span> <span class='ocrx_word' id='word_1_416' title='bbox 1745 2943 1804 2998; x_wconf 89' lang='lat' dir='ltr'><strong>lor-</strong></span> 
     </span>
     <span class='ocr_line' id='line_1_30' title="bbox 100 3030 1805 3105; baseline 0.001 -21"><span class='ocrx_word' id='word_1_417' title='bbox 100 3030 195 3097; x_wconf 89' lang='lat' dir='ltr'><strong>rus,hi</strong></span> <span class='ocrx_word' id='word_1_418' title='bbox 213 3030 264 3101; x_wconf 91' lang='lat' dir='ltr'><strong>qui</strong></span> <span class='ocrx_word' id='word_1_419' title='bbox 276 3034 342 3086; x_wconf 89' lang='lat' dir='ltr'><strong>aute</strong></span> <span class='ocrx_word' id='word_1_420' title='bbox 367 3032 555 3098; x_wconf 87' lang='lat' dir='ltr'><strong>vocabantur,</strong></span> <span class='ocrx_word' id='word_1_421' title='bbox 574 3048 630 3086; x_wconf 92' lang='lat' dir='ltr'><strong>non</strong></span> <span class='ocrx_word' id='word_1_422' title='bbox 648 3032 774 3105; x_wconf 88' lang='lat' dir='ltr'><strong>populus</strong></span> <span class='ocrx_word' id='word_1_423' title='bbox 789 3032 863 3103; x_wconf 88' lang='lat' dir='ltr'><strong>ejus,</strong></span> <span class='ocrx_word' id='word_1_424' title='bbox 878 3049 925 3088; x_wconf 83' lang='lat' dir='ltr'><strong>vo-</strong></span> <span class='ocrx_word' id='word_1_425' title='bbox 981 3033 1140 3089; x_wconf 88' lang='lat' dir='ltr'><strong>uicationes</strong></span> <span class='ocrx_word' id='word_1_426' title='bbox 1163 3051 1180 3087; x_wconf 93' lang='lat' dir='ltr'><strong>a</strong></span> <span class='ocrx_word' id='word_1_427' title='bbox 1203 3032 1274 3087; x_wconf 84' lang='lat' dir='ltr'><strong>lacis</strong></span> <span class='ocrx_word' id='word_1_428' title='bbox 1296 3049 1360 3101; x_wconf 86' lang='lat' dir='ltr'><strong>sue,</strong></span> <span class='ocrx_word' id='word_1_429' title='bbox 1376 3036 1405 3087; x_wconf 90' lang='lat' dir='ltr'><strong>et</strong></span> <span class='ocrx_word' id='word_1_430' title='bbox 1429 3030 1572 3088; x_wconf 88' lang='lat' dir='ltr'><strong>adulteria</strong></span> <span class='ocrx_word' id='word_1_431' title='bbox 1589 3032 1694 3088; x_wconf 86' lang='lat' dir='ltr'><strong>suade</strong></span> <span class='ocrx_word' id='word_1_432' title='bbox 1709 3031 1805 3087; x_wconf 85' lang='lat' dir='ltr'><strong>medio</strong></span> 
     </span>
     <span class='ocr_line' id='line_1_31' title="bbox 98 3119 1806 3194; baseline 0.001 -19"><span class='ocrx_word' id='word_1_433' title='bbox 98 3122 205 3175; x_wconf 89' lang='lat' dir='ltr'><strong>centur</strong></span> <span class='ocrx_word' id='word_1_434' title='bbox 219 3119 270 3174; x_wconf 85' lang='lat' dir='ltr'><strong>dlii</strong></span> <span class='ocrx_word' id='word_1_435' title='bbox 290 3120 337 3175; x_wconf 84' lang='lat' dir='ltr'><strong>uei</strong></span> <span class='ocrx_word' id='word_1_436' title='bbox 353 3120 475 3176; x_wconf 88' lang='lat' dir='ltr'><strong>viventis</strong></span> <span class='ocrx_word' id='word_1_437' title='bbox 491 3137 497 3174; x_wconf 92' lang='lat'>:</span> <span class='ocrx_word' id='word_1_438' title='bbox 515 3137 582 3175; x_wconf 88' lang='lat' dir='ltr'><strong>cum</strong></span> <span class='ocrx_word' id='word_1_439' title='bbox 605 3121 698 3186; x_wconf 85' lang='lat' dir='ltr'><strong>Judae,</strong></span> <span class='ocrx_word' id='word_1_440' title='bbox 714 3120 742 3175; x_wconf 90' lang='lat' dir='ltr'><strong>id</strong></span> <span class='ocrx_word' id='word_1_441' title='bbox 759 3125 812 3187; x_wconf 89' lang='grc' dir='ltr'><strong>εει,</strong></span> <span class='ocrx_word' id='word_1_442' title='bbox 829 3121 925 3177; x_wconf 79' lang='lat' dir='ltr'><strong>Eccie·</strong></span> <span class='ocrx_word' id='word_1_443' title='bbox 981 3124 1105 3179; x_wconf 89' lang='lat' dir='ltr'><strong>uberum</strong></span> <span class='ocrx_word' id='word_1_444' title='bbox 1121 3138 1253 3178; x_wconf 88' lang='lat' dir='ltr'><strong>suorum.</strong></span> <span class='ocrx_word' id='word_1_445' title='bbox 1266 3121 1497 3188; x_wconf 87' lang='lat' dir='ltr'><strong>Fornicariaest,</strong></span> <span class='ocrx_word' id='word_1_446' title='bbox 1509 3138 1572 3194; x_wconf 85' lang='lat' dir='ltr'><strong>quae</strong></span> <span class='ocrx_word' id='word_1_447' title='bbox 1588 3137 1655 3177; x_wconf 91' lang='lat' dir='ltr'><strong>cum</strong></span> <span class='ocrx_word' id='word_1_448' title='bbox 1671 3120 1806 3194; x_wconf 89' lang='lat' dir='ltr'><strong>pluribus</strong></span> 
     </span>
     <span class='ocr_line' id='line_1_32' title="bbox 98 3207 1805 3285; baseline 0.001 -21"><span class='ocrx_word' id='word_1_449' title='bbox 98 3207 148 3264; x_wconf 73' lang='lat' dir='ltr'><strong>sice</strong></span> <span class='ocrx_word' id='word_1_450' title='bbox 173 3208 223 3264; x_wconf 89' lang='lat' dir='ltr'><strong>Dei</strong></span> <span class='ocrx_word' id='word_1_451' title='bbox 236 3208 344 3264; x_wconf 86' lang='lat' dir='ltr'><strong>tuerint</strong></span> <span class='ocrx_word' id='word_1_452' title='bbox 369 3208 507 3280; x_wconf 88' lang='lat' dir='ltr'><strong>copulati,</strong></span> <span class='ocrx_word' id='word_1_453' title='bbox 523 3213 551 3264; x_wconf 90' lang='lat' dir='ltr'><strong>ct</strong></span> <span class='ocrx_word' id='word_1_454' title='bbox 567 3225 658 3264; x_wconf 92' lang='lat' dir='ltr'><strong>unum</strong></span> <span class='ocrx_word' id='word_1_455' title='bbox 675 3213 763 3282; x_wconf 88' lang='lat' dir='ltr'><strong>ceput</strong></span> <span class='ocrx_word' id='word_1_456' title='bbox 777 3209 925 3265; x_wconf 85' lang='lat' dir='ltr'><strong>Christum</strong></span> <span class='ocrx_word' id='word_1_457' title='bbox 981 3212 1144 3285; x_wconf 88' lang='lat' dir='ltr'><strong>copuletur.</strong></span> <span class='ocrx_word' id='word_1_458' title='bbox 1171 3211 1320 3280; x_wconf 85' lang='lat' dir='ltr'><strong>Adultera,</strong></span> <span class='ocrx_word' id='word_1_459' title='bbox 1347 3228 1411 3284; x_wconf 78' lang='lat' dir='ltr'><strong>qua·</strong></span> <span class='ocrx_word' id='word_1_460' title='bbox 1436 3227 1528 3266; x_wconf 91' lang='lat' dir='ltr'><strong>uuum</strong></span> <span class='ocrx_word' id='word_1_461' title='bbox 1543 3211 1639 3266; x_wconf 88' lang='lat' dir='ltr'><strong>virum</strong></span> <span class='ocrx_word' id='word_1_462' title='bbox 1656 3210 1805 3279; x_wconf 86' lang='lat' dir='ltr'><strong>deserens,</strong></span> 
     </span>
     <span class='ocr_line' id='line_1_33' title="bbox 98 3275 1806 3373; baseline 0.002 -22"><span class='ocrx_word' id='word_1_463' title='bbox 98 3296 266 3368; x_wconf 79' lang='lat' dir='ltr'><strong>habuerint,</strong></span> <span class='ocrx_word' id='word_1_464' title='bbox 292 3301 320 3352; x_wconf 90' lang='lat' dir='ltr'><strong>ct</strong></span> <span class='ocrx_word' id='word_1_465' title='bbox 339 3298 524 3353; x_wconf 86' lang='lat' dir='ltr'><strong>ascenderint</strong></span> <span class='ocrx_word' id='word_1_466' title='bbox 543 3298 579 3353; x_wconf 90' lang='lat' dir='ltr'><strong>de</strong></span> <span class='ocrx_word' id='word_1_467' title='bbox 600 3302 685 3363; x_wconf 83' lang='lat' dir='ltr'><strong>terre,</strong></span> <span class='ocrx_word' id='word_1_468' title='bbox 701 3298 729 3352; x_wconf 91' lang='lat' dir='ltr'><strong>id</strong></span> <span class='ocrx_word' id='word_1_469' title='bbox 747 3303 801 3364; x_wconf 84' lang='lat' dir='ltr'><strong>est,</strong></span> <span class='ocrx_word' id='word_1_470' title='bbox 818 3297 852 3353; x_wconf 92' lang='lat' dir='ltr'><strong>de</strong></span> <span class='ocrx_word' id='word_1_471' title='bbox 866 3302 925 3353; x_wconf 81' lang='lat' dir='ltr'><strong>ier·</strong></span> <span class='ocrx_word' id='word_1_472' title='bbox 941 3275 963 3343; x_wconf 75' lang='lat' dir='ltr'><strong>G</strong></span> <span class='ocrx_word' id='word_1_473' title='bbox 981 3299 1063 3357; x_wconf 87' lang='lat' dir='ltr'><strong>elteri</strong></span> <span class='ocrx_word' id='word_1_474' title='bbox 1080 3299 1226 3373; x_wconf 87' lang='lat' dir='ltr'><strong>jungitur.</strong></span> <span class='ocrx_word' id='word_1_475' title='bbox 1250 3301 1379 3365; x_wconf 89' lang='lat' dir='ltr'><strong>Quorum</strong></span> <span class='ocrx_word' id='word_1_476' title='bbox 1404 3303 1562 3370; x_wconf 89' lang='lat' dir='ltr'><strong>utrumque</strong></span> <span class='ocrx_word' id='word_1_477' title='bbox 1584 3302 1629 3355; x_wconf 90' lang='grc' dir='ltr'><strong>εει</strong></span> <span class='ocrx_word' id='word_1_478' title='bbox 1642 3299 1806 3373; x_wconf 74' lang='lat' dir='ltr'><strong>synagoga,</strong></span> 
     </span>
     <span class='ocr_line' id='line_1_34' title="bbox 99 3385 1806 3462; baseline 0 -20"><span class='ocrx_word' id='word_1_479' title='bbox 99 3386 178 3442; x_wconf 88' lang='lat' dir='ltr'><strong>renis</strong></span> <span class='ocrx_word' id='word_1_480' title='bbox 193 3386 331 3441; x_wconf 88' lang='lat' dir='ltr'><strong>sensibus</strong></span> <span class='ocrx_word' id='word_1_481' title='bbox 344 3391 373 3441; x_wconf 88' lang='lat' dir='ltr'><strong>et</strong></span> <span class='ocrx_word' id='word_1_482' title='bbox 390 3386 555 3442; x_wconf 85' lang='lat' dir='ltr'><strong>humilitate</strong></span> <span class='ocrx_word' id='word_1_483' title='bbox 573 3386 687 3452; x_wconf 80' lang='lat' dir='ltr'><strong>littera,</strong></span> <span class='ocrx_word' id='word_1_484' title='bbox 703 3391 731 3442; x_wconf 88' lang='lat' dir='ltr'><strong>et</strong></span> <span class='ocrx_word' id='word_1_485' title='bbox 745 3385 927 3458; x_wconf 86' lang='lat' dir='ltr'><strong>susceperint</strong></span> <span class='ocrx_word' id='word_1_486' title='bbox 982 3406 1046 3462; x_wconf 82' lang='lat' dir='ltr'><strong>quec</strong></span> <span class='ocrx_word' id='word_1_487' title='bbox 1071 3389 1096 3444; x_wconf 90' lang='lat' dir='ltr'><strong>si</strong></span> <span class='ocrx_word' id='word_1_488' title='bbox 1126 3389 1321 3462; x_wconf 86' lang='lat' dir='ltr'><strong>permanserit</strong></span> <span class='ocrx_word' id='word_1_489' title='bbox 1346 3389 1376 3443; x_wconf 94' lang='lat' dir='ltr'><strong>in</strong></span> <span class='ocrx_word' id='word_1_490' title='bbox 1402 3386 1592 3444; x_wconf 78' lang='lat' dir='ltr'><strong>fornicatione</strong></span> <span class='ocrx_word' id='word_1_491' title='bbox 1607 3392 1636 3442; x_wconf 90' lang='grc' dir='ltr'><strong>ει</strong></span> <span class='ocrx_word' id='word_1_492' title='bbox 1652 3387 1806 3459; x_wconf 89' lang='lat' dir='ltr'><strong>adulterio,</strong></span> 
     </span>
     <span class='ocr_line' id='line_1_35' title="bbox 98 3472 1807 3548; baseline 0 -17"><span class='ocrx_word' id='word_1_493' title='bbox 98 3490 241 3548; x_wconf 79' lang='lat' dir='ltr'><strong>magnum</strong></span> <span class='ocrx_word' id='word_1_494' title='bbox 251 3475 329 3532; x_wconf 89' lang='lat' dir='ltr'><strong>diem</strong></span> <span class='ocrx_word' id='word_1_495' title='bbox 338 3474 460 3532; x_wconf 87' lang='lat' dir='ltr'><strong>seminis</strong></span> <span class='ocrx_word' id='word_1_496' title='bbox 472 3475 529 3531; x_wconf 84' lang='lat' dir='ltr'><strong>Dei.</strong></span> <span class='ocrx_word' id='word_1_497' title='bbox 542 3476 595 3531; x_wconf 88' lang='lat' dir='ltr'><strong>Pro</strong></span> <span class='ocrx_word' id='word_1_498' title='bbox 611 3472 660 3529; x_wconf 80' lang='grc' dir='ltr'><strong>οὐκ</strong></span> <span class='ocrx_word' id='word_1_499' title='bbox 669 3472 855 3547; x_wconf 71' lang='grc' dir='ltr'><strong>ἠλεημινη,ἰ(ι</strong></span> <span class='ocrx_word' id='word_1_500' title='bbox 871 3479 926 3544; x_wconf 88' lang='grc' dir='ltr'><strong>εει,</strong></span> <span class='ocrx_word' id='word_1_501' title='bbox 982 3479 1095 3533; x_wconf 81' lang='lat' dir='ltr'><strong>auferet</strong></span> <span class='ocrx_word' id='word_1_502' title='bbox 1104 3477 1140 3533; x_wconf 86' lang='lat' dir='ltr'><strong>ab</strong></span> <span class='ocrx_word' id='word_1_503' title='bbox 1152 3493 1185 3532; x_wconf 89' lang='lat' dir='ltr'><strong>ea</strong></span> <span class='ocrx_word' id='word_1_504' title='bbox 1196 3481 1272 3531; x_wconf 87' lang='lat' dir='ltr'><strong>Deus</strong></span> <span class='ocrx_word' id='word_1_505' title='bbox 1285 3479 1395 3531; x_wconf 89' lang='lat' dir='ltr'><strong>vestem</strong></span> <span class='ocrx_word' id='word_1_506' title='bbox 1415 3480 1444 3531; x_wconf 91' lang='lat' dir='ltr'><strong>et</strong></span> <span class='ocrx_word' id='word_1_507' title='bbox 1454 3480 1625 3531; x_wconf 90' lang='lat' dir='ltr'><strong>ornamenta</strong></span> <span class='ocrx_word' id='word_1_508' title='bbox 1645 3491 1709 3546; x_wconf 79' lang='lat' dir='ltr'><strong>quas</strong></span> <span class='ocrx_word' id='word_1_509' title='bbox 1720 3475 1807 3531; x_wconf 89' lang='lat' dir='ltr'><strong>dedc-</strong></span> 
     </span>
     <span class='ocr_line' id='line_1_36' title="bbox 99 3561 1808 3638; baseline 0 -18"><span class='ocrx_word' id='word_1_510' title='bbox 99 3564 199 3638; x_wconf 81' lang='lat' dir='ltr'><strong>uhsque</strong></span> <span class='ocrx_word' id='word_1_511' title='bbox 212 3565 412 3630; x_wconf 86' lang='lat' dir='ltr'><strong>misericordie,</strong></span> <span class='ocrx_word' id='word_1_512' title='bbox 428 3563 458 3619; x_wconf 90' lang='lat' dir='ltr'><strong>iu</strong></span> <span class='ocrx_word' id='word_1_513' title='bbox 474 3564 651 3636; x_wconf 89' lang='lat' dir='ltr'><strong>quibusdam</strong></span> <span class='ocrx_word' id='word_1_514' title='bbox 669 3565 761 3620; x_wconf 81' lang='lat' dir='ltr'><strong>sertus</strong></span> <span class='ocrx_word' id='word_1_515' title='bbox 783 3564 927 3637; x_wconf 77' lang='lat' dir='ltr'><strong>exempla·</strong></span> <span class='ocrx_word' id='word_1_516' title='bbox 982 3569 1036 3621; x_wconf 89' lang='lat' dir='ltr'><strong>rat.</strong></span> <span class='ocrx_word' id='word_1_517' title='bbox 1053 3569 1092 3620; x_wconf 91' lang='lat' dir='ltr'><strong>De</strong></span> <span class='ocrx_word' id='word_1_518' title='bbox 1107 3564 1213 3637; x_wconf 88' lang='lat' dir='ltr'><strong>quibus</strong></span> <span class='ocrx_word' id='word_1_519' title='bbox 1224 3563 1325 3620; x_wconf 89' lang='lat' dir='ltr'><strong>scribit</strong></span> <span class='ocrx_word' id='word_1_520' title='bbox 1345 3561 1493 3618; x_wconf 77' lang='lat' dir='ltr'><strong>Ezechiel:</strong></span> <span class='ocrx_word' id='word_1_521' title='bbox 1516 3565 1546 3618; x_wconf 89' lang='lat' dir='ltr'><strong>lu</strong></span> <span class='ocrx_word' id='word_1_522' title='bbox 1561 3563 1605 3619; x_wconf 85' lang='lat' dir='ltr'><strong>dic</strong></span> <span class='ocrx_word' id='word_1_523' title='bbox 1619 3563 1725 3634; x_wconf 81' lang='lat' dir='ltr'><strong>quoodo</strong></span> <span class='ocrx_word' id='word_1_524' title='bbox 1740 3565 1808 3620; x_wconf 84' lang='lat' dir='ltr'><strong>ectu</strong></span> 
     </span>
     <span class='ocr_line' id='line_1_37' title="bbox 98 3650 1806 3727; baseline -0.001 -18"><span class='ocrx_word' id='word_1_525' title='bbox 98 3652 375 3727; x_wconf 54' lang='lat' dir='ltr'><strong>ribusplquurpiur„</strong></span> <span class='ocrx_word' id='word_1_526' title='bbox 392 3650 504 3720; x_wconf 59' lang='lat' dir='ltr'><strong>odei&amp;</strong></span> <span class='ocrx_word' id='word_1_527' title='bbox 515 3653 543 3708; x_wconf 94' lang='lat' dir='ltr'><strong>id</strong></span> <span class='ocrx_word' id='word_1_528' title='bbox 556 3656 667 3718; x_wconf 72' lang='lat' dir='ltr'><strong>estmoe</strong></span> <span class='ocrx_word' id='word_1_529' title='bbox 683 3653 788 3709; x_wconf 82' lang='lat' dir='ltr'><strong>dilecto</strong></span> <span class='ocrx_word' id='word_1_530' title='bbox 803 3653 851 3725; x_wconf 88' lang='lat' dir='ltr'><strong>(c).</strong></span> <span class='ocrx_word' id='word_1_531' title='bbox 869 3654 926 3709; x_wconf 90' lang='lat' dir='ltr'><strong>Sed</strong></span> <span class='ocrx_word' id='word_1_532' title='bbox 981 3669 1075 3726; x_wconf 69' lang='lat' dir='ltr'><strong>usuca</strong></span> <span class='ocrx_word' id='word_1_533' title='bbox 1091 3654 1247 3723; x_wconf 78' lang='lat' dir='ltr'><strong>lipaueruut</strong></span> <span class='ocrx_word' id='word_1_534' title='bbox 1260 3652 1400 3707; x_wconf 84' lang='lat' dir='ltr'><strong>mamilius</strong></span> <span class='ocrx_word' id='word_1_535' title='bbox 1416 3655 1518 3722; x_wconf 87' lang='lat' dir='ltr'><strong>tues,et</strong></span> <span class='ocrx_word' id='word_1_536' title='bbox 1531 3653 1589 3707; x_wconf 86' lang='lat' dir='ltr'><strong>sole</strong></span> <span class='ocrx_word' id='word_1_537' title='bbox 1603 3653 1786 3708; x_wconf 85' lang='lat' dir='ltr'><strong>uouessctito</strong></span> <span class='ocrx_word' id='word_1_538' title='bbox 1796 3670 1806 3708; x_wconf 93' lang='lat'><em>:</em></span> 
     </span>
     <span class='ocr_line' id='line_1_38' title="bbox 98 3740 1807 3815; baseline -0.001 -17"><span class='ocrx_word' id='word_1_539' title='bbox 98 3743 212 3799; x_wconf 81' lang='lat' dir='ltr'><strong>veriora</strong></span> <span class='ocrx_word' id='word_1_540' title='bbox 224 3746 295 3797; x_wconf 91' lang='lat' dir='ltr'><strong>sunt</strong></span> <span class='ocrx_word' id='word_1_541' title='bbox 310 3741 496 3815; x_wconf 87' lang='lat' dir='ltr'><strong>exemplaria,</strong></span> <span class='ocrx_word' id='word_1_542' title='bbox 513 3759 577 3814; x_wconf 83' lang='lat' dir='ltr'><strong>que</strong></span> <span class='ocrx_word' id='word_1_543' title='bbox 593 3740 711 3811; x_wconf 87' lang='lat' dir='ltr'><strong>habeut,</strong></span> <span class='ocrx_word' id='word_1_544' title='bbox 727 3743 831 3814; x_wconf 85' lang='lat' dir='ltr'><strong>ubsque</strong></span> <span class='ocrx_word' id='word_1_545' title='bbox 842 3745 925 3798; x_wconf 87' lang='lat' dir='ltr'><strong>mise·</strong></span> <span class='ocrx_word' id='word_1_546' title='bbox 980 3752 1006 3800; x_wconf 82' lang='lat' dir='ltr'><strong>et</strong></span> <span class='ocrx_word' id='word_1_547' title='bbox 1022 3744 1139 3798; x_wconf 87' lang='lat' dir='ltr'><strong>trousiui</strong></span> <span class='ocrx_word' id='word_1_548' title='bbox 1147 3744 1237 3814; x_wconf 86' lang='lat' dir='ltr'><strong>perte,</strong></span> <span class='ocrx_word' id='word_1_549' title='bbox 1252 3748 1277 3797; x_wconf 85' lang='lat' dir='ltr'><strong>et</strong></span> <span class='ocrx_word' id='word_1_550' title='bbox 1292 3741 1387 3796; x_wconf 67' lang='lat' dir='ltr'><strong>iucicui</strong></span> <span class='ocrx_word' id='word_1_551' title='bbox 1401 3743 1427 3796; x_wconf 83' lang='lat' dir='ltr'><strong>te</strong></span> <span class='ocrx_word' id='word_1_552' title='bbox 1441 3740 1583 3811; x_wconf 76' lang='lat' dir='ltr'><strong>redamet</strong></span> <span class='ocrx_word' id='word_1_553' title='bbox 1597 3740 1807 3812; x_wconf 61' lang='lat' dir='ltr'><strong>conspuuntur</strong></span> 
     </span>
     <span class='ocr_line' id='line_1_39' title="bbox 99 3828 1808 3904; baseline -0.003 -16"><span class='ocrx_word' id='word_1_554' title='bbox 99 3831 271 3892; x_wconf 68' lang='lat' dir='ltr'><strong>citocotiam·</strong></span> <span class='ocrx_word' id='word_1_555' title='bbox 293 3832 420 3887; x_wconf 89' lang='lat' dir='ltr'><strong>maxime</strong></span> <span class='ocrx_word' id='word_1_556' title='bbox 436 3831 506 3903; x_wconf 87' lang='lat' dir='ltr'><strong>quie</strong></span> <span class='ocrx_word' id='word_1_557' title='bbox 518 3832 553 3886; x_wconf 90' lang='lat' dir='ltr'><strong>ad</strong></span> <span class='ocrx_word' id='word_1_558' title='bbox 568 3830 786 3887; x_wconf 84' lang='lat' dir='ltr'><strong>distinctionem</strong></span> <span class='ocrx_word' id='word_1_559' title='bbox 799 3831 923 3899; x_wconf 88' lang='lat' dir='ltr'><strong>israelis,</strong></span> <span class='ocrx_word' id='word_1_560' title='bbox 980 3847 1151 3904; x_wconf 81' lang='lat' dir='ltr'><strong>conspersam</strong></span> <span class='ocrx_word' id='word_1_561' title='bbox 1176 3833 1206 3885; x_wconf 85' lang='lat' dir='ltr'><strong>iu</strong></span> <span class='ocrx_word' id='word_1_562' title='bbox 1226 3831 1360 3902; x_wconf 79' lang='lat' dir='ltr'><strong>scuquiue</strong></span> <span class='ocrx_word' id='word_1_563' title='bbox 1384 3829 1491 3901; x_wconf 79' lang='lat' dir='ltr'><strong>(Euech.</strong></span> <span class='ocrx_word' id='word_1_564' title='bbox 1521 3845 1578 3894; x_wconf 73' lang='grc' dir='ltr'><strong>ενι,</strong></span> <span class='ocrx_word' id='word_1_565' title='bbox 1594 3828 1622 3897; x_wconf 80' lang='lat' dir='ltr'><strong>i,</strong></span> <span class='ocrx_word' id='word_1_566' title='bbox 1637 3828 1676 3901; x_wconf 88' lang='lat'><strong>5).</strong></span> <span class='ocrx_word' id='word_1_567' title='bbox 1692 3828 1727 3883; x_wconf 83' lang='lat' dir='ltr'><strong>Et</strong></span> <span class='ocrx_word' id='word_1_568' title='bbox 1742 3832 1808 3901; x_wconf 90' lang='lat' dir='ltr'><strong>post</strong></span> 
     </span>
     <span class='ocr_line' id='line_1_40' title="bbox 99 3916 1808 3994; baseline -0.002 -17"><span class='ocrx_word' id='word_1_569' title='bbox 99 3921 146 3978; x_wconf 90' lang='lat' dir='ltr'><strong>cui</strong></span> <span class='ocrx_word' id='word_1_570' title='bbox 162 3937 220 3975; x_wconf 92' lang='lat' dir='ltr'><strong>non</strong></span> <span class='ocrx_word' id='word_1_571' title='bbox 237 3920 396 3976; x_wconf 79' lang='lat' dir='ltr'><strong>uriseretur</strong></span> <span class='ocrx_word' id='word_1_572' title='bbox 406 3919 494 3976; x_wconf 86' lang='lat' dir='ltr'><strong>infert</strong></span> <span class='ocrx_word' id='word_1_573' title='bbox 511 3924 585 3975; x_wconf 85' lang='lat' dir='ltr'><strong>Deus</strong></span> <span class='ocrx_word' id='word_1_574' title='bbox 602 3937 608 3974; x_wconf 78' lang='grc' dir='ltr'><strong>ε</strong></span> <span class='ocrx_word' id='word_1_575' title='bbox 625 3921 721 3975; x_wconf 76' lang='lat' dir='ltr'><strong>Domiti</strong></span> <span class='ocrx_word' id='word_1_576' title='bbox 746 3925 839 3976; x_wconf 86' lang='lat' dir='ltr'><strong>cutem</strong></span> <span class='ocrx_word' id='word_1_577' title='bbox 854 3923 926 3978; x_wconf 80' lang='lat' dir='ltr'><strong>iude</strong></span> <span class='ocrx_word' id='word_1_578' title='bbox 979 3920 1133 3994; x_wconf 88' lang='lat' dir='ltr'><strong>paululum</strong></span> <span class='ocrx_word' id='word_1_579' title='bbox 1146 3936 1152 3975; x_wconf 93' lang='lat'><strong>:</strong></span> <span class='ocrx_word' id='word_1_580' title='bbox 1164 3919 1246 3975; x_wconf 87' lang='lat' dir='ltr'><strong>ludui</strong></span> <span class='ocrx_word' id='word_1_581' title='bbox 1256 3925 1281 3974; x_wconf 87' lang='lat' dir='ltr'><strong>te</strong></span> <span class='ocrx_word' id='word_1_582' title='bbox 1295 3919 1404 3991; x_wconf 75' lang='lat' dir='ltr'><strong>byssino</strong></span> <span class='ocrx_word' id='word_1_583' title='bbox 1415 3925 1440 3973; x_wconf 85' lang='lat' dir='ltr'><strong>et</strong></span> <span class='ocrx_word' id='word_1_584' title='bbox 1449 3916 1633 3983; x_wconf 61' lang='lat' dir='ltr'><strong>substitueret</strong></span> <span class='ocrx_word' id='word_1_585' title='bbox 1643 3925 1808 3974; x_wconf 81' lang='lat' dir='ltr'><strong>ornamenta</strong></span> 
     </span>
     <span class='ocr_line' id='line_1_41' title="bbox 98 4007 1806 4082; baseline -0.002 -17"><span class='ocrx_word' id='word_1_586' title='bbox 98 4011 260 4066; x_wconf 77' lang='lat' dir='ltr'><strong>miserebor.</strong></span> <span class='ocrx_word' id='word_1_587' title='bbox 979 4011 1162 4082; x_wconf 80' lang='lat' dir='ltr'><strong>circumposui</strong></span> <span class='ocrx_word' id='word_1_588' title='bbox 1177 4009 1237 4074; x_wconf 84' lang='lat' dir='ltr'><strong>libi,</strong></span> <span class='ocrx_word' id='word_1_589' title='bbox 1262 4015 1287 4063; x_wconf 87' lang='lat' dir='ltr'><strong>et</strong></span> <span class='ocrx_word' id='word_1_590' title='bbox 1300 4007 1363 4064; x_wconf 88' lang='lat' dir='ltr'><strong>dedi</strong></span> <span class='ocrx_word' id='word_1_591' title='bbox 1384 4007 1513 4063; x_wconf 73' lang='lat' dir='ltr'><strong>annitius</strong></span> <span class='ocrx_word' id='word_1_592' title='bbox 1527 4007 1601 4062; x_wconf 85' lang='lat' dir='ltr'><strong>circo</strong></span> <span class='ocrx_word' id='word_1_593' title='bbox 1613 4023 1711 4062; x_wconf 81' lang='lat' dir='ltr'><strong>monus</strong></span> <span class='ocrx_word' id='word_1_594' title='bbox 1735 4014 1806 4076; x_wconf 86' lang='lat' dir='ltr'><strong>tuus,</strong></span> 
     </span>
     <span class='ocr_line' id='line_1_42' title="bbox 134 4094 1807 4172; baseline -0.002 -18"><span class='ocrx_word' id='word_1_595' title='bbox 134 4098 216 4171; x_wconf 87' lang='lat' dir='ltr'><strong>(Cap.</strong></span> <span class='ocrx_word' id='word_1_596' title='bbox 229 4098 264 4153; x_wconf 93' lang='lat' dir='ltr'><strong>ll.</strong></span> <span class='ocrx_word' id='word_1_597' title='bbox 275 4130 310 4139; x_wconf 91' lang='lat'>—</span> <span class='ocrx_word' id='word_1_598' title='bbox 326 4099 404 4155; x_wconf 82' lang='lat' dir='ltr'><strong>Vera.</strong></span> <span class='ocrx_word' id='word_1_599' title='bbox 418 4099 456 4170; x_wconf 89' lang='lat'><strong>1.)</strong></span> <span class='ocrx_word' id='word_1_600' title='bbox 473 4099 558 4154; x_wconf 84' lang='lat' dir='ltr'><strong>Dicite</strong></span> <span class='ocrx_word' id='word_1_601' title='bbox 571 4098 705 4169; x_wconf 69' lang='lat' dir='ltr'><strong>tratribus</strong></span> <span class='ocrx_word' id='word_1_602' title='bbox 718 4099 822 4167; x_wconf 85' lang='lat' dir='ltr'><strong>uestris,</strong></span> <span class='ocrx_word' id='word_1_603' title='bbox 837 4115 924 4172; x_wconf 86' lang='lat' dir='ltr'><strong>popu·</strong></span> <span class='ocrx_word' id='word_1_604' title='bbox 979 4105 1005 4157; x_wconf 87' lang='lat' dir='ltr'><strong>et</strong></span> <span class='ocrx_word' id='word_1_605' title='bbox 1016 4100 1118 4156; x_wconf 80' lang='lat' dir='ltr'><strong>umuilc</strong></span> <span class='ocrx_word' id='word_1_606' title='bbox 1131 4101 1205 4154; x_wconf 85' lang='lat' dir='ltr'><strong>circo</strong></span> <span class='ocrx_word' id='word_1_607' title='bbox 1219 4096 1325 4153; x_wconf 88' lang='lat' dir='ltr'><strong>collum</strong></span> <span class='ocrx_word' id='word_1_608' title='bbox 1349 4101 1439 4152; x_wconf 88' lang='lat' dir='ltr'><strong>tuum.</strong></span> <span class='ocrx_word' id='word_1_609' title='bbox 1456 4099 1521 4152; x_wconf 84' lang='lat' dir='ltr'><strong>llaec</strong></span> <span class='ocrx_word' id='word_1_610' title='bbox 1532 4099 1602 4151; x_wconf 88' lang='lat' dir='ltr'><strong>tune</strong></span> <span class='ocrx_word' id='word_1_611' title='bbox 1616 4094 1642 4152; x_wconf 89' lang='lat' dir='ltr'><strong>ei</strong></span> <span class='ocrx_word' id='word_1_612' title='bbox 1654 4095 1736 4152; x_wconf 89' lang='lat' dir='ltr'><strong>dedit</strong></span> <span class='ocrx_word' id='word_1_613' title='bbox 1745 4112 1807 4151; x_wconf 88' lang='lat' dir='ltr'><strong>ma·</strong></span> 
     </span>
     <span class='ocr_line' id='line_1_43' title="bbox 99 4183 1808 4260; baseline -0.002 -16"><span class='ocrx_word' id='word_1_614' title='bbox 99 4189 142 4244; x_wconf 88' lang='lat' dir='ltr'><strong>lus</strong></span> <span class='ocrx_word' id='word_1_615' title='bbox 163 4204 251 4255; x_wconf 86' lang='lat' dir='ltr'><strong>meus,</strong></span> <span class='ocrx_word' id='word_1_616' title='bbox 270 4191 295 4242; x_wconf 91' lang='lat' dir='ltr'><strong>ct</strong></span> <span class='ocrx_word' id='word_1_617' title='bbox 319 4189 408 4243; x_wconf 88' lang='lat' dir='ltr'><strong>sorori</strong></span> <span class='ocrx_word' id='word_1_618' title='bbox 422 4192 527 4257; x_wconf 67' lang='lat' dir='ltr'><strong>uestros,</strong></span> <span class='ocrx_word' id='word_1_619' title='bbox 543 4188 758 4244; x_wconf 84' lang='lat' dir='ltr'><strong>misericordium</strong></span> <span class='ocrx_word' id='word_1_620' title='bbox 785 4196 924 4245; x_wconf 85' lang='lat' dir='ltr'><strong>consecuto</strong></span> <span class='ocrx_word' id='word_1_621' title='bbox 979 4189 1053 4245; x_wconf 88' lang='lat' dir='ltr'><strong>ritus</strong></span> <span class='ocrx_word' id='word_1_622' title='bbox 1063 4187 1260 4260; x_wconf 85' lang='lat' dir='ltr'><strong>largissimus,</strong></span> <span class='ocrx_word' id='word_1_623' title='bbox 1277 4185 1394 4258; x_wconf 88' lang='lat' dir='ltr'><strong>quaudo</strong></span> <span class='ocrx_word' id='word_1_624' title='bbox 1418 4183 1619 4241; x_wconf 86' lang='lat' dir='ltr'><strong>invenitillam</strong></span> <span class='ocrx_word' id='word_1_625' title='bbox 1636 4185 1666 4240; x_wconf 92' lang='lat' dir='ltr'><strong>in</strong></span> <span class='ocrx_word' id='word_1_626' title='bbox 1682 4188 1808 4258; x_wconf 75' lang='lat' dir='ltr'><strong>AEgypto</strong></span> 
     </span>
     <span class='ocr_line' id='line_1_44' title="bbox 98 4274 1806 4351; baseline 0 -21"><span class='ocrx_word' id='word_1_627' title='bbox 98 4277 154 4349; x_wconf 79' lang='lat' dir='ltr'><strong>[Al.</strong></span> <span class='ocrx_word' id='word_1_628' title='bbox 175 4278 347 4347; x_wconf 77' lang='lat' dir='ltr'><strong>consecutael.</strong></span> <span class='ocrx_word' id='word_1_629' title='bbox 377 4276 462 4333; x_wconf 79' lang='lat' dir='ltr'>LXX:</span> <span class='ocrx_word' id='word_1_630' title='bbox 487 4278 576 4333; x_wconf 83' lang='lat' dir='ltr'><strong>Dicite</strong></span> <span class='ocrx_word' id='word_1_631' title='bbox 597 4279 682 4347; x_wconf 73' lang='lat' dir='ltr'><strong>fratri</strong></span> <span class='ocrx_word' id='word_1_632' title='bbox 696 4291 792 4348; x_wconf 76' lang='lat' dir='ltr'><strong>cosmo,</strong></span> <span class='ocrx_word' id='word_1_633' title='bbox 807 4278 925 4351; x_wconf 86' lang='lat' dir='ltr'><strong>populus</strong></span> <span class='ocrx_word' id='word_1_634' title='bbox 979 4276 1149 4335; x_wconf 80' lang='lat' dir='ltr'><strong>idololatriae</strong></span> <span class='ocrx_word' id='word_1_635' title='bbox 1170 4275 1292 4331; x_wconf 88' lang='lat' dir='ltr'><strong>libidine</strong></span> <span class='ocrx_word' id='word_1_636' title='bbox 1320 4277 1540 4347; x_wconf 86' lang='lat' dir='ltr'><strong>constupratam</strong></span> <span class='ocrx_word' id='word_1_637' title='bbox 1557 4278 1585 4330; x_wconf 88' lang='lat' dir='ltr'><strong>ct</strong></span> <span class='ocrx_word' id='word_1_638' title='bbox 1599 4274 1806 4330; x_wconf 87' lang='lat' dir='ltr'><strong>divaricantem</strong></span> 
     </span>
     <span class='ocr_line' id='line_1_45' title="bbox 99 4360 1803 4437; baseline -0.003 -15"><span class='ocrx_word' id='word_1_639' title='bbox 99 4381 186 4431; x_wconf 86' lang='lat' dir='ltr'><strong>meus,</strong></span> <span class='ocrx_word' id='word_1_640' title='bbox 200 4368 228 4420; x_wconf 86' lang='lat' dir='ltr'><strong>et</strong></span> <span class='ocrx_word' id='word_1_641' title='bbox 241 4368 334 4421; x_wconf 85' lang='lat' dir='ltr'><strong>sorori</strong></span> <span class='ocrx_word' id='word_1_642' title='bbox 347 4368 674 4431; x_wconf 74' lang='lat' dir='ltr'><strong>uestremisericordiare</strong></span> <span class='ocrx_word' id='word_1_643' title='bbox 688 4370 840 4424; x_wconf 78' lang='lat' dir='ltr'><strong>cousecuto.</strong></span> <span class='ocrx_word' id='word_1_644' title='bbox 852 4368 925 4434; x_wconf 84' lang='lat' dir='ltr'><strong>Quia</strong></span> <span class='ocrx_word' id='word_1_645' title='bbox 979 4366 1117 4428; x_wconf 89' lang='lat' dir='ltr'><strong>omuibus</strong></span> <span class='ocrx_word' id='word_1_646' title='bbox 1141 4365 1229 4437; x_wconf 91' lang='lat' dir='ltr'><strong>pedes</strong></span> <span class='ocrx_word' id='word_1_647' title='bbox 1253 4380 1331 4420; x_wconf 86' lang='lat' dir='ltr'><strong>suos.</strong></span> <span class='ocrx_word' id='word_1_648' title='bbox 1348 4364 1383 4418; x_wconf 75' lang='lat' dir='ltr'><strong>lit</strong></span> <span class='ocrx_word' id='word_1_649' title='bbox 1408 4380 1487 4418; x_wconf 88' lang='lat' dir='ltr'><strong>nunc</strong></span> <span class='ocrx_word' id='word_1_650' title='bbox 1503 4362 1709 4428; x_wconf 87' lang='lat' dir='ltr'><strong>comminatur,</strong></span> <span class='ocrx_word' id='word_1_651' title='bbox 1727 4360 1752 4417; x_wconf 93' lang='lat' dir='ltr'><strong>si</strong></span> <span class='ocrx_word' id='word_1_652' title='bbox 1768 4362 1803 4417; x_wconf 85' lang='lat' dir='ltr'><strong>ed</strong></span> 
     </span>
     <span class='ocr_line' id='line_1_46' title="bbox 100 4449 1807 4527; baseline -0.003 -17"><span class='ocrx_word' id='word_1_653' title='bbox 100 4455 350 4527; x_wconf 83' lang='lat' dir='ltr'><strong>magnusestdies</strong></span> <span class='ocrx_word' id='word_1_654' title='bbox 359 4454 481 4520; x_wconf 80' lang='lat' dir='ltr'><strong>iezrael,</strong></span> <span class='ocrx_word' id='word_1_655' title='bbox 493 4454 522 4509; x_wconf 92' lang='lat' dir='ltr'><strong>in</strong></span> <span class='ocrx_word' id='word_1_656' title='bbox 534 4456 818 4527; x_wconf 86' lang='lat' dir='ltr'><strong>quoiudasetlsruel</strong></span> <span class='ocrx_word' id='word_1_657' title='bbox 831 4474 923 4513; x_wconf 91' lang='lat' dir='ltr'><strong>unum</strong></span> <span class='ocrx_word' id='word_1_658' title='bbox 977 4456 1073 4512; x_wconf 87' lang='lat' dir='ltr'><strong>virum</strong></span> <span class='ocrx_word' id='word_1_659' title='bbox 1085 4471 1172 4512; x_wconf 91' lang='lat' dir='ltr'><strong>suum</strong></span> <span class='ocrx_word' id='word_1_660' title='bbox 1183 4451 1542 4519; x_wconf 85' lang='lat' dir='ltr'><strong>uolueritrcvcrti,itacam</strong></span> <span class='ocrx_word' id='word_1_661' title='bbox 1554 4450 1684 4505; x_wconf 83' lang='lat' dir='ltr'><strong>futuram</strong></span> <span class='ocrx_word' id='word_1_662' title='bbox 1694 4449 1807 4521; x_wconf 88' lang='lat' dir='ltr'><strong>absque</strong></span> 
     </span>
     <span class='ocr_line' id='line_1_47' title="bbox 99 4537 1807 4618; baseline -0.004 -19"><span class='ocrx_word' id='word_1_663' title='bbox 99 4543 434 4616; x_wconf 84' lang='lat' dir='ltr'><strong>habebuntprincipem,</strong></span> <span class='ocrx_word' id='word_1_664' title='bbox 450 4549 479 4599; x_wconf 89' lang='lat' dir='ltr'><strong>et</strong></span> <span class='ocrx_word' id='word_1_665' title='bbox 495 4560 679 4617; x_wconf 87' lang='lat' dir='ltr'><strong>nequaquam</strong></span> <span class='ocrx_word' id='word_1_666' title='bbox 691 4545 803 4601; x_wconf 89' lang='lat' dir='ltr'><strong>dicetur</strong></span> <span class='ocrx_word' id='word_1_667' title='bbox 814 4546 923 4615; x_wconf 87' lang='lat' dir='ltr'><strong>israeli,</strong></span> <span class='ocrx_word' id='word_1_668' title='bbox 979 4546 1037 4602; x_wconf 88' lang='lat' dir='ltr'><strong>Deo</strong></span> <span class='ocrx_word' id='word_1_669' title='bbox 1063 4545 1097 4618; x_wconf 85' lang='lat' dir='ltr'><strong>(c)</strong></span> <span class='ocrx_word' id='word_1_670' title='bbox 1120 4546 1148 4599; x_wconf 89' lang='lat' dir='ltr'><strong>et</strong></span> <span class='ocrx_word' id='word_1_671' title='bbox 1162 4543 1234 4609; x_wconf 84' lang='lat' dir='ltr'><strong>viro,</strong></span> <span class='ocrx_word' id='word_1_672' title='bbox 1251 4541 1327 4597; x_wconf 92' lang='lat' dir='ltr'><strong>sicut</strong></span> <span class='ocrx_word' id='word_1_673' title='bbox 1341 4541 1424 4613; x_wconf 88' lang='lat' dir='ltr'><strong>prius</strong></span> <span class='ocrx_word' id='word_1_674' title='bbox 1448 4540 1477 4594; x_wconf 93' lang='lat' dir='ltr'><strong>iu</strong></span> <span class='ocrx_word' id='word_1_675' title='bbox 1504 4543 1623 4610; x_wconf 79' lang='lat' dir='ltr'><strong>AEgypto</strong></span> <span class='ocrx_word' id='word_1_676' title='bbox 1645 4537 1749 4594; x_wconf 87' lang='lat' dir='ltr'><strong>iuerat.</strong></span> <span class='ocrx_word' id='word_1_677' title='bbox 1766 4537 1807 4594; x_wconf 89' lang='lat' dir='ltr'><strong>Ne</strong></span> 
     </span>
     <span class='ocr_line' id='line_1_48' title="bbox 99 4625 1805 4706; baseline -0.004 -18"><span class='ocrx_word' id='word_1_678' title='bbox 99 4649 156 4688; x_wconf 90' lang='lat' dir='ltr'><strong>uon</strong></span> <span class='ocrx_word' id='word_1_679' title='bbox 169 4631 297 4705; x_wconf 91' lang='lat' dir='ltr'><strong>populus</strong></span> <span class='ocrx_word' id='word_1_680' title='bbox 318 4649 416 4688; x_wconf 90' lang='lat' dir='ltr'><strong>meus:</strong></span> <span class='ocrx_word' id='word_1_681' title='bbox 434 4633 484 4687; x_wconf 91' lang='lat' dir='ltr'><strong>sod</strong></span> <span class='ocrx_word' id='word_1_682' title='bbox 501 4633 662 4689; x_wconf 86' lang='lat' dir='ltr'><strong>econtrario</strong></span> <span class='ocrx_word' id='word_1_683' title='bbox 678 4635 858 4690; x_wconf 89' lang='lat' dir='ltr'><strong>vocabuntur</strong></span> <span class='ocrx_word' id='word_1_684' title='bbox 874 4634 924 4690; x_wconf 84' lang='lat' dir='ltr'><strong>ulii</strong></span> <span class='ocrx_word' id='word_1_685' title='bbox 940 4642 963 4706; x_wconf 73' lang='grc' dir='ltr'><strong>ι)</strong></span> <span class='ocrx_word' id='word_1_686' title='bbox 979 4650 1095 4705; x_wconf 86' lang='lat' dir='ltr'><strong>semper</strong></span> <span class='ocrx_word' id='word_1_687' title='bbox 1106 4631 1213 4703; x_wconf 87' lang='lat' dir='ltr'><strong>triplici</strong></span> <span class='ocrx_word' id='word_1_688' title='bbox 1238 4628 1441 4702; x_wconf 89' lang='lat' dir='ltr'><strong>explanatione</strong></span> <span class='ocrx_word' id='word_1_689' title='bbox 1464 4627 1620 4684; x_wconf 87' lang='lat' dir='ltr'><strong>tendamus</strong></span> <span class='ocrx_word' id='word_1_690' title='bbox 1645 4625 1805 4694; x_wconf 81' lang='lat' dir='ltr'><strong>volumina,</strong></span> 
     </span>
     <span class='ocr_line' id='line_1_49' title="bbox 99 4716 1805 4789; baseline -0.006 -10"><span class='ocrx_word' id='word_1_691' title='bbox 99 4723 148 4779; x_wconf 86' lang='lat' dir='ltr'><strong>Dei</strong></span> <span class='ocrx_word' id='word_1_692' title='bbox 160 4722 301 4777; x_wconf 83' lang='lat' dir='ltr'><strong>viventis:</strong></span> <span class='ocrx_word' id='word_1_693' title='bbox 318 4721 437 4787; x_wconf 86' lang='lat' dir='ltr'><strong>idcirco,</strong></span> <span class='ocrx_word' id='word_1_694' title='bbox 449 4739 465 4777; x_wconf 94' lang='lat' dir='ltr'><strong>o</strong></span> <span class='ocrx_word' id='word_1_695' title='bbox 477 4721 610 4777; x_wconf 89' lang='lat' dir='ltr'><strong>homines</strong></span> <span class='ocrx_word' id='word_1_696' title='bbox 621 4721 715 4778; x_wconf 90' lang='lat' dir='ltr'><strong>tribus</strong></span> <span class='ocrx_word' id='word_1_697' title='bbox 730 4723 816 4789; x_wconf 81' lang='lat' dir='ltr'><strong>luda,</strong></span> <span class='ocrx_word' id='word_1_698' title='bbox 834 4724 924 4781; x_wconf 90' lang='lat' dir='ltr'><strong>nolite</strong></span> <span class='ocrx_word' id='word_1_699' title='bbox 978 4723 1033 4778; x_wconf 92' lang='lat' dir='ltr'><strong>hoc</strong></span> <span class='ocrx_word' id='word_1_700' title='bbox 1044 4738 1108 4778; x_wconf 90' lang='lat' dir='ltr'><strong>raro</strong></span> <span class='ocrx_word' id='word_1_701' title='bbox 1119 4719 1308 4776; x_wconf 90' lang='lat' dir='ltr'><strong>admonuisse</strong></span> <span class='ocrx_word' id='word_1_702' title='bbox 1326 4717 1464 4787; x_wconf 82' lang='lat' dir='ltr'><strong>sufficiet,</strong></span> <span class='ocrx_word' id='word_1_703' title='bbox 1481 4733 1546 4788; x_wconf 77' lang='lat' dir='ltr'><strong>quic</strong></span> <span class='ocrx_word' id='word_1_704' title='bbox 1560 4716 1638 4772; x_wconf 87' lang='lat' dir='ltr'><strong>dicta</strong></span> <span class='ocrx_word' id='word_1_705' title='bbox 1652 4720 1722 4771; x_wconf 90' lang='lat' dir='ltr'><strong>suut</strong></span> <span class='ocrx_word' id='word_1_706' title='bbox 1737 4730 1805 4770; x_wconf 92' lang='lat' dir='ltr'><strong>con-</strong></span> 
     </span>
     <span class='ocr_line' id='line_1_50' title="bbox 98 4802 1806 4885; baseline -0.004 -18"><span class='ocrx_word' id='word_1_707' title='bbox 98 4812 255 4884; x_wconf 86' lang='lat' dir='ltr'><strong>desperare</strong></span> <span class='ocrx_word' id='word_1_708' title='bbox 265 4811 363 4866; x_wconf 85' lang='lat' dir='ltr'><strong>decern</strong></span> <span class='ocrx_word' id='word_1_709' title='bbox 376 4811 505 4865; x_wconf 87' lang='lat' dir='ltr'><strong>tribuum</strong></span> <span class='ocrx_word' id='word_1_710' title='bbox 518 4811 653 4878; x_wconf 85' lang='lat' dir='ltr'><strong>salutem,</strong></span> <span class='ocrx_word' id='word_1_711' title='bbox 669 4813 719 4867; x_wconf 89' lang='lat' dir='ltr'><strong>scd</strong></span> <span class='ocrx_word' id='word_1_712' title='bbox 731 4829 780 4867; x_wconf 90' lang='lat' dir='ltr'><strong>cas</strong></span> <span class='ocrx_word' id='word_1_713' title='bbox 795 4813 924 4885; x_wconf 88' lang='lat' dir='ltr'><strong>quotidie</strong></span> <span class='ocrx_word' id='word_1_714' title='bbox 977 4811 1075 4867; x_wconf 87' lang='lat' dir='ltr'><strong>venire</strong></span> <span class='ocrx_word' id='word_1_715' title='bbox 1086 4808 1231 4865; x_wconf 72' lang='lat' dir='ltr'><strong>citudinis</strong></span> <span class='ocrx_word' id='word_1_716' title='bbox 1254 4806 1430 4878; x_wconf 80' lang='lat' dir='ltr'><strong>negantibus</strong></span> <span class='ocrx_word' id='word_1_717' title='bbox 1441 4803 1603 4870; x_wconf 84' lang='lat' dir='ltr'><strong>Christum,</strong></span> <span class='ocrx_word' id='word_1_718' title='bbox 1619 4808 1648 4858; x_wconf 90' lang='grc' dir='ltr'><strong>ει</strong></span> <span class='ocrx_word' id='word_1_719' title='bbox 1663 4802 1806 4860; x_wconf 81' lang='lat' dir='ltr'><strong>haereticis</strong></span> 
     </span>
     <span class='ocr_line' id='line_1_51' title="bbox 99 4890 1806 4975; baseline -0.005 -19"><span class='ocrx_word' id='word_1_720' title='bbox 99 4903 422 4957; x_wconf 87' lang='lat' dir='ltr'><strong>ctscrmoneetvotoet</strong></span> <span class='ocrx_word' id='word_1_721' title='bbox 434 4899 538 4955; x_wconf 87' lang='lat' dir='ltr'><strong>litteris</strong></span> <span class='ocrx_word' id='word_1_722' title='bbox 559 4901 593 4955; x_wconf 90' lang='lat' dir='ltr'><strong>ad</strong></span> <span class='ocrx_word' id='word_1_723' title='bbox 611 4901 809 4972; x_wconf 77' lang='lat' dir='ltr'><strong>penitentiam</strong></span> <span class='ocrx_word' id='word_1_724' title='bbox 822 4919 922 4975; x_wconf 90' lang='lat' dir='ltr'><strong>provo·</strong></span> <span class='ocrx_word' id='word_1_725' title='bbox 978 4900 1066 4955; x_wconf 87' lang='lat' dir='ltr'><strong>fldem</strong></span> <span class='ocrx_word' id='word_1_726' title='bbox 1089 4896 1207 4954; x_wconf 85' lang='lat' dir='ltr'><strong>Domini</strong></span> <span class='ocrx_word' id='word_1_727' title='bbox 1237 4892 1489 4966; x_wconf 89' lang='lat' dir='ltr'><strong>relinquentibus:</strong></span> <span class='ocrx_word' id='word_1_728' title='bbox 1510 4908 1635 4964; x_wconf 88' lang='lat' dir='ltr'><strong>quorum</strong></span> <span class='ocrx_word' id='word_1_729' title='bbox 1653 4890 1806 4948; x_wconf 81' lang='lat' dir='ltr'><strong>fornicatio</strong></span> 
     </span>
     <span class='ocr_line' id='line_1_52' title="bbox 99 4980 1807 5061; baseline -0.006 -15"><span class='ocrx_word' id='word_1_730' title='bbox 99 4995 172 5058; x_wconf 71' lang='lat' dir='ltr'><strong>caus,</strong></span> <span class='ocrx_word' id='word_1_731' title='bbox 191 4989 262 5061; x_wconf 90' lang='lat' dir='ltr'><strong>quia</strong></span> <span class='ocrx_word' id='word_1_732' title='bbox 273 4989 361 5044; x_wconf 85' lang='lat' dir='ltr'><strong>irater</strong></span> <span class='ocrx_word' id='word_1_733' title='bbox 374 4988 699 5060; x_wconf 85' lang='lat' dir='ltr'><strong>vesterappcllunturet</strong></span> <span class='ocrx_word' id='word_1_734' title='bbox 709 5006 807 5045; x_wconf 88' lang='lat' dir='ltr'><strong>soror:</strong></span> <span class='ocrx_word' id='word_1_735' title='bbox 824 4990 922 5059; x_wconf 83' lang='lat' dir='ltr'><strong>irater,</strong></span> <span class='ocrx_word' id='word_1_736' title='bbox 978 4987 1093 5060; x_wconf 90' lang='lat' dir='ltr'><strong>proprie</strong></span> <span class='ocrx_word' id='word_1_737' title='bbox 1118 4988 1194 5041; x_wconf 88' lang='lat' dir='ltr'><strong>inter</strong></span> <span class='ocrx_word' id='word_1_738' title='bbox 1219 4985 1309 5040; x_wconf 88' lang='lat' dir='ltr'><strong>ubere</strong></span> <span class='ocrx_word' id='word_1_739' title='bbox 1323 4987 1378 5047; x_wconf 86' lang='lat' dir='ltr'><strong>est,</strong></span> <span class='ocrx_word' id='word_1_740' title='bbox 1394 4986 1423 5037; x_wconf 86' lang='lat' dir='ltr'><strong>et</strong></span> <span class='ocrx_word' id='word_1_741' title='bbox 1434 4981 1464 5037; x_wconf 89' lang='lat' dir='ltr'><strong>iu</strong></span> <span class='ocrx_word' id='word_1_742' title='bbox 1479 4981 1603 5037; x_wconf 87' lang='lat' dir='ltr'><strong>artitlcio</strong></span> <span class='ocrx_word' id='word_1_743' title='bbox 1618 4980 1763 5037; x_wconf 89' lang='lat' dir='ltr'><strong>idolorum</strong></span> <span class='ocrx_word' id='word_1_744' title='bbox 1778 4984 1807 5036; x_wconf 90' lang='lat' dir='ltr'><strong>ct</strong></span> 
     </span>
     <span class='ocr_line' id='line_1_53' title="bbox 99 5069 1805 5151; baseline -0.007 -17"><span class='ocrx_word' id='word_1_745' title='bbox 99 5078 264 5151; x_wconf 76' lang='lat' dir='ltr'><strong>essequod</strong></span> <span class='ocrx_word' id='word_1_746' title='bbox 280 5077 398 5146; x_wconf 88' lang='lat' dir='ltr'><strong>dicitur,</strong></span> <span class='ocrx_word' id='word_1_747' title='bbox 413 5076 532 5150; x_wconf 67' lang='lat' dir='ltr'><strong>populus</strong></span> <span class='ocrx_word' id='word_1_748' title='bbox 546 5094 637 5133; x_wconf 78' lang='lat' dir='ltr'><strong>rueris:</strong></span> <span class='ocrx_word' id='word_1_749' title='bbox 649 5095 741 5147; x_wconf 87' lang='lat' dir='ltr'><strong>soror,</strong></span> <span class='ocrx_word' id='word_1_750' title='bbox 757 5095 834 5135; x_wconf 87' lang='lat' dir='ltr'><strong>exeo</strong></span> <span class='ocrx_word' id='word_1_751' title='bbox 845 5080 923 5151; x_wconf 86' lang='lat' dir='ltr'><strong>quod</strong></span> <span class='ocrx_word' id='word_1_752' title='bbox 978 5075 1125 5133; x_wconf 88' lang='lat' dir='ltr'><strong>variorum</strong></span> <span class='ocrx_word' id='word_1_753' title='bbox 1145 5076 1316 5146; x_wconf 81' lang='lat' dir='ltr'><strong>dogmatum</strong></span> <span class='ocrx_word' id='word_1_754' title='bbox 1343 5071 1428 5125; x_wconf 88' lang='lat' dir='ltr'><strong>corde</strong></span> <span class='ocrx_word' id='word_1_755' title='bbox 1444 5069 1642 5142; x_wconf 80' lang='lat' dir='ltr'><strong>versatur,qui</strong></span> <span class='ocrx_word' id='word_1_756' title='bbox 1658 5072 1805 5127; x_wconf 87' lang='lat' dir='ltr'><strong>reverten-</strong></span> 
     </span>
     <span class='ocr_line' id='line_1_54' title="bbox 100 5156 1804 5240; baseline -0.008 -16"><span class='ocrx_word' id='word_1_757' title='bbox 100 5167 295 5240; x_wconf 84' lang='lat' dir='ltr'><strong>sppeilantur,</strong></span> <span class='ocrx_word' id='word_1_758' title='bbox 309 5167 528 5223; x_wconf 80' lang='lat' dir='ltr'><strong>misericordium</strong></span> <span class='ocrx_word' id='word_1_759' title='bbox 542 5171 694 5222; x_wconf 82' lang='lat' dir='ltr'><strong>consecuta.</strong></span> <span class='ocrx_word' id='word_1_760' title='bbox 709 5168 814 5224; x_wconf 78' lang='lat' dir='ltr'><strong>Aliter:</strong></span> <span class='ocrx_word' id='word_1_761' title='bbox 827 5168 879 5232; x_wconf 86' lang='lat' dir='ltr'><strong>Qui</strong></span> <span class='ocrx_word' id='word_1_762' title='bbox 894 5168 922 5223; x_wconf 92' lang='lat' dir='ltr'><strong>in</strong></span> <span class='ocrx_word' id='word_1_763' title='bbox 977 5169 1027 5222; x_wconf 90' lang='lat' dir='ltr'><strong>tur</strong></span> <span class='ocrx_word' id='word_1_764' title='bbox 1036 5166 1071 5222; x_wconf 89' lang='lat' dir='ltr'><strong>ad</strong></span> <span class='ocrx_word' id='word_1_765' title='bbox 1083 5165 1161 5220; x_wconf 88' lang='lat' dir='ltr'><strong>diem</strong></span> <span class='ocrx_word' id='word_1_766' title='bbox 1172 5162 1333 5218; x_wconf 87' lang='lat' dir='ltr'><strong>nativitatis</strong></span> <span class='ocrx_word' id='word_1_767' title='bbox 1352 5176 1422 5226; x_wconf 80' lang='lat' dir='ltr'><strong>suu,</strong></span> <span class='ocrx_word' id='word_1_768' title='bbox 1440 5163 1472 5215; x_wconf 86' lang='lat' dir='ltr'><strong>ut</strong></span> <span class='ocrx_word' id='word_1_769' title='bbox 1484 5157 1509 5214; x_wconf 87' lang='lat' dir='ltr'><strong>si</strong></span> <span class='ocrx_word' id='word_1_770' title='bbox 1521 5175 1578 5214; x_wconf 92' lang='lat' dir='ltr'><strong>non</strong></span> <span class='ocrx_word' id='word_1_771' title='bbox 1590 5157 1701 5231; x_wconf 80' lang='lat' dir='ltr'><strong>egerint</strong></span> <span class='ocrx_word' id='word_1_772' title='bbox 1714 5156 1804 5230; x_wconf 78' lang='lat' dir='ltr'><strong>penni-</strong></span> 
     </span>
     <span class='ocr_line' id='line_1_55' title="bbox 99 5251 1481 5329; baseline -0.007 -17"><span class='ocrx_word' id='word_1_773' title='bbox 99 5256 247 5312; x_wconf 88' lang='lat' dir='ltr'><strong>Christum</strong></span> <span class='ocrx_word' id='word_1_774' title='bbox 264 5255 392 5324; x_wconf 89' lang='lat' dir='ltr'><strong>creditis,</strong></span> <span class='ocrx_word' id='word_1_775' title='bbox 410 5260 437 5311; x_wconf 91' lang='lat' dir='ltr'><strong>et</strong></span> <span class='ocrx_word' id='word_1_776' title='bbox 452 5255 522 5311; x_wconf 87' lang='lat' dir='ltr'><strong>estis</strong></span> <span class='ocrx_word' id='word_1_777' title='bbox 538 5259 597 5311; x_wconf 85' lang='lat' dir='ltr'><strong>tarn</strong></span> <span class='ocrx_word' id='word_1_778' title='bbox 614 5272 648 5311; x_wconf 84' lang='lat' dir='ltr'><strong>ex</strong></span> <span class='ocrx_word' id='word_1_779' title='bbox 662 5256 771 5312; x_wconf 72' lang='lat' dir='ltr'><strong>ludaris</strong></span> <span class='ocrx_word' id='word_1_780' title='bbox 787 5273 874 5329; x_wconf 87' lang='lat' dir='ltr'><strong>quam</strong></span> <span class='ocrx_word' id='word_1_781' title='bbox 890 5274 925 5314; x_wconf 81' lang='lat' dir='ltr'><strong>ex</strong></span> <span class='ocrx_word' id='word_1_782' title='bbox 977 5255 1110 5322; x_wconf 88' lang='lat' dir='ltr'><strong>tentiam,</strong></span> <span class='ocrx_word' id='word_1_783' title='bbox 1127 5251 1251 5308; x_wconf 88' lang='lat' dir='ltr'><strong>ethnicis</strong></span> <span class='ocrx_word' id='word_1_784' title='bbox 1267 5255 1481 5321; x_wconf 90' lang='lat' dir='ltr'><strong>comparentur.</strong></span> 
     </span>
     <span class='ocr_line' id='line_1_56' title="bbox 99 5337 1805 5419; baseline -0.005 -19"><span class='ocrx_word' id='word_1_785' title='bbox 99 5346 249 5419; x_wconf 79' lang='lat' dir='ltr'><strong>gentibus,</strong></span> <span class='ocrx_word' id='word_1_786' title='bbox 264 5345 351 5401; x_wconf 91' lang='lat' dir='ltr'><strong>dicite</strong></span> <span class='ocrx_word' id='word_1_787' title='bbox 373 5344 579 5410; x_wconf 86' lang='lat' dir='ltr'><strong>tractisramis,</strong></span> <span class='ocrx_word' id='word_1_788' title='bbox 596 5348 623 5400; x_wconf 89' lang='lat' dir='ltr'><strong>et</strong></span> <span class='ocrx_word' id='word_1_789' title='bbox 638 5346 727 5418; x_wconf 92' lang='lat' dir='ltr'><strong>priori</strong></span> <span class='ocrx_word' id='word_1_790' title='bbox 740 5346 856 5418; x_wconf 86' lang='lat' dir='ltr'><strong>populo,</strong></span> <span class='ocrx_word' id='word_1_791' title='bbox 874 5347 923 5418; x_wconf 94' lang='lat' dir='ltr'><strong>qui</strong></span> <span class='ocrx_word' id='word_1_792' title='bbox 1013 5344 1044 5399; x_wconf 82' lang='lat' dir='ltr'><strong>bt</strong></span> <span class='ocrx_word' id='word_1_793' title='bbox 1058 5359 1159 5416; x_wconf 81' lang='lat' dir='ltr'><strong>porrum</strong></span> <span class='ocrx_word' id='word_1_794' title='bbox 1174 5358 1234 5397; x_wconf 73' lang='lat' dir='ltr'><strong>curru</strong></span> <span class='ocrx_word' id='word_1_795' title='bbox 1261 5340 1339 5411; x_wconf 78' lang='lat' dir='ltr'><strong>quusi</strong></span> <span class='ocrx_word' id='word_1_796' title='bbox 1363 5337 1550 5403; x_wconf 73' lang='lat' dir='ltr'><strong>solitudinem,</strong></span> <span class='ocrx_word' id='word_1_797' title='bbox 1572 5344 1597 5392; x_wconf 88' lang='lat' dir='ltr'><strong>et</strong></span> <span class='ocrx_word' id='word_1_798' title='bbox 1611 5341 1731 5392; x_wconf 83' lang='lat' dir='ltr'><strong>statuum</strong></span> <span class='ocrx_word' id='word_1_799' title='bbox 1745 5352 1805 5392; x_wconf 89' lang='lat' dir='ltr'><strong>eom</strong></span> 
     </span>
     <span class='ocr_line' id='line_1_57' title="bbox 99 5424 1804 5509; baseline -0.006 -19"><span class='ocrx_word' id='word_1_800' title='bbox 99 5436 249 5506; x_wconf 84' lang='lat' dir='ltr'><strong>projectus</strong></span> <span class='ocrx_word' id='word_1_801' title='bbox 262 5438 324 5489; x_wconf 89' lang='lat' dir='ltr'><strong>est:</strong></span> <span class='ocrx_word' id='word_1_802' title='bbox 341 5434 467 5506; x_wconf 90' lang='lat' dir='ltr'><strong>populus</strong></span> <span class='ocrx_word' id='word_1_803' title='bbox 482 5451 576 5499; x_wconf 90' lang='lat' dir='ltr'><strong>meus,</strong></span> <span class='ocrx_word' id='word_1_804' title='bbox 593 5435 661 5506; x_wconf 89' lang='lat' dir='ltr'><strong>quia</strong></span> <span class='ocrx_word' id='word_1_805' title='bbox 681 5434 769 5491; x_wconf 83' lang='lat' dir='ltr'><strong>trater</strong></span> <span class='ocrx_word' id='word_1_806' title='bbox 784 5439 853 5492; x_wconf 92' lang='lat' dir='ltr'><strong>tuus</strong></span> <span class='ocrx_word' id='word_1_807' title='bbox 867 5441 923 5509; x_wconf 90' lang='lat' dir='ltr'><strong>est,</strong></span> <span class='ocrx_word' id='word_1_808' title='bbox 977 5433 1051 5489; x_wconf 86' lang='lat' dir='ltr'><strong>uelut</strong></span> <span class='ocrx_word' id='word_1_809' title='bbox 1067 5439 1168 5488; x_wconf 86' lang='lat' dir='ltr'><strong>terrum</strong></span> <span class='ocrx_word' id='word_1_810' title='bbox 1185 5431 1300 5496; x_wconf 78' lang='lat' dir='ltr'><strong>trivium,</strong></span> <span class='ocrx_word' id='word_1_811' title='bbox 1316 5436 1341 5483; x_wconf 84' lang='lat' dir='ltr'><strong>et</strong></span> <span class='ocrx_word' id='word_1_812' title='bbox 1356 5428 1522 5490; x_wconf 74' lang='lat' dir='ltr'><strong>interficiam</strong></span> <span class='ocrx_word' id='word_1_813' title='bbox 1537 5442 1597 5482; x_wconf 88' lang='lat' dir='ltr'><strong>com</strong></span> <span class='ocrx_word' id='word_1_814' title='bbox 1611 5427 1659 5480; x_wconf 88' lang='lat' dir='ltr'><strong>siti</strong></span> <span class='ocrx_word' id='word_1_815' title='bbox 1668 5424 1764 5498; x_wconf 74' lang='lat' dir='ltr'><strong>[Vulg.</strong></span> <span class='ocrx_word' id='word_1_816' title='bbox 1775 5427 1804 5480; x_wconf 88' lang='lat' dir='ltr'><strong>iu</strong></span> 
     </span>
    </p>
   </div>
   <div class='ocr_carea' id='block_1_3' title="bbox 99 5587 1807 5811">
    <p class='ocr_par' dir='ltr' id='par_1_3' title="bbox 99 5587 1807 5811">
     <span class='ocr_line' id='line_1_58' title="bbox 132 5587 1807 5666; baseline -0.004 -18"><span class='ocrx_word' id='word_1_817' title='bbox 132 5595 171 5665; x_wconf 84' lang='lat' dir='ltr'><strong>(o)</strong></span> <span class='ocrx_word' id='word_1_818' title='bbox 187 5592 316 5649; x_wconf 83' lang='lat' dir='ltr'><strong>Alteram</strong></span> <span class='ocrx_word' id='word_1_819' title='bbox 332 5593 496 5664; x_wconf 88' lang='lat' dir='ltr'><strong>lectionem,</strong></span> <span class='ocrx_word' id='word_1_820' title='bbox 512 5595 583 5660; x_wconf 90' lang='lat' dir='ltr'><strong>sive,</strong></span> <span class='ocrx_word' id='word_1_821' title='bbox 595 5601 620 5650; x_wconf 89' lang='lat' dir='ltr'><strong>et</strong></span> <span class='ocrx_word' id='word_1_822' title='bbox 632 5611 687 5650; x_wconf 84' lang='lat' dir='ltr'><strong>nou</strong></span> <span class='ocrx_word' id='word_1_823' title='bbox 701 5595 829 5651; x_wconf 85' lang='lat' dir='ltr'><strong>dilectum</strong></span> <span class='ocrx_word' id='word_1_824' title='bbox 842 5596 924 5652; x_wconf 85' lang='lat' dir='ltr'><strong>diter·</strong></span> <span class='ocrx_word' id='word_1_825' title='bbox 1014 5594 1052 5666; x_wconf 83' lang='lat' dir='ltr'><strong>(b)</strong></span> <span class='ocrx_word' id='word_1_826' title='bbox 1068 5595 1115 5648; x_wconf 89' lang='lat' dir='ltr'><strong>Sic</strong></span> <span class='ocrx_word' id='word_1_827' title='bbox 1131 5591 1254 5648; x_wconf 86' lang='lat' dir='ltr'><strong>Palatini</strong></span> <span class='ocrx_word' id='word_1_828' title='bbox 1265 5589 1374 5646; x_wconf 86' lang='lat' dir='ltr'><strong>habent</strong></span> <span class='ocrx_word' id='word_1_829' title='bbox 1390 5604 1461 5644; x_wconf 89' lang='lat' dir='ltr'><strong>mss.</strong></span> <span class='ocrx_word' id='word_1_830' title='bbox 1479 5591 1569 5643; x_wconf 77' lang='lat' dir='ltr'><strong>Antea</strong></span> <span class='ocrx_word' id='word_1_831' title='bbox 1586 5590 1649 5645; x_wconf 90' lang='lat' dir='ltr'><strong>erat</strong></span> <span class='ocrx_word' id='word_1_832' title='bbox 1663 5603 1743 5660; x_wconf 86' lang='lat' dir='ltr'><strong>quem</strong></span> <span class='ocrx_word' id='word_1_833' title='bbox 1757 5587 1807 5643; x_wconf 84' lang='lat' dir='ltr'><strong>ille</strong></span> 
     </span>
     <span class='ocr_line' id='line_1_59' title="bbox 99 5665 1092 5740; baseline 0.001 -21"><span class='ocrx_word' id='word_1_834' title='bbox 99 5666 167 5732; x_wconf 86' lang='lat' dir='ltr'><strong>tum,</strong></span> <span class='ocrx_word' id='word_1_835' title='bbox 184 5666 300 5737; x_wconf 77' lang='lat' dir='ltr'><strong>praeteri</strong></span> <span class='ocrx_word' id='word_1_836' title='bbox 328 5672 356 5721; x_wconf 78' lang='lat' dir='ltr'><strong>S.</strong></span> <span class='ocrx_word' id='word_1_837' title='bbox 386 5665 491 5722; x_wconf 80' lang='lat' dir='ltr'><strong>Doctus</strong></span> <span class='ocrx_word' id='word_1_838' title='bbox 519 5665 604 5740; x_wconf 84' lang='lat' dir='ltr'><strong>epist.</strong></span> <span class='ocrx_word' id='word_1_839' title='bbox 636 5667 696 5735; x_wconf 80' lang='lat'><strong>120,</strong></span> <span class='ocrx_word' id='word_1_840' title='bbox 718 5667 755 5723; x_wconf 86' lang='lat' dir='ltr'><strong>ad</strong></span> <span class='ocrx_word' id='word_1_841' title='bbox 773 5667 923 5724; x_wconf 87' lang='lat' dir='ltr'><strong>lledibiam</strong></span> <span class='ocrx_word' id='word_1_842' title='bbox 977 5666 1092 5722; x_wconf 84' lang='lat' dir='ltr'><strong>dimisit.</strong></span> 
     </span>
     <span class='ocr_line' id='line_1_60' title="bbox 101 5732 1804 5811; baseline -0.006 -19"><span class='ocrx_word' id='word_1_843' title='bbox 101 5740 203 5807; x_wconf 79' lang='lat' dir='ltr'><strong>quest.</strong></span> <span class='ocrx_word' id='word_1_844' title='bbox 220 5736 263 5792; x_wconf 85' lang='lat'><strong>10.</strong></span> <span class='ocrx_word' id='word_1_845' title='bbox 279 5735 402 5811; x_wconf 81' lang='lat' dir='ltr'><strong>Vulgata</strong></span> <span class='ocrx_word' id='word_1_846' title='bbox 416 5737 505 5795; x_wconf 88' lang='lat' dir='ltr'><strong>simul</strong></span> <span class='ocrx_word' id='word_1_847' title='bbox 521 5742 678 5811; x_wconf 88' lang='lat' dir='ltr'><strong>utramque</strong></span> <span class='ocrx_word' id='word_1_848' title='bbox 693 5738 808 5796; x_wconf 88' lang='lat' dir='ltr'><strong>retinet.</strong></span> <span class='ocrx_word' id='word_1_849' title='bbox 1014 5737 1050 5809; x_wconf 86' lang='lat' dir='ltr'><strong>(c)</strong></span> <span class='ocrx_word' id='word_1_850' title='bbox 1059 5733 1169 5794; x_wconf 83' lang='lat' dir='ltr'><strong>Vitiosa</strong></span> <span class='ocrx_word' id='word_1_851' title='bbox 1180 5734 1300 5811; x_wconf 88' lang='lat' dir='ltr'><strong>quidam</strong></span> <span class='ocrx_word' id='word_1_852' title='bbox 1311 5732 1377 5792; x_wconf 89' lang='lat' dir='ltr'><strong>libri</strong></span> <span class='ocrx_word' id='word_1_853' title='bbox 1389 5732 1488 5805; x_wconf 81' lang='lat' dir='ltr'><strong>ubsque</strong></span> <span class='ocrx_word' id='word_1_854' title='bbox 1501 5732 1555 5789; x_wconf 85' lang='lat' dir='ltr'><strong>Dec</strong></span> <span class='ocrx_word' id='word_1_855' title='bbox 1570 5747 1632 5789; x_wconf 87' lang='lat' dir='ltr'><strong>uero</strong></span> <span class='ocrx_word' id='word_1_856' title='bbox 1645 5734 1672 5789; x_wconf 89' lang='lat' dir='ltr'><strong>ct</strong></span> <span class='ocrx_word' id='word_1_857' title='bbox 1686 5734 1804 5788; x_wconf 74' lang='lat' dir='ltr'><strong>curuo.</strong></span> 
     </span>
    </p>
   </div>
   <div class='ocr_carea' id='block_1_4' title="bbox 0 0 1917 6100">
    <p class='ocr_par' dir='ltr' id='par_1_4' title="bbox 0 0 1917 6100">
     <span class='ocr_line' id='line_1_61' title="bbox 0 0 1917 6100; baseline 0 0"><span class='ocrx_word' id='word_1_858' title='bbox 0 0 1917 6100; x_wconf 95' lang='lat' dir='ltr'><strong> </strong></span> 
     </span>
    </p>
   </div>
  </div>
 </body>
</html>
