3840 6098
100 306 179 379 {illl
361 299 363 304 ’
440 303 876 374 connumerandum
898 304 1131 375 seulement
1152 307 1282 375 cluse.
1303 307 1391 374 CLP.
1412 302 1453 376 lt.
1619 330 1622 335 ·
1720 300 1801 374 lats

98 445 128 520 v)
142 446 195 515 3132
205 446 305 502 multos
321 443 420 500 aumtit
433 444 467 500 ab
482 444 638 515 iniquitate.
650 441 705 508 Qui
719 442 854 499 sacerdos
864 446 921 512 est,
934 443 962 511 Α
976 443 1052 500 0⁰1
1067 445 1195 502 asinaria
1204 444 1311 518 ligetur
1321 445 1399 502 circs
1408 443 1528 515 collum,
1546 446 1575 501 st
1593 443 1623 500 iu
1634 459 1713 502 mare
1723 461 1800 519 prse-

98 541 128 594 ct
143 552 202 593 non
230 533 350 606 corripit
376 533 589 606 delinquentes,
619 533 779 589 sacerdotis
793 531 923 588 osticium
978 531 1216 606 cipitetur,quam
1228 533 1552 591 scandalizetunumde
1560 532 1703 590 minimis.
1715 534 1800 591 lnllr·

98 624 241 699 preterit.
260 624 344 678 Labie
358 623 513 680 sacerdotis
526 622 680 678 custodient
689 623 832 678 seientiam
846 640 852 677 :
866 639 924 678 non
978 639 1043 680 mos
1058 627 1158 680 autem
1173 623 1284 681 iaciunt
1303 623 1424 695 multos,
1439 623 1488 696 qui
1512 639 1579 680 cum
1605 621 1755 680 credentes
1769 623 1800 681 in

99 715 183 785 dixit,
198 714 351 786 proferent,
382 712 443 781 sed,
472 711 635 781 custodient,
664 716 697 767 ut
720 711 923 783 loquanturin
979 712 1094 769 Christo
1104 713 1172 769 lidei
1184 715 1274 769 robur
1284 712 1459 787 acceperint,
1475 713 1618 770 infirmari
1629 729 1679 769 cos
1689 711 1802 770 faciunt

98 808 241 877 tempore,
253 803 381 875 dentque
392 800 539 857 conservis
550 800 660 856 cibaria
675 800 705 855 in
717 805 848 872 tempore
858 815 923 856 sun.
979 801 1157 874 negligentia
1171 801 1400 860 conversationis
1423 819 1493 874 sue,
1517 802 1625 875 quihus
1637 800 1801 858 rectissime

98 895 132 951 Et
145 894 231 965 tepens
244 893 385 964 requirent
399 906 434 945 ιι
447 907 493 946 ore
507 891 576 962 ejus.
600 890 631 945 ln
657 894 761 962 Aggaeo
777 890 831 946 hoc
847 889 924 946 idem
979 891 1086 948 dicitur
1098 911 1104 948 :
1117 893 1232 948 lrritum
1241 887 1347 966 fecistis
1356 900 1466 964 pactum
1475 893 1549 960 Levi,
1564 896 1683 965 pactum
1697 889 1763 946 vite
1772 891 1802 946 et

98 982 258 1040 scribitur:
275 981 315 1053 (a)
341 983 507 1051 lnterropnte
528 978 680 1035 sacerdotes
703 981 792 1048 tepens
815 981 926 1036 Domini
979 981 1070 1053 pacis,
1082 986 1111 1037 et
1122 985 1234 1054 cratera,
1247 998 1311 1053 quse
1322 981 1467 1055 pertinere
1478 981 1515 1037 ad
1532 981 1661 1038 cilicium
1672 980 1802 1039 diximus

98 1072 206 1143 (dppaei
220 1088 251 1137 u,
270 1068 559 1142 ruscinonensis
585 1069 712 1141 pertinet
737 1067 923 1141 disciplinam
979 1070 1149 1126 sacerdotis.
1165 1072 1258 1137 Quam
1275 1071 1312 1126 ob
1324 1086 1457 1139 causam,
1479 1073 1508 1126 et
1531 1086 1595 1144 ego,
1610 1068 1716 1142 inquit,
1732 1070 1801 1127 dedi
1903 1141 1906 1147 Ι

101 1161 317 1232 interrogatum
335 1157 509 1231 respondere
523 1158 559 1213 de
575 1156 647 1230 lega.
673 1157 726 1222 Qui
743 1156 768 1214 si
785 1157 925 1229 ignorari·
977 1175 1028 1214 vos
1039 1158 1275 1233 contemptibiles
1285 1163 1314 1215 et
1324 1158 1450 1215 humiles
1461 1159 1599 1216 omuibus
1621 1157 1750 1232 populis,
1765 1162 1800 1217 ut

98 1250 215 1306 tiamin
232 1249 344 1305 caeteris
372 1247 552 1320 diligentem,
582 1246 611 1301 in
640 1245 924 1318 Scripturissanctis
977 1264 1029 1304 vos
1045 1252 1274 1321 contemnerent,
1290 1252 1320 1305 et
1348 1265 1400 1321 pro
1416 1248 1526 1305 honore
1551 1252 1580 1304 et
1593 1246 1698 1320 gloria,
1712 1246 1800 1320 quasi

99 1337 264 1396 obtenderit
278 1335 485 1411 negligentem,
502 1336 610 1391 frustra
632 1336 726 1407 Jactat
739 1334 922 1408 dignitatem,
978 1338 1105 1409 dejectos
1117 1337 1304 1410 humilesque
1327 1337 1490 1394 calcarent:
1514 1337 1591 1394 Sicut
1605 1337 1801 1394 conservastis

99 1430 185 1502 cujus
200 1444 288 1502 opera
303 1443 361 1484 non
377 1425 503 1482 exhibet.
526 1425 584 1480 lioc
608 1429 652 1481 est
679 1425 757 1497 quod
774 1423 924 1496 apostolus
977 1428 1036 1482 uias
1050 1442 1136 1496 meas,
1152 1430 1178 1482 et
1191 1428 1333 1500 accepistis
1346 1428 1450 1498 {miem
1469 1428 1500 1483 in
1514 1427 1582 1498 tege.
1609 1425 1801 1483 Interamnia

98 1517 209 1575 Paulus
219 1515 322 1573 scribit
332 1515 368 1571 ad
391 1514 491 1571 'Pilum
505 1532 511 1570 :
526 1515 558 1571 ut
567 1522 663 1586 potens
682 1516 720 1570 sit
730 1515 879 1571 eutrortari
893 1515 921 1569 in
978 1521 1097 1589 peccata
1108 1515 1186 1584 Levi,
1198 1514 1258 1573 sive
1269 1533 1370 1573 eorum
1382 1515 1431 1590 qui
1442 1532 1477 1573 ex
1487 1516 1553 1572 Levi
1573 1519 1652 1585 sunt,
1664 1516 1800 1573 sacerdo·

98 1603 568 1674 doctrinasana,etcontrndiccntes
587 1604 844 1676 reui'ncerellitum.
856 1604 921 1676 ι,9).
976 1603 1802 1679 tumDei,illudetultimumetmaximumponilur,quaro

99 1696 135 1753 lit
144 1696 180 1752 ad
190 1694 378 1751 Timotheum
387 1694 480 1750 :uec
492 1696 633 1767 Quoniam
645 1694 679 1749 ab
692 1695 819 1765 infantia
828 1709 923 1748 sacras
977 1692 1121 1766 accipiant
1132 1693 1237 1750 taciem
1245 1694 1275 1749 in
1285 1693 1359 1766 lege,
1372 1698 1473 1751 utnon
1485 1694 1650 1751 causassed
1660 1709 1801 1767 personas

99 1786 212 1842 litteras
225 1785 307 1852 nosti,
321 1797 384 1856 quse
397 1787 424 1838 te
437 1785 545 1852 possint
560 1785 696 1840 instruere
706 1781 880 1849 adsalutem,
892 1790 922 1838 ut
938 1813 962 1878 B
979 1783 1168 1855 considerint,
1176 1785 1351 1857 justumque
1361 1800 1519 1857 pauperem
1530 1783 1737 1855 despicientes,
1746 1780 1803 1838 ini·

97 1872 588 1948 peccantescoramomnibusarpuos
608 1871 643 1943 (ll
666 1873 732 1927 Tim.
746 1889 789 1942 ιιι,
802 1872 857 1943 13).
873 1871 923 1928 Se·
978 1889 1053 1945 quos
1076 1872 1179 1928 divites
1210 1871 1373 1946 suscipient
1395 1876 1424 1928 ιι
1440 1871 1593 1929 honorent.
1606 1871 1648 1929 Ad
1676 1888 1750 1945 quos
1770 1870 1801 1927 in

101 1963 201 2037 quitur
212 1981 218 2018 :
232 1963 301 2032 Quia
311 1961 548 2034 unpeluslbomini
557 1963 727 2017 enercituum
737 1969 785 2016 ιιι.
798 1959 925 2033 Exponit
977 1961 1155 2034 octagesimo
1169 1961 1264 2034 primo
1274 1959 1388 2033 psalmo
1399 1960 1661 2034 dicitur:llsquequo
1668 1959 1802 2033 judicatis

99 2069 207 2110 nomen
219 2068 306 2108 suum
317 2052 405 2106 Erras
416 2050 552 2107 sacerdos
575 2050 635 2121 Dei,
660 2047 716 2106 hoc
739 2053 793 2118 cst,
805 2050 925 2106 blalacld
978 2053 1169 2124 iniquitatem,
1180 2053 1298 2122 etsocics
1306 2058 1483 2122 peecatorum
1491 2052 1602 2107 sumdis
1610 2049 1694 2123 (Psal.
1706 2065 1800 2120 cxxxr,

100 2142 178 2216 quod
193 2141 306 2213 anpetus
319 2140 665 2212 dominiinterpretatur:
680 2138 803 2212 angelus
813 2143 923 2206 autem,
977 2140 1069 2211 mist
1080 2139 1189 2196 Paulus
1202 2138 1238 2196 ad
1263 2138 1399 2196 Galatas:
1424 2140 1506 2211 bens,
1531 2131 1638 2212 inquit,
1654 2153 1802 2212 personam

98 2231 199 2298 idest,
221 2228 353 2296 nuntius,
383 2229 521 2285 sacerdos
546 2227 609 2296 Dei,
638 2226 921 2296 verissimedioitur,
977 2225 1798 2301 bominisnonaccipil(Gat.xxv1).Pleniusqueapostolus

100 2320 172 2393 quia
182 2318 232 2375 Dei
246 2322 276 2374 et
286 2317 441 2373 hominum
454 2321 605 2390 sequester
615 2320 669 2384 est,
692 2318 815 2389 ejusque
826 2317 860 2372 ad
872 2334 923 2390 po·
977 2318 1102 2377 lacobus
1112 2316 1442 2391 hocpeccalumarguit,
1451 2317 1723 2389 atquecondemnat
1732 2316 1798 2389 (iac.

99 2407 204 2482 pulum
216 2407 333 2464 nuntiet
341 2405 520 2463 voluntatem
534 2424 540 2462 :
555 2405 701 2462 etidcirco
716 2406 746 2462 iu
764 2405 924 2463 sacerdotis
976 2409 1015 2481 2).
1027 2405 1174 2479 Quidquid
1185 2410 1284 2463 autem
1295 2405 1385 2478 priori
1395 2405 1503 2480 populo
1513 2405 1630 2476 dicitur,
1642 2404 1731 2462 etiam
1746 2420 1799 2462 uo·

99 2502 215 2571 pectore
233 2496 375 2553 rationale
389 2500 434 2552 est
455 2495 552 2567 (Laod.
580 2495 669 2567 xxm),
700 2500 728 2552 et
742 2495 772 2550 in
788 2493 923 2551 rationali
977 2498 1024 2555 his
1037 2497 1336 2570 dictumputemusut
1348 2494 1493 2552 cautiores
1514 2493 1800 2552 recedamusavitiis

99 2587 233 2644 doctrina
247 2589 275 2643 et
288 2586 396 2642 veritas
411 2584 541 2658 ponitur,
559 2589 592 2640 ut
615 2585 776 2651 discamus,
793 2583 925 2640 sacerdo·
977 2590 1006 2643 et
1021 2585 1125 2643 faciem
1141 2602 1198 2641 non
1212 2583 1410 2657 suscipiamus
1424 2583 1455 2639 in
1469 2582 1544 2657 lege,
1560 2599 1613 2640 nec
1628 2583 1680 2655 qui
1694 2599 1800 2641 sumus

98 2681 159 2733 tem
175 2676 296 2732 doctum
311 2691 375 2731 esse
390 2673 505 2744 debere,
535 2678 564 2729 et
592 2690 756 2746 preconem
771 2672 923 2729 dominice
978 2675 1104 2734 cultores
1118 2672 1181 2740 Dei,
1197 2673 1312 2730 veritati
1327 2672 1513 2730 mendacium
1528 2673 1729 2746 praeferamus.

99 2764 241 2836 veritatis.
257 2764 382 2831 Quidam
392 2763 447 2819 hoc
458 2764 538 2836 quod
559 2764 594 2818 ad
607 2763 673 2820 Levi
699 2767 728 2819 et
740 2780 791 2836 per
804 2764 871 2819 Levi
887 2764 923 2819 ad
1013 2764 1107 2836 (Vere.
1119 2765 1153 2818 10
1164 2763 1257 2837 seqq.)
1273 2763 1411 2836 Numquid
1424 2778 1481 2818 non
1494 2766 1579 2819 Pater
1592 2778 1664 2821 unus
1673 2763 1803 2820 omnium

99 2854 267 2913 sacerdotes
282 2852 399 2921 dicitur,
417 2852 491 2909 salso
506 2856 611 2925 putant
625 2852 924 2925 intelligendumesse
977 2857 1121 2911 nostrum?
1147 2852 1365 2924 Numquidnam
1393 2853 1464 2908 Deus
1491 2853 1595 2909 creavit
1622 2854 1693 2910 nost
1710 2837 1803 2924 Qudrc

100 2946 137 3002 de
152 2942 277 3010 Christe,
294 2959 351 2999 uon
381 2941 572 3014 respicientes
600 2958 635 2997 ea
663 2957 726 3013 que
748 2944 922 3014 sequuntur,
977 2930 1041 3016 erpo
1054 2943 1170 3015 despicit
1184 2943 1371 3014 unumquisque
1383 2942 1804 3014 nostrumsratremsuummic-

99 3050 231 3107 persone
245 3030 351 3089 Christi
368 3047 432 3088 esse
446 3029 602 3086 contraria.
979 3030 1800 3106 lanspaetumpatrumnostrorum?Transpressuscsttudu,

136 3123 230 3196 (Vere.
245 3122 273 3190 8,
288 3121 328 3192 9.)
345 3121 392 3177 Vos
409 3128 502 3177 numm
523 3121 671 3176 recessistis
684 3119 717 3176 de
729 3121 785 3188 nin,
801 3123 828 3176 et
840 3136 922 3176 scan-
977 3131 1005 3181 et
1013 3123 1185 3180 abominatio
1199 3123 1272 3192 sacta
1281 3124 1321 3176 est
1331 3122 1361 3177 in
1372 3120 1467 3189 lsrael,
1478 3124 1504 3177 et
1512 3122 1541 3177 in
1550 3121 1720 3178 seranum:
1735 3120 1803 3193 quia

98 3212 240 3269 datinastis
254 3211 388 3282 plurimos
399 3211 430 3265 in
445 3210 528 3282 tepe:
557 3211 671 3265 irritum
697 3211 801 3281 fecistis
813 3184 959 3281 pactumC
978 3213 1179 3270 contaminavit
1193 3209 1263 3268 tuda
1277 3210 1524 3280 sanctificationem
1534 3209 1654 3279 Domini,
1665 3208 1801 3281 quamdi·

98 3302 175 3371 Leni,
191 3299 260 3356 dicit
275 3300 406 3355 Dominus
420 3299 604 3354 exercituum.
621 3299 736 3370 Propter
751 3297 821 3370 qued
835 3302 923 3369 stepo
977 3303 1056 3368 benit,
1069 3303 1094 3355 et
1104 3299 1199 3354 babuit
1208 3299 1297 3370 fitium
1308 3299 1359 3354 Dei
1367 3299 1464 3355 alieni.
1475 3298 1617 3371 disperdet
1626 3297 1683 3369 (Al.
1695 3297 1802 3368 desper-

98 3389 164 3447 dedi
178 3403 223 3444 uos
235 3387 461 3456 cmtemptibiles,
478 3394 504 3442 et
519 3385 636 3442 humiles
658 3386 785 3441 amnibus
803 3387 923 3458 populis,
977 3390 1036 3462 dat)
1051 3388 1182 3444 Dominio
1192 3389 1283 3442 virum
1297 3389 1347 3458 qui
1359 3389 1456 3458 feccrit
1465 3387 1526 3456 bac,
1537 3389 1703 3459 magistrum
1718 3394 1745 3442 ιι
1753 3386 1800 3442 ds·-

98 3481 171 3536 sicut
184 3493 239 3534 non
252 3478 380 3533 servastis
402 3478 461 3532 nias
475 3491 560 3543 mens,
576 3483 602 3530 ιι
622 3476 765 3543 accepistis
777 3477 879 3546 taciem
894 3476 925 3530 in
978 3477 1116 3550 scipulum
1129 3474 1163 3532 do
1177 3474 1365 3531 tabernaculis
1374 3477 1470 3543 doceb,
1485 3480 1512 3531 et
1525 3475 1799 3550 offerentemssmanus

100 3570 168 3640 tepe.
183 3565 271 3625 Lxx:
290 3568 337 3622 Vos
369 3572 460 3621 cutem
487 3564 648 3620 declinastis
672 3564 706 3620 dc
729 3565 776 3619 uin
800 3579 871 3631 mea,
901 3570 928 3620 et
979 3567 1093 3622 Domino
1107 3561 1666 3620 exercituum.LllX:NonnePaterunus
1676 3563 1804 3619 omnium

100 3659 205 3729 ifirmos
214 3656 319 3727 fecistis
329 3654 429 3710 multos
439 3656 468 3710 in
481 3654 713 3725 tepe,corrupistis
735 3657 926 3708 testamentum
980 3657 1120 3712 uestrum?
1130 3654 1226 3710 Nonne
1238 3656 1312 3708 Deus
1322 3668 1393 3707 unus
1402 3653 1577 3708 creauituos?
1586 3653 1680 3722 Quare
1689 3651 1805 3725 reliqui·

100 3747 178 3813 Levi,
188 3744 255 3801 dicit
264 3745 394 3800 dominns
415 3744 594 3813 omnipotens.
618 3745 655 3798 Ει
669 3758 716 3814 epo
735 3741 798 3798 dedi
808 3758 852 3799 nos
866 3758 928 3798 eon-
980 3741 1806 3815 strsuausquisquesratremsuum,ntabominabiletaceret

102 3833 278 3907 temptibites,
291 3837 317 3890 et
332 3831 518 3888 dissolutorie
531 3847 625 3887 omnes
639 3835 740 3903 pentes,
753 3848 805 3904 pro
817 3848 847 3888 eo
858 3831 929 3905 quod
982 3839 1173 3892 testamentum
1181 3837 1294 3904 patrum
1304 3839 1464 3888 vestrorum.
1489 3830 1638 3887 unctium
1655 3829 1804 3901 estiudas,

101 3939 158 3980 non
168 3921 326 3979 custodistis
335 3923 396 3977 nias
405 3937 489 3991 meas,
500 3920 547 3976 sed
557 3923 732 3993 accipiebatis
754 3937 884 3993 personas
899 3923 929 3977 in
982 3929 1009 3981 et
1018 3924 1190 3981 abominatio
1202 3923 1281 3992 tacta
1294 3930 1334 3977 est
1343 3922 1374 3976 in
1384 3920 1479 3992 lsrael,
1490 3924 1516 3976 ιι
1525 3923 1555 3975 in
1565 3920 1729 3992 bersuatem,
1738 3921 1807 3993 quia

101 4015 169 4084 lepe.
186 4015 252 4066 llaec
267 4011 303 4067 ud
322 4010 430 4068 Christi
446 4027 504 4066 nou
521 4010 667 4082 pertinere
693 4026 861 4083 personam,
877 4026 929 4068 nec
983 4013 1182 4071 conuenirent
1195 4011 1279 4068 iudas
1292 4013 1386 4067 saneta
1399 4011 1521 4079 Domini,
1536 4011 1566 4067 in
1580 4010 1679 4082 quibus
1693 4010 1805 4081 diunt,

101 4102 139 4158 sd
155 4117 205 4157 eos
221 4100 272 4174 qui
285 4098 367 4156 illius
383 4098 476 4155 cultui
492 4099 617 4156 dedicati
632 4104 711 4168 suut,
738 4099 854 4156 etiamsi
876 4116 929 4173 ego
983 4107 1008 4160 ιι
1020 4102 1162 4158 adinvenit
1169 4100 1231 4157 deos
1239 4101 1354 4157 alienos.
1365 4099 1510 4172 deperdat
1519 4100 1656 4157 Dominus
1669 4100 1808 4158 bominem

102 4190 354 4263 taceamprudens
364 4187 456 4245 lector
467 4187 614 4261 intelligit.
626 4189 661 4244 ut
677 4189 930 4261 estsensus1llgo
983 4194 1032 4266 qui
1041 4193 1109 4263 sarit
1119 4190 1187 4263 bec,
1198 4190 1275 4247 0⁰2
1285 4190 1370 4247 donec
1392 4189 1556 4246 exturbetur
1565 4190 1599 4247 dc
1622 4190 1809 4248 tabernaculis

103 4296 155 4338 vos
166 4277 246 4336 volui
259 4278 353 4336 iacere
364 4294 429 4350 quse
442 4277 532 4350 priori
544 4276 673 4349 capitulo
690 4277 885 4349 continentur,
902 4282 931 4335 et
984 4281 1075 4348 Jacob,
1084 4284 1109 4337 ιι
1118 4279 1152 4335 de
1164 4279 1218 4348 bis,
1229 4281 1278 4352 qui
1287 4280 1407 4352 offerunt
1417 4278 1587 4350 sacrificium
1596 4279 1713 4336 Domino
1723 4281 1810 4337 omni·

104 4370 141 4426 dc
153 4368 262 4441 quihus
273 4384 325 4440 per
339 4367 457 4440 Moysen
485 4367 514 4421 in
538 4366 761 4423 Deuteronomio
775 4384 839 4422 sum
851 4366 931 4423 locu·
983 4372 1100 4444 potenti.
1112 4368 1459 4445 Antequamdeprreseuti
1470 4366 1598 4441 capitulo
1609 4367 1808 4442 disputemus,

104 4460 174 4513 tus:
190 4455 256 4512 bate
270 4457 335 4512 Leni
349 4455 506 4512 doctrinam
520 4455 589 4527 ejus,
602 4458 628 4511 et
637 4457 782 4511 ueritatem
791 4457 850 4512 viro
857 4458 932 4528 justo
985 4459 1172 4516 Hebraeorum
1188 4462 1233 4514 cst
1246 4457 1380 4530 ponenda
1393 4455 1522 4524 traditio,
1546 4454 1639 4512 immo
1653 4456 1809 4531 Scriptura

104 4546 195 4618 (Dent.
221 4562 319 4614 ιιιιιιιι,
345 4547 372 4613 8,
397 4561 449 4601 sec.
465 4545 548 4616 LXX),
575 4541 750 4616 etreliqua:
766 4561 817 4601 vos
833 4549 971 4626 auteml)
988 4548 1095 4604 veritas
1105 4546 1287 4620 explicanda.
1299 4544 1435 4618 Legimus
1444 4545 1474 4601 in
1484 4543 1810 4618 volumine,quodllzrae

107 4633 273 4691 recessistis
300 4635 336 4690 de
363 4635 411 4691 via
436 4638 524 4706 recta,
546 4633 607 4689 sive
622 4631 803 4699 declinastis,
819 4634 934 4692 dicente
987 4635 1073 4692 titulo
1086 4639 1274 4709 prenotatur,
1285 4633 1632 4708 expersonaipsiusllcrae
1642 4634 1809 4708 loquentis:

106 4739 173 4780 me:
189 4724 249 4779 Non
263 4722 383 4780 declines
397 4738 484 4794 neque
502 4721 541 4778 ad
563 4721 697 4789 deutrum,
714 4738 803 4794 neque
815 4722 850 4778 ad
863 4725 933 4779 sini·
987 4727 1165 4782 decesserunt
1173 4723 1209 4779 ad
1220 4739 1264 4780 me
1281 4724 1431 4795 principes,
1451 4722 1589 4780 dicentes:
1614 4724 1673 4781 Non
1683 4731 1811 4794 estsera-

106 4821 179 4871 trom
204 4813 294 4884 (Dent.
323 4829 351 4881 v,
380 4812 444 4885 32);
461 4811 637 4868 etinbrmos
653 4810 763 4868 fecistis
779 4811 888 4868 multos
903 4812 933 4868 in
988 4823 1066 4870 ratus
1080 4814 1197 4886 populus
1211 4813 1306 4881 lsrael,
1323 4820 1348 4869 et
1362 4812 1513 4870 sacerdotes
1526 4816 1553 4870 et
1565 4814 1694 4872 Levitaeu
1700 4814 1813 4888 populis

107 4901 182 4975 lege,
194 4901 254 4957 siue
273 4901 505 4967 scandalizastis,
531 4904 564 4957 ut
578 4900 684 4972 Aquila
695 4904 724 4956 ct
739 4900 934 4975 Symmachus
989 4912 1139 4969 terrarum,
1153 4907 1178 4959 ιι
1192 4903 1226 4960 de
1240 4902 1490 4959 abominationibus
1497 4919 1603 4976 eorum,
1612 4902 1766 4963 Cbananaei
1774 4904 1814 4960 ui·

105 4993 268 5047 verterunt.
279 4988 934 5058 Declinarcaddextram,estahstinerearihis
988 4992 1097 5059 delicet,
1109 4997 1136 5048 et
1153 4992 1240 5049 utbaei
1252 5002 1277 5048 ιι
1289 4991 1440 5060 rberesoei,
1456 5002 1483 5049 et
1509 4992 1639 5063 debusset,
1655 4997 1680 5049 et
1703 4994 1813 5051 smnu-

107 5078 933 5152 quoslieuscreavitadutendum:condemnerennptias,
989 5083 1126 5150 nitarum,
1142 5091 1168 5138 ιι
1186 5081 1381 5149 llocbitarum,
1406 5084 1432 5137 et
1459 5083 1662 5155 AEppptiorum,
1677 5087 1704 5138 et
1717 5083 1813 5140 Annor-

107 5168 174 5226 etin
183 5166 256 5224 illud
265 5168 426 5236 incurrere,
440 5168 518 5239 quod
530 5167 560 5223 in
573 5166 631 5222 alio
642 5166 704 5224 loco
715 5168 857 5242 scriptum
868 5171 913 5226 est
926 5185 932 5224 :
989 5171 1140 5230 rboeorum.
1160 5172 1292 5228 tulerunt
1305 5173 1381 5228 enim
1394 5171 1428 5226 de
1441 5171 1553 5241 filiabus
1562 5172 1733 5242 eorumsr'bi,
1743 5179 1771 5229 ct
1780 5171 1815 5243 fi·

107 5258 148 5314 Νι
157 5257 196 5315 ιιι
199 5259 291 5330 justus
300 5259 419 5315 multum
427 5257 509 5331 (dccl.
521 5274 571 5328 vri,
583 5257 639 5328 17).
658 5258 702 5313 Ad
727 5256 878 5314 sinistrum
893 5258 936 5314 di·
989 5261 1115 5328 liissuis,
1126 5266 1151 5315 et
1162 5261 1388 5317 commiscuerunt
1398 5265 1625 5317 semensanctum
1633 5277 1697 5339 cum
1704 5260 1814 5334 populis

108 5435 289 5494 scandalizat
300 5436 410 5495 multos
420 5436 451 5492 in
461 5435 525 5509 lege
535 5453 542 5492 ε
554 5435 602 5491 ιιι
618 5433 724 5492 melius
743 5440 798 5507 ost,
810 5439 843 5491 ut
858 5435 937 5493 mola
990 5441 1021 5495 in
1032 5440 1252 5509 transgressione
1262 5437 1422 5510 bocprima.
1434 5437 1702 5510 Cumqusaudissem
1710 5455 1816 5499 scruto-

147 5649 825 5727 (a)ltesoribitvictorius,interrogaexaggei
844 5654 937 5713 textu.
