3840 6098
58 218 137 285 rste
396 222 774 289 remunerationum
795 224 834 287 lll
856 221 1092 288 namnetas!
1113 223 1240 288 uteba.
1257 224 1343 291 ΟΑΡ.
1365 220 1420 289 lll.
1685 229 1765 295 tete

57 356 179 428 effudero
192 356 268 414 vobis
288 356 501 415 benedictionem
524 377 614 415 merim
628 362 791 432 usquedum
807 361 886 431 sussi-
901 359 929 427 Α
945 361 979 414 ad
989 360 1165 428 reditum,ut
1176 361 1576 435 ipsequoqueadeosredeat.
1587 362 1641 428 Qui
1653 379 1710 420 non
1722 366 1765 423 in·

57 447 123 513 ciot,
138 445 293 502 etdioidom
307 447 472 516 vobiscibos,
488 457 514 505 et
529 465 583 506 non
597 449 752 520 disperdam
763 450 884 520 fructum
937 448 1100 521 belligentcs
1108 450 1295 507 scaDomino
1303 451 1471 518 recessisse,
1479 449 1665 523 impudenter
1674 452 1764 511 inter·

58 545 140 592 torrae
149 539 256 602 uestrae,
271 540 360 590 cinon
376 537 564 606 intirruobitur
574 541 654 593 uinco
667 544 756 594 vostro
768 542 795 594 iu
805 556 881 610 apro,
938 545 1060 610 rogaui:
1077 541 1106 594 lu
1117 557 1167 610 quo
1179 549 1345 596 reuertemur
1354 544 1367 593 ‚⁹
1377 541 1412 596 ut
1424 541 1542 595 dicunt:
1556 542 1676 606 Quando
1686 543 1766 600 euim

56 625 123 681 dicit
135 626 271 680 Dominus
287 627 456 696 omnipotens
469 644 474 680 :
491 629 515 682 et
527 627 617 683 beatos
632 644 677 682 uos
686 628 776 684 dicent
791 644 883 683 ornnes
938 627 1124 696 recessimus,
1137 635 1168 683 ut
1179 630 1283 685 merito
1294 629 1388 685 radice
1398 646 1539 701 cogamur
1549 629 1711 687 ‘leminus
1720 648 1764 688 re·

55 714 311 785 praesentaretis
319 713 483 784 ros(o)terra
492 715 663 783 uoluntaria,
674 718 742 772 dicit
752 719 884 773 Dominus

56 805 238 874 omnipotens.
253 804 286 858 m
302 803 331 858 in
357 802 498 876 principio
515 805 656 872 diximus,
679 807 800 862 Malachi
818 824 884 878 pro·

57 893 176 966 phetam
192 893 293 946 Ezram
301 893 482 948 sacerdotem
494 894 598 950 debere
610 895 732 967 intelligi
745 914 751 962 ;
769 897 882 951 omnia·

56 997 113 1055 que
129 997 192 1052 qua
208 979 647 1050 inilliusscribunturhistoria,
661 984 689 1039 in
701 984 755 1039 hoc
769 1002 884 1057 quoque

56 1068 204 1125 volumine
220 1069 378 1127 contineri:
410 1076 438 1125 et
455 1088 533 1127 nunc
550 1072 687 1141 dicimus,
703 1074 885 1146 temporibus

56 1157 123 1228 ejus
139 1163 167 1213 st
181 1157 305 1214 Neemiae
317 1159 615 1230 (quossimnlvixissc
627 1163 816 1217 manifestum
830 1164 884 1235 est)

56 1248 165 1304 tamem
178 1247 267 1304 irrisae
274 1248 489 1320 gravissimam,
498 1256 526 1305 et
534 1251 570 1305 ob
581 1250 687 1306 tamem
698 1252 882 1317 seditionem,

54 1341 83 1392 et
89 1352 234 1409 pauperes
245 1353 342 1392 rerum
355 1339 527 1394 necessitate
539 1329 716 1411 compulsos,
727 1339 803 1396 lilios
815 1358 884 1397 suos

56 1429 86 1480 et
103 1424 200 1488 Filias,
217 1429 245 1480 et
259 1441 377 1482 omnem
389 1430 615 1497 possessionem,
633 1428 797 1484 universam
814 1432 884 1485 sub·

56 1515 199 1569 stantiam
211 1515 386 1571 vendidisse.
400 1516 656 1588 Deniquedicunt:
673 1520 884 1585 Filiinostri,et

53 1601 125 1671 filine
139 1611 242 1659 nostrae
256 1604 350 1658 muttae
365 1609 429 1659 sum
444 1607 537 1676 nimis,
549 1607 717 1677 accipiamus
729 1624 783 1678 pro
793 1611 880 1678 pretio

54 1707 151 1747 eorum
164 1690 347 1764 frumentum,
362 1693 568 1748 etcomcdamus
579 1703 605 1749 et
621 1697 753 1750 uiuorum.
765 1697 883 1753 Eteront

939 717 1076 787 spondit:
1092 717 1124 772 Si
1139 718 1232 789 ofli'pet
1248 717 1302 790 [Al.
1319 719 1419 790 estoit]
1437 718 1515 773 ltomo
1526 720 1623 787 deum,
1639 722 1705 791 quio
1719 736 1766 777 vos

939 804 1074 873 conliqitis
1090 809 1150 860 rue?
1166 808 1294 862 Verbum
1313 807 1768 880 Hebraicunr,(b)quodscribitur

939 910 1062 948 amaena
1073 896 1199 980 tnzptrt),
1211 895 1280 949 LXX
1289 896 1471 968 interpretati
1482 900 1552 951 suut
1566 899 1593 952 si
1604 897 1768 968 supplantat

939 999 990 1052 pro
1000 999 1058 1054 quo
1070 982 1187 1053 Aquila,
1199 989 1227 1039 ct
1237 985 1480 1055 Symmachus,ct
1490 984 1648 1041 Theodotio
1660 1002 1765 1059 posue·

939 1074 1058 1138 runt,si
1084 1072 1243 1143 fraudetut
1270 1074 1308 1128 sit
1335 1090 1458 1129 sensus:
1492 1073 1522 1128 Si
1538 1074 1655 1131 fraudat
1679 1075 1768 1133 homo

939 1160 1041 1231 Deum,
1055 1161 1125 1232 quia
1140 1179 1190 1217 vos
1208 1163 1366 1217 fraudastis
1395 1163 1448 1234 [di.
1465 1163 1619 1235 fraudatis]
1633 1165 1705 1221 met
1735 1167 1770 1221 Et

939 1265 1037 1303 revera
1051 1250 1213 1305 secundum
1232 1249 1359 1306 historice
1384 1250 1528 1317 ordinem,
1550 1250 1620 1323 quia
1634 1251 1766 1309 decimae

939 1331 1127 1407 etprimitias
1152 1338 1258 1393 Levitis
1274 1339 1399 1410 populus
1426 1356 1483 1395 non
1510 1339 1661 1406 reddebat,
1686 1340 1763 1396 etv
1787 1334 1792 1339 ’

939 1424 1069 1496 seipsum
1085 1426 1230 1493 fraudem,
1247 1427 1317 1482 dicit
1331 1427 1483 1493 Dominae,
1511 1427 1668 1497 sustinere,
1681 1430 1768 1500 cujus

940 1513 1066 1569 ministri
1082 1515 1158 1570 tame
1173 1517 1207 1588 (c)
1236 1517 1337 1583 coacti,
1359 1523 1387 1571 st
1408 1515 1530 1587 penuria
1557 1516 1700 1588 templum
1716 1518 1769 1573 de·

939 1603 1092 1659 sernerint.
1109 1604 1137 1659 Si
1153 1605 1231 1660 euim
1246 1622 1297 1677 per
1312 1603 1384 1660 alios
1399 1604 1534 1660 visitatur
1550 1605 1579 1661 in
1596 1623 1723 1675 carcere,
1740 1610 1770 1664 et

940 1697 1065 1765 egrotus
1079 1694 1249 1768 suscipitur,
1261 1699 1289 1749 ct
1299 1693 1431 1750 esuriens
1442 1693 1603 1766 sitiensque
1615 1695 1715 1751 cibum
1726 1711 1771 1752 ac-

55 1782 106 1853 qui
114 1780 253 1835 dicerent:
270 1780 615 1851 dorosnostrosctcincos,
631 1783 759 1839 ctdomos
774 1789 883 1841 nostros
936 1781 1007 1855 cipit
1021 1787 1109 1852 atquc
1134 1785 1260 1853 potatur,
1278 1798 1331 1837 cur
1346 1799 1402 1837 non
1427 1783 1455 1837 in
1472 1781 1616 1838 ministris
1630 1782 1692 1839 suis
1707 1782 1771 1856 ipse

57 1884 237 1941 apponamus,
249 1870 633 1942 ctocoipiomustrumcutum
644 1872 766 1944 infame.
779 1875 811 1928 tt
824 1875 881 1928 iro·
937 1869 1065 1925 decimas
1081 1870 1214 1941 accipiat,
1230 1875 1258 1925 et
1277 1871 1301 1927 si
1318 1888 1375 1926 non
1392 1871 1508 1939 dentur,
1527 1876 1607 1943 parte
1623 1890 1679 1928 sua
1697 1874 1762 1945 ipse

58 1963 187 2023 iussum,
203 1957 299 2029 iuquit
313 1958 410 2029 Encas,
420 1960 505 2013 nimis
515 1976 577 2014 cum
587 1959 723 2016 cudissem
735 1962 884 2018 clamorem
938 1957 1089 2030 privetur?
1104 1959 1143 2030 (d)
1160 1959 1218 2014 Hoc
1229 1961 1307 2030 quod
1319 1959 1449 2015 diximus
1464 1976 1596 2026 urracae,
1607 1959 1709 2032 lingua
1723 1964 1772 2034 sy-

57 2063 153 2103 eorum
177 2045 327 2101 secundum
353 2047 434 2102 verbo
449 2045 523 2104 hacc:
540 2050 722 2120 coqitooitqne
741 2050 818 2105 ute
838 2067 885 2107 cor

57 2153 150 2192 meum
164 2152 278 2202 mecum,
294 2145 320 2191 ct
335 2137 476 2208 r'ncropoui
496 2139 642 2208 optimates
669 2148 695 2194 et
707 2142 885 2210 mnqistrotus

57 2224 151 2297 (Num.
167 2243 193 2292 v,
208 2225 332 2296 2seqq.),
349 2228 378 2280 et
391 2226 522 2297 reliqua3
540 2227 637 2282 Famis
649 2227 739 2299 igitur
756 2237 886 2300 tempore

58 2331 178 2370 annona
190 2313 373 2382 charissima,
390 2314 549 2382 intantum,
562 2320 593 2371 ut
603 2333 672 2371 suos
681 2315 756 2372 filios
764 2318 886 2373 vendere

60 2408 244 2476 cogerentur,
274 2408 303 2458 et
317 2403 347 2457 hi
376 2403 426 2475 qui
443 2420 546 2475 parum
572 2403 727 2471 habebant,
744 2411 772 2461 et
788 2407 883 2478 quiin

60 2492 167 2548 horrea
181 2491 290 2547 multas
301 2492 400 2564 trugas
416 2497 632 2565 congesserant,
646 2511 696 2564 pro
711 2496 884 2551 necescitate

60 2581 106 2638 vel
122 2598 174 2653 pro
188 2582 273 2653 pretii
283 2582 486 2654 magnitudine
499 2583 741 2639 Levitisdecimas
751 2584 888 2640 uolebant

59 2671 192 2739 reddere,
209 2669 258 2742 qui
271 2688 327 2726 uon
341 2670 606 2742 babebautpartem
617 2671 646 2726 in
656 2672 888 2730 hareditutcdu·

61 2761 149 2826 daeae3
172 2760 222 2815 sed
245 2759 380 2832 primitie
396 2765 424 2815 et
440 2760 558 2816 decima
574 2766 657 2816 crant
672 2761 825 2818 haereditas
840 2780 887 2818 co·

62 2865 140 2904 rum.
153 2848 233 2913 Quod
250 2865 286 2903 ne
296 2851 556 2920 puteturnostrum
568 2867 642 2916 esse,
657 2867 800 2923 ponamus
810 2853 887 2907 tiaras

62 2937 280 2994 testimonium:
299 2938 332 2992 Et
346 2954 395 3006 epo
404 2941 525 3009 cognovi,
543 2938 648 3010 inquit,
661 2943 888 3011 quouiomportes

940 2065 1039 2103 rorum
1068 2053 1097 2102 et
1124 2047 1328 2103 Chaldaeorum
1359 2049 1576 2120 interpretatur,
1608 2050 1635 2104 ei
1657 2049 1769 2122 osfiqet:

942 2137 1018 2193 unde
1032 2142 1060 2192 et
1071 2154 1124 2192 nos
1140 2142 1208 2192 anta
1220 2154 1314 2192 annos
1324 2136 1468 2208 plurimos
1483 2137 1524 2192 ita
1538 2137 1689 2204 vertimus,
1703 2154 1768 2194 ma-

940 2227 985 2299 gis
1001 2225 1037 2280 ad
1053 2225 1227 2297 mysterium
1244 2224 1400 2280 Dominices
1416 2225 1576 2297 passionis,
1596 2228 1625 2282 in
1641 2243 1700 2297 qua
1715 2226 1769 2283 ho·

942 2315 1037 2370 mines
1063 2313 1388 2378 crucitixeruutDeum‚
1405 2331 1493 2385 quam
1518 2315 1554 2370 ad
1579 2314 1709 2370 decimas
1738 2331 1771 2371 ac

943 2404 1087 2476 primitias
1103 2404 1137 2473 (e)
1154 2403 1275 2475 (quibus
1288 2403 1423 2459 visitatur
1434 2403 1771 2476 incarcere,etaegrctus
1811 2422 1814 2427 ·

942 2492 1113 2566 suscipitur,
1128 2498 1157 2547 ct
1171 2492 1305 2547 esuriens
1316 2491 1478 2565 sitiensque
1489 2492 1587 2549 eibum
1599 2494 1716 2567 accipit,
1728 2497 1770 2550 at·

943 2599 999 2654 quc
1024 2585 1151 2653 potatur)
1173 2581 1280 2652 scripta
1311 2580 1477 2636 relerentes.
1506 2581 1621 2644 Onerat
1636 2583 1771 2653 prudeus

942 2671 1033 2728 lector
1047 2671 1194 2742 quomodo
1209 2675 1308 2726 nostra
1324 2670 1523 2741 interpretatio
1544 2688 1610 2726 cum
1639 2670 1686 2726 his
1703 2688 1770 2728 cou·
1849 2726 1852 2734 ,

942 2765 1037 2834 gruat,
1054 2777 1115 2830 quae
1131 2765 1312 2830 sequuntur:
1330 2759 1358 2813 ln
1371 2759 1515 2816 decimisci
1523 2761 1669 2832 primitiis,
1682 2765 1711 2816 et
1724 2762 1768 2816 vi·

943 2851 1010 2907 dent
1024 2867 1060 2905 an
1077 2848 1225 2921 possimus
1235 2847 1410 2904 hacdiccre:
1420 2850 1451 2906 ru
1462 2866 1506 2905 me
1517 2847 1673 2921 efficeretis
1683 2852 1770 2907 cruci:

943 2945 976 2994 ut
991 2937 1147 2995 sceleratas
1165 2955 1270 2993 manus
1286 2937 1448 3007 injiceretis
1464 2938 1522 2994 Deo
1537 2943 1643 3009 vestro,
1665 2939 1771 2996 multa-

60 3029 221 3084 Leuitorum
232 3042 284 3082 uon
300 3029 418 3097 tuissent
440 3027 519 3093 dotat,
535 3037 561 3083 ct
574 3031 689 3099 tuousot
702 3033 889 3103 uuusquisque
947 3045 1013 3082 rum
1029 3032 1094 3081 ante
1111 3044 1208 3082 rerum
1224 3026 1413 3082 meditatione
1433 3026 1555 3095 lecistis,
1571 3027 1770 3083 subtrahendo

62 3118 95 3172 in
108 3118 338 3187 reqioncmsuam
352 3115 384 3171 de
399 3117 508 3187 Levitis,
525 3125 550 3171 ot
569 3118 603 3171 de
622 3119 790 3187 cantoribus,
811 3123 835 3175 ct
854 3119 890 3176 du
905 3094 927 3162 C
948 3117 1077 3173 decimas
1087 3119 1116 3171 et
1129 3115 1286 3187 primitias,
1299 3133 1357 3171 non
1368 3114 1433 3171 dico
1444 3116 1645 3171 sacerdotibus
1662 3116 1773 3174 meiset

61 3205 107 3260 iiis
123 3206 170 3276 qui
183 3205 399 3259 ministrationi:
420 3213 446 3259 ot
467 3221 509 3275 eqo
524 3220 641 3260 causam
659 3207 806 3263 aduersum
829 3225 888 3264 mo·
946 3205 1063 3270 Levitis,
1079 3204 1129 3258 sed
1146 3202 1230 3269 mibi,
1242 3204 1292 3274 qui
1308 3220 1418 3274 easper
1430 3204 1630 3277 Moyseujussi
1643 3205 1773 3279 darildl.

60 3295 206 3366 castratus,
222 3296 247 3348 et
262 3293 325 3349 dixi
333 3311 339 3348 ι
356 3297 449 3363 Quare
464 3294 683 3367 derelinquimus
697 3296 810 3352 tornum
820 3299 891 3354 Dei?
946 3293 1024 3364 dare]
1039 3292 1136 3363 (teet.
1149 3291 1240 3360 amu).
1256 3295 1316 3345 lieo
1327 3291 1363 3345 de
1373 3290 1461 3346 verbo
1472 3307 1557 3346 unua
1567 3291 1651 3348 uobis
1662 3291 1772 3348 dictum

60 3387 100 3441 Et
114 3385 276 3452 conoreouui
289 3399 342 3448 eos,
363 3390 389 3438 et
400 3385 455 3453 teci
468 3391 541 3438 storc
554 3385 584 3438 in
599 3385 760 3439 stationibus
773 3389 840 3441 suis.
859 3388 891 3442 Et
945 3383 993 3449 sit,
1003 3377 1774 3451 lectorisarbitriointelligentiajudieiumrelinquen-

61 3470 231 3530 mmtstuta
246 3470 410 3544 apportabat
424 3471 543 3526 decimas
557 3471 703 3542 [rumori.
720 3475 780 3528 irrisi·
797 3482 824 3529 er
837 3476 892 3530 otei
944 3471 1043 3530 tibus;
1073 3484 1150 3522 nunc
1170 3482 1330 3538 sequamur
1356 3466 1488 3521 ordinem
1514 3465 1682 3538 prophetia.
1700 3468 1776 3531 Quia

60 3563 94 3617 in
107 3561 216 3630 torreo,
229 3569 255 3616 ct
266 3563 459 3617 coristituimus
469 3575 551 3632 super
565 3560 664 3616 torreo
678 3562 828 3617 Seiomiom
842 3580 890 3618 so·

61 3650 210 3717 cerdotem,
225 3657 250 3705 et
264 3649 367 3705 Sodoob
383 3650 503 3705 scribom
531 3651 633 3721 (Neem.
654 3667 715 3721 arn,
739 3652 772 3705 tu
793 3653 889 3724 seqq),

62 3743 221 3797 sicaetera.
242 3738 416 3794 Audivimus
436 3743 511 3792 Ezrae
539 3738 702 3806 historiam,
729 3757 807 3796 nune
824 3758 891 3812 pro·

62 3828 157 3902 pheta
173 3827 261 3883 verba
288 3831 465 3898 repetamus,
487 3824 656 3897 diligentius
682 3825 829 3882 intuentos
854 3845 890 3884 au

62 3915 217 3990 prophetia
230 3915 413 3987 historiaque
428 3914 611 3970 concordent.
628 3916 749 3980 Quando
764 3916 889 3972 dicitur:

64 4003 254 4060 Revertimini
269 4003 304 4057 ad
322 4018 379 4070 me,
395 4007 424 4057 ct
438 4017 490 4074 ego
504 4007 630 4057 revertar
641 4003 676 4057 ad
686 4003 825 4070 vos,dicit
836 4004 892 4061 Do·

63 4093 165 4149 minus
180 4091 376 4164 omnipotens,
392 4108 465 4163 quos
480 4091 614 4146 hortatur
630 4096 663 4146 ut
679 4092 808 4160 redeant,
826 4109 891 4165 per·

945 3557 1018 3614 mihi
1035 3573 1092 3612 non
1108 3555 1278 3611 reddidistis
1292 3554 1423 3611 decimas
1439 3559 1467 3610 et
1492 3554 1649 3627 primitias,
1665 3555 1774 3612 idcirco

945 3650 975 3704 in
991 3648 1068 3701 tame
1082 3648 1110 3699 et
1124 3644 1247 3716 penuria
1263 3642 1410 3699 maledicti
1433 3643 1515 3710 estis,
1532 3647 1560 3699 et
1574 3660 1624 3699 vos
1640 3660 1687 3699 mc
1702 3661 1776 3717 sup·

946 3733 1094 3809 plantatis,
1112 3734 1172 3790 sive
1195 3733 1336 3789 scandatis
1359 3735 1446 3804 atque
1471 3733 1601 3804 privatis,
1627 3748 1700 3804 gens
1716 3738 1777 3791 tota

946 3830 1000 3881 Pro
1016 3832 1102 3896 pente,
1129 3840 1191 3895 qum
1207 3821 1236 3876 in
1253 3821 1392 3876 Hebraico
1418 3820 1557 3876 scribitur
1579 3837 1665 3877 eaeor
1680 3822 1774 3894 (tran),

946 3930 1049 3970 ortuum
1058 3908 1475 3984 (f)Septuagintainterpretati
1484 3901 1678 3981 suntirmpro
1687 3903 1772 3972 ἔθνος.

946 4003 981 4060 m
995 4006 1040 4058 est
1055 4016 1170 4057 sensus.
1188 3999 1259 4054 Ecce
1275 4015 1371 4054 annus
1385 3996 1517 4070 expletus
1534 4001 1589 4064 est,
1612 4002 1641 4054 et
1655 3997 1730 4054 nihil
1746 3998 1776 4055 iu

948 4109 1029 4148 meos
1042 4090 1206 4154 thesauros,
1219 4087 1269 4143 sed
1285 4087 1314 4141 in
1329 4091 1426 4142 vestra
1435 4086 1540 4142 horrea
1550 4087 1774 4160 comportastis:

64 4182 202 4255 spicuam
210 4180 620 4239 estaDominorecessisse.Et
629 4179 693 4236 vide
706 4179 892 4238 clementiam

65 4270 193 4337 Domini,
212 4269 340 4342 parpari
366 4269 550 4342 repromittit,
568 4272 601 4324 ut
625 4269 726 4342 inqua
756 4288 893 4328 mensura
947 4286 1035 4343 parva
1060 4270 1153 4337 erant,
1170 4265 1194 4320 si
1215 4265 1495 4333 avobisdnrentur,
1523 4267 1685 4322 ubertatem
1711 4283 1777 4339 pos·

65 4359 162 4415 mensi
185 4359 303 4425 luerint,
327 4358 519 4413 rementiatur
542 4358 584 4413 eis
599 4359 703 4429 (ittottlr.
724 4377 773 4428 vn,
792 4361 827 4433 1).
858 4363 893 4417 ut
947 4357 1115 4415 sessionum
1131 4359 1306 4420 vestrarum,
1320 4358 1348 4409 et
1362 4369 1479 4409 omnem
1492 4353 1612 4426 frugum
1624 4353 1777 4410 abundau-

66 4449 144 4506 sicut
154 4448 185 4503 in
212 4447 335 4504 Levitico
351 4447 508 4504 scribitur:
535 4448 565 4502 Si
578 4449 782 4504 ambulaveritis
796 4449 831 4504 ad
845 4466 887 4506 me
903 4465 926 4529 Ι)
940 4450 1012 4518 tiam
1028 4443 1205 4518 perdidistis.
1215 4441 1250 4498 Ut
1262 4446 1360 4498 autem
1381 4442 1492 4506 sciatis,
1504 4457 1550 4497 me
1561 4441 1616 4498 hoo
1626 4443 1773 4499 irascente

62 4538 199 4611 peruersi,
211 4541 292 4609 eteoo
312 4536 458 4592 ambutabo
479 4540 574 4592 contro
593 4553 639 4592 vos
659 4539 755 4609 surore
766 4554 892 4610 perverso
948 4537 1119 4610 perlectum,
1146 4531 1216 4605 quia
1231 4530 1391 4587 fraudastis
1416 4547 1463 4585 me
1478 4534 1560 4602 parte
1575 4546 1650 4597 mea,
1676 4529 1777 4586 hortor

66 4628 140 4701 (Leo.
155 4645 213 4696 xvr,
228 4625 273 4696 27,
290 4629 345 4696 2⁸).
361 4626 407 4682 Sic
427 4630 456 4682 et
475 4642 553 4681 nune
565 4624 707 4698 populum
723 4626 893 4685 cohortatur
946 4644 1007 4697 vos,
1025 4628 1112 4695 atque
1128 4636 1309 4690 commoneo,
1326 4623 1359 4675 nt
1374 4618 1506 4674 intentis
1521 4618 1652 4675 decimas
1665 4619 1695 4675 in
1706 4619 1774 4676 hor-

948 4182 983 4237 at
1009 4197 1060 4253 pro
1086 4176 1208 4233 decimis
1232 4181 1261 4231 et
1280 4176 1438 4249 primitivis
1462 4176 1516 4248 [et.
1534 4176 1697 4252 primitiis],
1711 4194 1775 4250 que

102 4771 143 4842 (a)
161 4768 823 4843 Hineqnoqueutvoculamamovimus‚eodem
835 4788 890 4827 ms.

67 4844 225 4914 eramque
240 4847 321 4899 textu
337 4841 577 4914 suffragantibus.

103 4933 142 5002 (b)
158 4931 222 4986 llaeo
236 4931 335 5000 verba,
351 4931 422 5003 quod
434 4930 575 4999 scribitur,
592 4929 737 4985 Victorius
752 4934 837 4986 tacet.

102 5022 139 5090 (c)
156 5021 257 5093 Regin.
275 5038 342 5087 ms,
358 5023 432 5090 sonsc
446 5019 566 5091 quotidie
580 5021 644 5084 acti,
660 5023 687 5074 et
696 5021 824 5088 panario,
836 5025 891 5076 etc.

105 5112 144 5180 (d)
153 5109 284 5180 idipsum
295 5110 425 5164 invenies
437 5109 466 5162 iu
479 5108 580 5162 Lexico
589 5107 778 5180 pentaglotto,
790 5109 838 5163 ubi
851 5125 894 5164 ra·

66 5181 117 5237 dix
128 5193 189 5268 γαρ
204 5181 287 5249 Coto,
299 5182 358 5237 sive
367 5180 445 5247 Ceba,
457 5178 604 5250 siguificat
613 5180 687 5248 ficit,
711 5180 814 5248 inlisit,
826 5197 892 5236 con·

67 5270 144 5352 fierit,
157 5270 259 5341 aflicit.
276 5271 311 5325 m
325 5270 403 5352 apud
416 5266 606 5351 SyrosColos.
619 5277 752 5355 tuss'dllpl
767 5269 891 5352 Vccobeb,

67 5339 894 5486 tittttdetinetdetinetittetetti:

67 5485 199 5541 deorum
216 5488 244 5540 et
258 5481 633 5558 Syrorum,quidquidvclit
645 5481 801 5554 imperitus
836 5499 893 5538 ure·

69 5555 202 5617 itionum
220 5555 512 5639 Hieronymisnerum
527 5557 629 5613 auctor
646 5569 786 5629 nuperus.
828 5568 892 5616 ser.

983 4769 1017 4838 (e)
1025 4765 1127 4822 Malim
1136 4762 1239 4834 utique
1249 4762 1285 4817 ad
1297 4762 1429 4832 ejusdcm
1437 4761 1595 4829 mstldem,
1607 4760 1703 4816 tribus
1713 4774 1775 4814 ver·

947 4841 1042 4904 sibus,
1064 4853 1138 4909 quos
1166 4833 1332 4906 parenthesi
1358 4833 1543 4902 inclusimus,
1567 4831 1636 4887 hino
1659 4832 1775 4898 amotis,

948 4914 1048 4984 utpote
1068 4908 1118 4980 qui
1134 4907 1277 4962 orationis
1293 4910 1400 4960 rectam
1417 4905 1589 4977 perturbant
1609 4903 1726 4972 seriem,
1737 4904 1777 4985 Vi·

948 4985 1113 5051 danturque
1124 4980 1242 5034 omnino
1259 4976 1421 5032 scribarum
1438 4992 1534 5032 errore
1544 4974 1667 5031 totidem
1679 4974 1776 5030 verbis

948 5072 981 5111 ex
997 5053 1084 5125 paulu
1099 5049 1240 5121 superiori
1258 5053 1392 5103 contextu
1406 5047 1530 5119 repetiti,
1543 5047 1680 5101 continuo
1691 5044 1774 5116 legis,

947 5126 982 5181 od
996 5125 1115 5179 (tammus
1129 5128 1156 5174 et
1170 5120 1319 5189 primitias,
1337 5137 1396 5191 quae
1410 5123 1474 5174 sunt
1498 5120 1601 5189 scripto
1616 5120 1774 5187 reserentes.

983 5196 1018 5322 (p)
1035 5194 1138 5265 Liquet
1153 5197 1181 5246 et
1197 5191 1362 5246 urceorum
1378 5207 1481 5245 vocum
1501 5186 1586 5255 ἔθνος,
1602 5194 1632 5244 et
1646 5182 1717 5255 ἔτος,
1733 5188 1776 5242 si·

948 5268 987 5323 mi
1003 5265 1124 5330 itudine‚
1141 5279 1199 5318 non
1215 5262 1279 5334 ipso
1307 5261 1374 5316 1th
1390 5263 1562 5333 interpretes
1577 5259 1667 5315 salsos
1682 5261 1712 5314 in
1729 5260 1775 5314 in·

947 5335 1133 5410 terpretando
1156 5349 1230 5401 esse,
1248 5332 1297 5404 qui
1313 5345 1376 5393 illis
1392 5332 1516 5405 legerint
1542 5348 1594 5404 pro
1617 5340 1688 5400 nau
1711 5347 1775 5414 que

947 5410 1012 5465 duae
1036 5423 1119 5463 voces
1135 5404 1210 5459 inter
1235 5420 1266 5459 se
1281 5405 1410 5460 immane
1426 5404 1579 5460 differunt:
1611 5403 1661 5457 sed
1676 5406 1775 5473 potrus

948 5479 1038 5539 Greci
1054 5476 1163 5534 codicis
1178 5475 1373 5550 descriptores
1388 5470 1464 5538 ἔθνος
1479 5491 1531 5549 pro
1547 5466 1606 5536 iro<
1622 5489 1775 5549 perperam

947 5550 1094 5634 posuisse.
