<?xml version="1.0" encoding="UTF-8"?>
<!DOCTYPE html PUBLIC "-//W3C//DTD XHTML 1.0 Transitional//EN"
    "http://www.w3.org/TR/xhtml1/DTD/xhtml1-transitional.dtd">
<html xmlns="http://www.w3.org/1999/xhtml" xml:lang="en" lang="en">
 <head>
  <title>
</title>
<meta http-equiv="Content-Type" content="text/html;charset=utf-8" />
  <meta name='ocr-system' content='tesseract 3.04.00' />
  <meta name='ocr-capabilities' content='ocr_page ocr_carea ocr_par ocr_line ocrx_word'/>
</head>
<body>
  <div class='ocr_page' id='page_1' title='image "./patrologiaecurs07goog_0109.png"; bbox 0 0 3840 6098; ppageno 0'>
   <div class='ocr_carea' id='block_1_1' title="bbox 105 331 1485 409">
    <p class='ocr_par' dir='ltr' id='par_1_1' title="bbox 105 331 1485 409">
     <span class='ocr_line' id='line_1_1' title="bbox 105 331 1485 409; baseline 0.005 -11"><span class='ocrx_word' id='word_1_1' title='bbox 105 331 170 398; x_wconf 59' lang='grc' dir='ltr'>Μ</span> <span class='ocrx_word' id='word_1_2' title='bbox 380 334 752 402; x_wconf 79' lang='lat' dir='ltr'><em>couuuurtatoauu</em></span> <span class='ocrx_word' id='word_1_3' title='bbox 771 337 811 401; x_wconf 86' lang='lat' dir='ltr'><em>tu</em></span> <span class='ocrx_word' id='word_1_4' title='bbox 834 337 1081 401; x_wconf 73' lang='lat' dir='ltr'><em>attentabunt</em></span> <span class='ocrx_word' id='word_1_5' title='bbox 1106 340 1177 404; x_wconf 81' lang='lat' dir='ltr'><em>tto.</em></span> <span class='ocrx_word' id='word_1_6' title='bbox 1201 340 1266 405; x_wconf 82' lang='lat' dir='ltr'><em>vlt.</em></span> <span class='ocrx_word' id='word_1_7' title='bbox 1284 344 1368 406; x_wconf 76' lang='lat' dir='ltr'><em>ute.</em></span> <span class='ocrx_word' id='word_1_8' title='bbox 1391 342 1485 409; x_wconf 78' lang='lat' dir='ltr'>XXII.</span> 
     </span>
    </p>
   </div>
   <div class='ocr_carea' id='block_1_2' title="bbox 1752 339 1811 409">
    <p class='ocr_par' dir='ltr' id='par_1_2' title="bbox 1752 339 1811 409">
     <span class='ocr_line' id='line_1_2' title="bbox 1752 339 1811 409; baseline 0.034 -2"><span class='ocrx_word' id='word_1_9' title='bbox 1752 339 1811 409; x_wconf 78' lang='lat' dir='ltr'><em>tib</em></span> 
     </span>
    </p>
   </div>
   <div class='ocr_carea' id='block_1_3' title="bbox 98 468 1816 3387">
    <p class='ocr_par' dir='ltr' id='par_1_3' title="bbox 98 468 1816 3387">
     <span class='ocr_line' id='line_1_3' title="bbox 103 468 1813 554; baseline 0.008 -29"><span class='ocrx_word' id='word_1_10' title='bbox 103 468 277 553; x_wconf 70' lang='lat' dir='ltr'><em>maurinom</em></span> <span class='ocrx_word' id='word_1_11' title='bbox 293 469 325 527; x_wconf 86' lang='lat' dir='ltr'><em>in</em></span> <span class='ocrx_word' id='word_1_12' title='bbox 336 469 424 529; x_wconf 82' lang='lat' dir='ltr'><em>medio</em></span> <span class='ocrx_word' id='word_1_13' title='bbox 437 476 526 541; x_wconf 66' lang='lat' dir='ltr'><em>suant</em></span> <span class='ocrx_word' id='word_1_14' title='bbox 539 482 631 530; x_wconf 83' lang='lat' dir='ltr'><em>mnam</em></span> <span class='ocrx_word' id='word_1_15' title='bbox 642 481 747 546; x_wconf 82' lang='lat' dir='ltr'><em>tempus</em></span> <span class='ocrx_word' id='word_1_16' title='bbox 760 473 856 545; x_wconf 67' lang='lat' dir='ltr'><em>ejurat</em></span> <span class='ocrx_word' id='word_1_17' title='bbox 870 487 934 544; x_wconf 80' lang='lat' dir='ltr'><em>quse</em></span> <span class='ocrx_word' id='word_1_18' title='bbox 947 474 975 541; x_wconf 70' lang='grc' dir='ltr'><strong>Α</strong></span> <span class='ocrx_word' id='word_1_19' title='bbox 989 491 1099 532; x_wconf 87' lang='lat' dir='ltr'><em>rueres.</em></span> <span class='ocrx_word' id='word_1_20' title='bbox 1116 477 1149 532; x_wconf 85' lang='lat' dir='ltr'><em>ut</em></span> <span class='ocrx_word' id='word_1_21' title='bbox 1163 476 1292 547; x_wconf 85' lang='lat' dir='ltr'>interim,</span> <span class='ocrx_word' id='word_1_22' title='bbox 1308 482 1341 536; x_wconf 90' lang='lat' dir='ltr'><em>ut</em></span> <span class='ocrx_word' id='word_1_23' title='bbox 1354 482 1456 538; x_wconf 83' lang='lat' dir='ltr'><em>catera</em></span> <span class='ocrx_word' id='word_1_24' title='bbox 1471 477 1703 554; x_wconf 83' lang='lat' dir='ltr'><em>pretermittam,</em></span> <span class='ocrx_word' id='word_1_25' title='bbox 1718 493 1813 554; x_wconf 79' lang='lat' dir='ltr'><em>penos</em></span> 
     </span>
     <span class='ocr_line' id='line_1_4' title="bbox 103 559 1812 642; baseline 0.006 -27"><span class='ocrx_word' id='word_1_26' title='bbox 103 560 177 631; x_wconf 78' lang='lat' dir='ltr'><em>secu</em></span> <span class='ocrx_word' id='word_1_27' title='bbox 189 559 265 616; x_wconf 78' lang='lat' dir='ltr'><em>idola</em></span> <span class='ocrx_word' id='word_1_28' title='bbox 279 569 371 616; x_wconf 86' lang='lat' dir='ltr'><em>contra</em></span> <span class='ocrx_word' id='word_1_29' title='bbox 391 563 573 634; x_wconf 72' lang='lat' dir='ltr'><em>semeptisum,</em></span> <span class='ocrx_word' id='word_1_30' title='bbox 589 571 618 617; x_wconf 90' lang='lat' dir='ltr'><em>ut</em></span> <span class='ocrx_word' id='word_1_31' title='bbox 627 562 802 633; x_wconf 74' lang='lat' dir='ltr'><strong><em>pollueretur.</em></strong></span> <span class='ocrx_word' id='word_1_32' title='bbox 819 563 848 616; x_wconf 86' lang='lat' dir='ltr'><em>ln</em></span> <span class='ocrx_word' id='word_1_33' title='bbox 869 578 933 616; x_wconf 86' lang='lat' dir='ltr'><em>sou·</em></span> <span class='ocrx_word' id='word_1_34' title='bbox 989 566 1150 621; x_wconf 82' lang='lat' dir='ltr'>numerabo</span> <span class='ocrx_word' id='word_1_35' title='bbox 1165 583 1229 638; x_wconf 80' lang='lat' dir='ltr'><em>que</em></span> <span class='ocrx_word' id='word_1_36' title='bbox 1244 567 1274 622; x_wconf 93' lang='lat' dir='ltr'><em>in</em></span> <span class='ocrx_word' id='word_1_37' title='bbox 1290 572 1318 624; x_wconf 91' lang='lat' dir='ltr'><em>te</em></span> <span class='ocrx_word' id='word_1_38' title='bbox 1334 568 1451 625; x_wconf 78' lang='lat' dir='ltr'><em>luerim.</em></span> <span class='ocrx_word' id='word_1_39' title='bbox 1466 567 1614 642; x_wconf 79' lang='lat' dir='ltr'><strong>Principes</strong></span> <span class='ocrx_word' id='word_1_40' title='bbox 1636 567 1680 625; x_wconf 88' lang='lat' dir='ltr'><em>tui</em></span> <span class='ocrx_word' id='word_1_41' title='bbox 1695 584 1753 625; x_wconf 92' lang='lat' dir='ltr'><em>non</em></span> <span class='ocrx_word' id='word_1_42' title='bbox 1764 568 1812 640; x_wconf 85' lang='lat' dir='ltr'><em>ju·</em></span> 
     </span>
     <span class='ocr_line' id='line_1_5' title="bbox 103 649 1812 731; baseline 0.008 -28"><span class='ocrx_word' id='word_1_43' title='bbox 103 652 192 719; x_wconf 80' lang='lat' dir='ltr'><em>peine</em></span> <span class='ocrx_word' id='word_1_44' title='bbox 208 654 257 704; x_wconf 89' lang='lat' dir='ltr'><em>tuo</em></span> <span class='ocrx_word' id='word_1_45' title='bbox 272 652 344 722; x_wconf 82' lang='lat' dir='ltr'><em>qula</em></span> <span class='ocrx_word' id='word_1_46' title='bbox 358 655 384 705; x_wconf 93' lang='lat' dir='ltr'><em>te</em></span> <span class='ocrx_word' id='word_1_47' title='bbox 397 649 502 723; x_wconf 74' lang='lat' dir='ltr'><em>effimus</em></span> <span class='ocrx_word' id='word_1_48' title='bbox 526 655 577 721; x_wconf 90' lang='lat' dir='ltr'><em>est,</em></span> <span class='ocrx_word' id='word_1_49' title='bbox 592 651 742 722; x_wconf 75' lang='lat' dir='ltr'><em>deliquisti,</em></span> <span class='ocrx_word' id='word_1_50' title='bbox 759 656 784 706; x_wconf 90' lang='lat' dir='ltr'><em>et</em></span> <span class='ocrx_word' id='word_1_51' title='bbox 808 653 838 706; x_wconf 92' lang='lat' dir='ltr'><em>in</em></span> <span class='ocrx_word' id='word_1_52' title='bbox 854 650 935 706; x_wconf 85' lang='lat' dir='ltr'><em>idolis</em></span> <span class='ocrx_word' id='word_1_53' title='bbox 989 653 1078 720; x_wconf 86' lang='lat' dir='ltr'><em>stitia,</em></span> <span class='ocrx_word' id='word_1_54' title='bbox 1095 656 1146 711; x_wconf 91' lang='lat' dir='ltr'><em>sed</em></span> <span class='ocrx_word' id='word_1_55' title='bbox 1161 656 1273 713; x_wconf 90' lang='lat' dir='ltr'><em>roboris</em></span> <span class='ocrx_word' id='word_1_56' title='bbox 1289 662 1317 713; x_wconf 93' lang='lat' dir='ltr'><em>et</em></span> <span class='ocrx_word' id='word_1_57' title='bbox 1331 657 1441 715; x_wconf 89' lang='lat' dir='ltr'><em>brachii</em></span> <span class='ocrx_word' id='word_1_58' title='bbox 1456 659 1624 716; x_wconf 83' lang='lat' dir='ltr'><em>fortitudine</em></span> <span class='ocrx_word' id='word_1_59' title='bbox 1633 658 1812 731; x_wconf 79' lang='lat' dir='ltr'><em>judicantes,</em></span> 
     </span>
     <span class='ocr_line' id='line_1_6' title="bbox 104 740 1812 821; baseline 0.006 -29"><span class='ocrx_word' id='word_1_60' title='bbox 104 741 160 792; x_wconf 85' lang='lat' dir='ltr'><em>tuis</em></span> <span class='ocrx_word' id='word_1_61' title='bbox 176 755 240 809; x_wconf 72' lang='lat' dir='ltr'><em>quse</em></span> <span class='ocrx_word' id='word_1_62' title='bbox 252 740 355 806; x_wconf 70' lang='lat' dir='ltr'><em>secuti,</em></span> <span class='ocrx_word' id='word_1_63' title='bbox 370 740 476 810; x_wconf 90' lang='lat' dir='ltr'><em>polluta</em></span> <span class='ocrx_word' id='word_1_64' title='bbox 495 755 531 808; x_wconf 87' lang='lat' dir='ltr'><em>es,</em></span> <span class='ocrx_word' id='word_1_65' title='bbox 562 743 586 795; x_wconf 90' lang='lat' dir='ltr'><em>et</em></span> <span class='ocrx_word' id='word_1_66' title='bbox 612 742 832 811; x_wconf 83' lang='lat' dir='ltr'><em>appropinquare</em></span> <span class='ocrx_word' id='word_1_67' title='bbox 845 741 935 810; x_wconf 71' lang='lat' dir='ltr'><em>fecisti</em></span> <span class='ocrx_word' id='word_1_68' title='bbox 989 743 1127 799; x_wconf 83' lang='lat' dir='ltr'><em>fuderunt</em></span> <span class='ocrx_word' id='word_1_69' title='bbox 1141 744 1170 800; x_wconf 93' lang='lat' dir='ltr'><em>in</em></span> <span class='ocrx_word' id='word_1_70' title='bbox 1186 745 1374 802; x_wconf 85' lang='lat' dir='ltr'><em>teinnoxium</em></span> <span class='ocrx_word' id='word_1_71' title='bbox 1385 748 1569 821; x_wconf 85' lang='lat' dir='ltr'><em>sanguinem.</em></span> <span class='ocrx_word' id='word_1_72' title='bbox 1585 748 1640 804; x_wconf 83' lang='lat' dir='ltr'><em>Alii</em></span> <span class='ocrx_word' id='word_1_73' title='bbox 1655 752 1767 821; x_wconf 86' lang='lat' dir='ltr'><em>patrem</em></span> <span class='ocrx_word' id='word_1_74' title='bbox 1784 751 1812 803; x_wconf 87' lang='lat' dir='ltr'><em>et</em></span> 
     </span>
     <span class='ocr_line' id='line_1_7' title="bbox 102 825 1812 903; baseline 0.006 -23"><span class='ocrx_word' id='word_1_75' title='bbox 102 825 164 881; x_wconf 85' lang='lat' dir='ltr'><em>dies</em></span> <span class='ocrx_word' id='word_1_76' title='bbox 178 834 252 894; x_wconf 88' lang='lat' dir='ltr'><em>tuos,</em></span> <span class='ocrx_word' id='word_1_77' title='bbox 268 832 294 882; x_wconf 83' lang='lat' dir='ltr'><em>et</em></span> <span class='ocrx_word' id='word_1_78' title='bbox 307 827 451 883; x_wconf 66' lang='lat' dir='ltr'><em>Minuisti</em></span> <span class='ocrx_word' id='word_1_79' title='bbox 465 837 570 900; x_wconf 87' lang='lat' dir='ltr'><em>tempus</em></span> <span class='ocrx_word' id='word_1_80' title='bbox 585 844 720 884; x_wconf 81' lang='lat' dir='ltr'><em>annorrun</em></span> <span class='ocrx_word' id='word_1_81' title='bbox 734 832 935 899; x_wconf 79' lang='lat' dir='ltr'><em>tuorum1pro</em></span> <span class='ocrx_word' id='word_1_82' title='bbox 989 837 1111 887; x_wconf 89' lang='lat' dir='ltr'><em>matrem</em></span> <span class='ocrx_word' id='word_1_83' title='bbox 1128 834 1313 890; x_wconf 89' lang='lat' dir='ltr'><em>contumeliis</em></span> <span class='ocrx_word' id='word_1_84' title='bbox 1329 837 1498 903; x_wconf 79' lang='lat' dir='ltr'><em>effecerunt,</em></span> <span class='ocrx_word' id='word_1_85' title='bbox 1522 835 1581 893; x_wconf 80' lang='lat' dir='ltr'><em>sire</em></span> <span class='ocrx_word' id='word_1_86' title='bbox 1597 835 1812 892; x_wconf 79' lang='lat' dir='ltr'><strong>maledixerunt</strong></span> 
     </span>
     <span class='ocr_line' id='line_1_8' title="bbox 100 915 1813 996; baseline 0.006 -26"><span class='ocrx_word' id='word_1_87' title='bbox 100 923 202 988; x_wconf 87' lang='lat' dir='ltr'><em>pterea</em></span> <span class='ocrx_word' id='word_1_88' title='bbox 229 915 294 971; x_wconf 87' lang='lat' dir='ltr'><em>dedi</em></span> <span class='ocrx_word' id='word_1_89' title='bbox 318 925 345 971; x_wconf 91' lang='lat' dir='ltr'><em>te</em></span> <span class='ocrx_word' id='word_1_90' title='bbox 374 919 535 988; x_wconf 75' lang='lat' dir='ltr'><em>opprobium</em></span> <span class='ocrx_word' id='word_1_91' title='bbox 562 918 694 988; x_wconf 86' lang='lat' dir='ltr'><em>pentibus,</em></span> <span class='ocrx_word' id='word_1_92' title='bbox 723 922 748 972; x_wconf 92' lang='lat' dir='ltr'><em>et</em></span> <span class='ocrx_word' id='word_1_93' title='bbox 777 919 934 973; x_wconf 77' lang='lat' dir='ltr'><em>irrisionem</em></span> <span class='ocrx_word' id='word_1_94' title='bbox 989 921 1535 996; x_wconf 82' lang='lat' dir='ltr'><em>parentibus‚Scripturadicente:Qui</em></span> <span class='ocrx_word' id='word_1_95' title='bbox 1552 925 1813 995; x_wconf 74' lang='lat' dir='ltr'><em>mauamemtpatrt</em></span> 
     </span>
     <span class='ocr_line' id='line_1_9' title="bbox 102 1006 1811 1086; baseline 0.005 -25"><span class='ocrx_word' id='word_1_96' title='bbox 102 1007 244 1061; x_wconf 75' lang='lat' dir='ltr'><em>anlaersis</em></span> <span class='ocrx_word' id='word_1_97' title='bbox 258 1006 351 1061; x_wconf 87' lang='lat' dir='ltr'><em>terris.</em></span> <span class='ocrx_word' id='word_1_98' title='bbox 369 1008 432 1074; x_wconf 77' lang='lat' dir='ltr'><em>Quam</em></span> <span class='ocrx_word' id='word_1_99' title='bbox 453 1010 536 1078; x_wconf 78' lang='lat' dir='ltr'><em>jueta</em></span> <span class='ocrx_word' id='word_1_100' title='bbox 550 1014 625 1077; x_wconf 88' lang='lat' dir='ltr'><em>sunt,</em></span> <span class='ocrx_word' id='word_1_101' title='bbox 640 1010 665 1061; x_wconf 90' lang='lat' dir='ltr'><em>ct</em></span> <span class='ocrx_word' id='word_1_102' title='bbox 681 1024 741 1077; x_wconf 84' lang='lat' dir='ltr'><em>quae</em></span> <span class='ocrx_word' id='word_1_103' title='bbox 755 1008 850 1077; x_wconf 89' lang='lat' dir='ltr'><em>procul</em></span> <span class='ocrx_word' id='word_1_104' title='bbox 865 1023 882 1061; x_wconf 92' lang='lat' dir='ltr'><em>a</em></span> <span class='ocrx_word' id='word_1_105' title='bbox 898 1015 933 1076; x_wconf 91' lang='lat' dir='ltr'><em>te,</em></span> <span class='ocrx_word' id='word_1_106' title='bbox 988 1017 1014 1063; x_wconf 85' lang='lat' dir='ltr'><em>et</em></span> <span class='ocrx_word' id='word_1_107' title='bbox 1028 1012 1124 1075; x_wconf 85' lang='lat' dir='ltr'><em>rnatri,</em></span> <span class='ocrx_word' id='word_1_108' title='bbox 1140 1016 1226 1067; x_wconf 88' lang='lat' dir='ltr'><em>morte</em></span> <span class='ocrx_word' id='word_1_109' title='bbox 1240 1014 1376 1069; x_wconf 85' lang='lat' dir='ltr'><em>moriatur</em></span> <span class='ocrx_word' id='word_1_110' title='bbox 1403 1013 1500 1085; x_wconf 74' lang='lat' dir='ltr'><em>(deod.</em></span> <span class='ocrx_word' id='word_1_111' title='bbox 1516 1032 1574 1083; x_wconf 84' lang='lat' dir='ltr'><em>xm,</em></span> <span class='ocrx_word' id='word_1_112' title='bbox 1590 1015 1646 1086; x_wconf 88' lang='grc'><strong>17).</strong></span> <span class='ocrx_word' id='word_1_113' title='bbox 1661 1015 1811 1071; x_wconf 76' lang='lat' dir='ltr'><em>advenam</em></span> 
     </span>
     <span class='ocr_line' id='line_1_10' title="bbox 103 1093 1810 1175; baseline 0.006 -28"><span class='ocrx_word' id='word_1_114' title='bbox 103 1093 320 1164; x_wconf 77' lang='lat' dir='ltr'><em>triumphabunt</em></span> <span class='ocrx_word' id='word_1_115' title='bbox 347 1094 381 1148; x_wconf 89' lang='lat' dir='ltr'><em>de</em></span> <span class='ocrx_word' id='word_1_116' title='bbox 399 1099 425 1149; x_wconf 91' lang='lat' dir='ltr'><em>te</em></span> <span class='ocrx_word' id='word_1_117' title='bbox 449 1095 520 1166; x_wconf 86' lang='lat' dir='ltr'><em>(sive</em></span> <span class='ocrx_word' id='word_1_118' title='bbox 535 1094 652 1150; x_wconf 87' lang='lat' dir='ltr'><em>illudent</em></span> <span class='ocrx_word' id='word_1_119' title='bbox 671 1095 743 1166; x_wconf 87' lang='lat' dir='ltr'><em>tibi),</em></span> <span class='ocrx_word' id='word_1_120' title='bbox 760 1094 871 1150; x_wconf 89' lang='lat' dir='ltr'><em>sordido</em></span> <span class='ocrx_word' id='word_1_121' title='bbox 884 1110 933 1149; x_wconf 91' lang='lat' dir='ltr'><em>no·</em></span> <span class='ocrx_word' id='word_1_122' title='bbox 957 1120 960 1129; x_wconf 90' lang='lat'>·</span> <span class='ocrx_word' id='word_1_123' title='bbox 988 1101 1016 1154; x_wconf 87' lang='lat' dir='ltr'><em>et</em></span> <span class='ocrx_word' id='word_1_124' title='bbox 1027 1100 1221 1170; x_wconf 88' lang='lat' dir='ltr'><em>peregrimum</em></span> <span class='ocrx_word' id='word_1_125' title='bbox 1233 1104 1582 1173; x_wconf 90' lang='lat' dir='ltr'><em>oppresseruntinmedio</em></span> <span class='ocrx_word' id='word_1_126' title='bbox 1592 1103 1743 1175; x_wconf 79' lang='lat' dir='ltr'><em>tuizquasi</em></span> <span class='ocrx_word' id='word_1_127' title='bbox 1752 1119 1810 1158; x_wconf 91' lang='lat' dir='ltr'><em>non</em></span> 
     </span>
     <span class='ocr_line' id='line_1_11' title="bbox 106 1182 1812 1265; baseline 0.005 -29"><span class='ocrx_word' id='word_1_128' title='bbox 106 1182 305 1253; x_wconf 82' lang='lat' dir='ltr'><em>bilis,prandis</em></span> <span class='ocrx_word' id='word_1_129' title='bbox 317 1185 442 1238; x_wconf 83' lang='lat' dir='ltr'><em>interitu.</em></span> <span class='ocrx_word' id='word_1_130' title='bbox 469 1188 536 1238; x_wconf 81' lang='lat' dir='ltr'><em>ttrce</em></span> <span class='ocrx_word' id='word_1_131' title='bbox 543 1185 682 1255; x_wconf 88' lang='lat' dir='ltr'><em>principes</em></span> <span class='ocrx_word' id='word_1_132' title='bbox 691 1185 893 1255; x_wconf 85' lang='lat' dir='ltr'><em>lsr·ael,siupuli</em></span> <span class='ocrx_word' id='word_1_133' title='bbox 903 1185 934 1238; x_wconf 90' lang='lat' dir='ltr'><em>in</em></span> <span class='ocrx_word' id='word_1_134' title='bbox 964 1234 968 1241; x_wconf 90' lang='lat'>.</span> <span class='ocrx_word' id='word_1_135' title='bbox 988 1185 1046 1243; x_wconf 89' lang='lat' dir='ltr'><em>illis</em></span> <span class='ocrx_word' id='word_1_136' title='bbox 1054 1189 1257 1261; x_wconf 85' lang='lat' dir='ltr'><em>sulficeretpro</em></span> <span class='ocrx_word' id='word_1_137' title='bbox 1268 1191 1346 1246; x_wconf 90' lang='lat' dir='ltr'><em>omui</em></span> <span class='ocrx_word' id='word_1_138' title='bbox 1354 1192 1690 1265; x_wconf 86' lang='lat' dir='ltr'><em>angustiaperegrinatic</em></span> <span class='ocrx_word' id='word_1_139' title='bbox 1701 1194 1729 1246; x_wconf 87' lang='lat' dir='ltr'><em>el</em></span> <span class='ocrx_word' id='word_1_140' title='bbox 1739 1189 1812 1247; x_wconf 85' lang='lat' dir='ltr'><em>axsi-</em></span> 
     </span>
     <span class='ocr_line' id='line_1_12' title="bbox 104 1272 1810 1350; baseline 0.004 -23"><span class='ocrx_word' id='word_1_141' title='bbox 104 1272 183 1328; x_wconf 73' lang='lat'><em>25⁸</em></span> <span class='ocrx_word' id='word_1_142' title='bbox 201 1272 313 1327; x_wconf 85' lang='lat' dir='ltr'><em>broebio</em></span> <span class='ocrx_word' id='word_1_143' title='bbox 328 1288 376 1327; x_wconf 89' lang='lat' dir='ltr'><em>suo</em></span> <span class='ocrx_word' id='word_1_144' title='bbox 390 1274 507 1343; x_wconf 73' lang='lat' dir='ltr'><em>[rerunt</em></span> <span class='ocrx_word' id='word_1_145' title='bbox 522 1275 551 1327; x_wconf 89' lang='lat' dir='ltr'><em>ln</em></span> <span class='ocrx_word' id='word_1_146' title='bbox 565 1277 592 1328; x_wconf 91' lang='lat' dir='ltr'><em>te</em></span> <span class='ocrx_word' id='word_1_147' title='bbox 614 1273 649 1327; x_wconf 88' lang='lat' dir='ltr'><em>od</em></span> <span class='ocrx_word' id='word_1_148' title='bbox 663 1272 857 1343; x_wconf 62' lang='lat' dir='ltr'><em>effundendum</em></span> <span class='ocrx_word' id='word_1_149' title='bbox 871 1289 933 1328; x_wconf 84' lang='lat' dir='ltr'><em>son·</em></span> <span class='ocrx_word' id='word_1_150' title='bbox 987 1272 1059 1332; x_wconf 88' lang='lat' dir='ltr'><em>llum</em></span> <span class='ocrx_word' id='word_1_151' title='bbox 1075 1277 1184 1349; x_wconf 76' lang='lat' dir='ltr'><em>patrie.</em></span> <span class='ocrx_word' id='word_1_152' title='bbox 1202 1278 1350 1350; x_wconf 87' lang='lat' dir='ltr'><em>Pupillum</em></span> <span class='ocrx_word' id='word_1_153' title='bbox 1366 1283 1394 1335; x_wconf 87' lang='lat' dir='ltr'><em>et</em></span> <span class='ocrx_word' id='word_1_154' title='bbox 1418 1280 1537 1336; x_wconf 85' lang='lat' dir='ltr'><em>viduam</em></span> <span class='ocrx_word' id='word_1_155' title='bbox 1553 1280 1810 1345; x_wconf 84' lang='lat' dir='ltr'><em>contristaverunt,</em></span> 
     </span>
     <span class='ocr_line' id='line_1_13' title="bbox 101 1360 1811 1441; baseline 0.006 -26"><span class='ocrx_word' id='word_1_156' title='bbox 101 1361 345 1432; x_wconf 73' lang='lat' dir='ltr'><em>puiaeml&#39;atrem</em></span> <span class='ocrx_word' id='word_1_157' title='bbox 359 1363 385 1417; x_wconf 90' lang='lat' dir='ltr'><em>et</em></span> <span class='ocrx_word' id='word_1_158' title='bbox 399 1364 515 1416; x_wconf 86' lang='lat' dir='ltr'><em>matrem</em></span> <span class='ocrx_word' id='word_1_159' title='bbox 529 1360 859 1434; x_wconf 69' lang='lat' dir='ltr'><em>coutumeliisaffeoeruut</em></span> <span class='ocrx_word' id='word_1_160' title='bbox 869 1363 934 1417; x_wconf 85' lang='lat' dir='ltr'><em>inte</em></span> <span class='ocrx_word' id='word_1_161' title='bbox 987 1365 1048 1421; x_wconf 85' lang='lat' dir='ltr'><em>sive</em></span> <span class='ocrx_word' id='word_1_162' title='bbox 1060 1373 1268 1437; x_wconf 87' lang='lat' dir='ltr'><em>oppresserunt</em></span> <span class='ocrx_word' id='word_1_163' title='bbox 1282 1368 1360 1440; x_wconf 89' lang='lat' dir='ltr'><em>apud</em></span> <span class='ocrx_word' id='word_1_164' title='bbox 1376 1373 1404 1423; x_wconf 89' lang='lat' dir='ltr'><em>te</em></span> <span class='ocrx_word' id='word_1_165' title='bbox 1422 1386 1428 1424; x_wconf 93' lang='lat'>:</span> <span class='ocrx_word' id='word_1_166' title='bbox 1446 1384 1478 1423; x_wconf 87' lang='grc' dir='ltr'><em>ιιι</em></span> <span class='ocrx_word' id='word_1_167' title='bbox 1493 1385 1619 1441; x_wconf 89' lang='lat' dir='ltr'><em>quorum</em></span> <span class='ocrx_word' id='word_1_168' title='bbox 1635 1385 1721 1425; x_wconf 86' lang='lat' dir='ltr'><em>omne</em></span> <span class='ocrx_word' id='word_1_169' title='bbox 1736 1384 1811 1440; x_wconf 74' lang='lat' dir='ltr'><em>pre·</em></span> 
     </span>
     <span class='ocr_line' id='line_1_14' title="bbox 104 1448 1810 1528; baseline 0.005 -24"><span class='ocrx_word' id='word_1_170' title='bbox 104 1448 177 1521; x_wconf 80' lang='lat' dir='ltr'><em>[sive</em></span> <span class='ocrx_word' id='word_1_171' title='bbox 191 1451 272 1520; x_wconf 86' lang='lat' dir='ltr'><em>patri</em></span> <span class='ocrx_word' id='word_1_172' title='bbox 285 1456 312 1504; x_wconf 89' lang='lat' dir='ltr'><em>et</em></span> <span class='ocrx_word' id='word_1_173' title='bbox 325 1451 410 1503; x_wconf 84' lang='lat' dir='ltr'><em>matri</em></span> <span class='ocrx_word' id='word_1_174' title='bbox 436 1449 659 1520; x_wconf 77' lang='lat' dir='ltr'><em>maledixerunt).</em></span> <span class='ocrx_word' id='word_1_175' title='bbox 676 1450 814 1505; x_wconf 79' lang='lat' dir='ltr'><em>Adranam</em></span> <span class='ocrx_word' id='word_1_176' title='bbox 827 1450 934 1504; x_wconf 87' lang='lat' dir='ltr'><em>calum·</em></span> <span class='ocrx_word' id='word_1_177' title='bbox 987 1453 1070 1509; x_wconf 87' lang='lat' dir='ltr'><em>dium</em></span> <span class='ocrx_word' id='word_1_178' title='bbox 1085 1454 1167 1509; x_wconf 89' lang='lat' dir='ltr'><em>estin</em></span> <span class='ocrx_word' id='word_1_179' title='bbox 1180 1455 1276 1528; x_wconf 89' lang='lat' dir='ltr'><em>legum</em></span> <span class='ocrx_word' id='word_1_180' title='bbox 1285 1456 1413 1526; x_wconf 89' lang='lat' dir='ltr'><em>justitia,</em></span> <span class='ocrx_word' id='word_1_181' title='bbox 1423 1473 1480 1512; x_wconf 93' lang='lat' dir='ltr'><em>non</em></span> <span class='ocrx_word' id='word_1_182' title='bbox 1492 1455 1588 1513; x_wconf 87' lang='lat' dir='ltr'><em>solum</em></span> <span class='ocrx_word' id='word_1_183' title='bbox 1604 1456 1810 1513; x_wconf 86' lang='lat' dir='ltr'><em>contristaren-</em></span> 
     </span>
     <span class='ocr_line' id='line_1_15' title="bbox 104 1537 1811 1615; baseline 0.006 -24"><span class='ocrx_word' id='word_1_184' title='bbox 104 1539 178 1592; x_wconf 80' lang='lat' dir='ltr'><em>ne&#39;ati</em></span> <span class='ocrx_word' id='word_1_185' title='bbox 191 1546 257 1593; x_wconf 82' lang='lat' dir='ltr'><em>surrt</em></span> <span class='ocrx_word' id='word_1_186' title='bbox 268 1539 299 1592; x_wconf 86' lang='lat' dir='ltr'><em>in</em></span> <span class='ocrx_word' id='word_1_187' title='bbox 312 1537 402 1593; x_wconf 89' lang='lat' dir='ltr'><em>medio</em></span> <span class='ocrx_word' id='word_1_188' title='bbox 412 1540 463 1593; x_wconf 89' lang='lat' dir='ltr'><em>tui.</em></span> <span class='ocrx_word' id='word_1_189' title='bbox 475 1539 616 1609; x_wconf 78' lang='lat' dir='ltr'><em>Popilium</em></span> <span class='ocrx_word' id='word_1_190' title='bbox 629 1548 654 1594; x_wconf 90' lang='lat' dir='ltr'><em>et</em></span> <span class='ocrx_word' id='word_1_191' title='bbox 665 1538 775 1594; x_wconf 71' lang='lat' dir='ltr'><em>triduom</em></span> <span class='ocrx_word' id='word_1_192' title='bbox 789 1540 932 1594; x_wconf 84' lang='lat' dir='ltr'><em>corrtrlsta-</em></span> <span class='ocrx_word' id='word_1_193' title='bbox 986 1546 1045 1612; x_wconf 90' lang='lat' dir='ltr'><em>tur,</em></span> <span class='ocrx_word' id='word_1_194' title='bbox 1069 1544 1118 1598; x_wconf 90' lang='lat' dir='ltr'><em>sed</em></span> <span class='ocrx_word' id='word_1_195' title='bbox 1135 1544 1372 1615; x_wconf 82' lang='lat' dir='ltr'><em>opprimerentur</em></span> <span class='ocrx_word' id='word_1_196' title='bbox 1387 1563 1403 1600; x_wconf 92' lang='lat' dir='ltr'><em>a</em></span> <span class='ocrx_word' id='word_1_197' title='bbox 1419 1549 1457 1600; x_wconf 87' lang='lat' dir='ltr'><em>te.</em></span> <span class='ocrx_word' id='word_1_198' title='bbox 1474 1545 1646 1602; x_wconf 78' lang='lat' dir='ltr'><em>sanctuaria</em></span> <span class='ocrx_word' id='word_1_199' title='bbox 1660 1561 1735 1613; x_wconf 89' lang='lat' dir='ltr'><em>mea,</em></span> <span class='ocrx_word' id='word_1_200' title='bbox 1751 1542 1811 1601; x_wconf 84' lang='lat' dir='ltr'><em>sive</em></span> 
     </span>
     <span class='ocr_line' id='line_1_16' title="bbox 106 1627 1813 1708; baseline 0.002 -25"><span class='ocrx_word' id='word_1_201' title='bbox 106 1627 292 1698; x_wconf 75' lang='lat' dir='ltr'><em>ueruntlsive</em></span> <span class='ocrx_word' id='word_1_202' title='bbox 313 1628 516 1698; x_wconf 86' lang='lat' dir='ltr'><em>oppresserunt)</em></span> <span class='ocrx_word' id='word_1_203' title='bbox 546 1627 617 1698; x_wconf 90' lang='lat' dir='ltr'><em>apud</em></span> <span class='ocrx_word' id='word_1_204' title='bbox 632 1632 658 1683; x_wconf 92' lang='lat' dir='ltr'><em>te</em></span> <span class='ocrx_word' id='word_1_205' title='bbox 673 1646 681 1681; x_wconf 91' lang='lat'><em>:</em></span> <span class='ocrx_word' id='word_1_206' title='bbox 697 1631 932 1683; x_wconf 84' lang='lat' dir='ltr'><em>sanctuariumea</em></span> <span class='ocrx_word' id='word_1_207' title='bbox 987 1636 1088 1688; x_wconf 89' lang='lat' dir='ltr'><em>sancta</em></span> <span class='ocrx_word' id='word_1_208' title='bbox 1103 1632 1368 1705; x_wconf 89' lang='lat' dir='ltr'><em>contempsistis‚et</em></span> <span class='ocrx_word' id='word_1_209' title='bbox 1384 1634 1506 1691; x_wconf 88' lang='lat' dir='ltr'><em>sabbata</em></span> <span class='ocrx_word' id='word_1_210' title='bbox 1519 1650 1584 1690; x_wconf 88' lang='lat' dir='ltr'><em>mea</em></span> <span class='ocrx_word' id='word_1_211' title='bbox 1600 1631 1813 1708; x_wconf 76' lang='lat' dir='ltr'><em>polluistiszut</em></span> 
     </span>
     <span class='ocr_line' id='line_1_17' title="bbox 102 1714 1812 1796; baseline 0.004 -26"><span class='ocrx_word' id='word_1_212' title='bbox 102 1717 248 1788; x_wconf 69' lang='lat' dir='ltr'><em>spectastis</em></span> <span class='ocrx_word' id='word_1_213' title='bbox 276 1714 375 1788; x_wconf 82' lang='lat' dir='ltr'><em>[Vulg.</em></span> <span class='ocrx_word' id='word_1_214' title='bbox 392 1717 517 1786; x_wconf 75' lang='lat' dir='ltr'><em>sprevisti</em></span> <span class='ocrx_word' id='word_1_215' title='bbox 538 1724 563 1772; x_wconf 91' lang='lat' dir='ltr'><em>et</em></span> <span class='ocrx_word' id='word_1_216' title='bbox 578 1715 728 1790; x_wconf 71' lang='lat' dir='ltr'><em>polluistil,</em></span> <span class='ocrx_word' id='word_1_217' title='bbox 744 1717 856 1772; x_wconf 88' lang='lat' dir='ltr'><em>sabbata</em></span> <span class='ocrx_word' id='word_1_218' title='bbox 870 1733 932 1772; x_wconf 81' lang='lat' dir='ltr'><em>ntea</em></span> <span class='ocrx_word' id='word_1_219' title='bbox 988 1737 1044 1776; x_wconf 90' lang='lat' dir='ltr'><em>non</em></span> <span class='ocrx_word' id='word_1_220' title='bbox 1061 1719 1264 1777; x_wconf 85' lang='lat' dir='ltr'><em>discerneretis</em></span> <span class='ocrx_word' id='word_1_221' title='bbox 1279 1722 1354 1778; x_wconf 86' lang='lat' dir='ltr'><em>inter</em></span> <span class='ocrx_word' id='word_1_222' title='bbox 1370 1726 1505 1779; x_wconf 90' lang='lat' dir='ltr'><em>sanctum</em></span> <span class='ocrx_word' id='word_1_223' title='bbox 1520 1728 1549 1778; x_wconf 91' lang='lat' dir='ltr'><em>et</em></span> <span class='ocrx_word' id='word_1_224' title='bbox 1564 1721 1720 1796; x_wconf 89' lang='lat' dir='ltr'><em>pollutum,</em></span> <span class='ocrx_word' id='word_1_225' title='bbox 1735 1721 1812 1777; x_wconf 85' lang='lat' dir='ltr'><em>inter</em></span> 
     </span>
     <span class='ocr_line' id='line_1_18' title="bbox 99 1804 1811 1904; baseline 0.003 -46"><span class='ocrx_word' id='word_1_226' title='bbox 99 1804 254 1877; x_wconf 73' lang='lat' dir='ltr'><em>polluistis.</em></span> <span class='ocrx_word' id='word_1_227' title='bbox 275 1805 333 1860; x_wconf 81' lang='lat' dir='ltr'><em>Viri</em></span> <span class='ocrx_word' id='word_1_228' title='bbox 346 1804 509 1859; x_wconf 80' lang='lat' dir='ltr'><em>detractores</em></span> <span class='ocrx_word' id='word_1_229' title='bbox 520 1805 592 1875; x_wconf 87' lang='lat' dir='ltr'><em>(sive</em></span> <span class='ocrx_word' id='word_1_230' title='bbox 603 1804 731 1876; x_wconf 84' lang='lat' dir='ltr'><em>latrones)</em></span> <span class='ocrx_word' id='word_1_231' title='bbox 742 1808 856 1876; x_wconf 74' lang='lat' dir='ltr'><em>suerunt</em></span> <span class='ocrx_word' id='word_1_232' title='bbox 866 1808 896 1860; x_wconf 88' lang='lat' dir='ltr'><em>in</em></span> <span class='ocrx_word' id='word_1_233' title='bbox 908 1813 933 1862; x_wconf 94' lang='lat' dir='ltr'><em>te</em></span> <span class='ocrx_word' id='word_1_234' title='bbox 947 1838 971 1904; x_wconf 79' lang='lat' dir='ltr'>B</span> <span class='ocrx_word' id='word_1_235' title='bbox 986 1809 1135 1864; x_wconf 90' lang='lat' dir='ltr'><em>decretum</em></span> <span class='ocrx_word' id='word_1_236' title='bbox 1145 1807 1279 1881; x_wconf 84' lang='lat' dir='ltr'><em>religioni</em></span> <span class='ocrx_word' id='word_1_237' title='bbox 1290 1809 1532 1883; x_wconf 89' lang='lat' dir='ltr'><em>diem,otiumque</em></span> <span class='ocrx_word' id='word_1_238' title='bbox 1543 1807 1658 1866; x_wconf 89' lang='lat' dir='ltr'><em>sabbati</em></span> <span class='ocrx_word' id='word_1_239' title='bbox 1669 1809 1705 1865; x_wconf 89' lang='lat' dir='ltr'><em>ad</em></span> <span class='ocrx_word' id='word_1_240' title='bbox 1716 1806 1811 1865; x_wconf 90' lang='lat' dir='ltr'><em>cultu·</em></span> 
     </span>
     <span class='ocr_line' id='line_1_19' title="bbox 98 1893 1812 1970; baseline 0.002 -21"><span class='ocrx_word' id='word_1_241' title='bbox 98 1893 134 1949; x_wconf 83' lang='lat' dir='ltr'><em>cd</em></span> <span class='ocrx_word' id='word_1_242' title='bbox 147 1893 352 1965; x_wconf 62' lang='lat' dir='ltr'><em>effundendum</em></span> <span class='ocrx_word' id='word_1_243' title='bbox 365 1895 542 1961; x_wconf 84' lang='lat' dir='ltr'><em>sanpue’nem,</em></span> <span class='ocrx_word' id='word_1_244' title='bbox 559 1902 584 1949; x_wconf 85' lang='lat' dir='ltr'><em>et</em></span> <span class='ocrx_word' id='word_1_245' title='bbox 598 1910 679 1966; x_wconf 85' lang='lat' dir='ltr'><em>super</em></span> <span class='ocrx_word' id='word_1_246' title='bbox 692 1897 795 1950; x_wconf 87' lang='lat' dir='ltr'><em>montes</em></span> <span class='ocrx_word' id='word_1_247' title='bbox 809 1895 933 1950; x_wconf 90' lang='lat' dir='ltr'><em>comede·</em></span> <span class='ocrx_word' id='word_1_248' title='bbox 988 1914 1051 1953; x_wconf 91' lang='lat' dir='ltr'><em>ram</em></span> <span class='ocrx_word' id='word_1_249' title='bbox 1066 1897 1127 1968; x_wconf 82' lang='lat' dir='ltr'><em>Dei,</em></span> <span class='ocrx_word' id='word_1_250' title='bbox 1142 1904 1171 1954; x_wconf 90' lang='lat' dir='ltr'><em>et</em></span> <span class='ocrx_word' id='word_1_251' title='bbox 1185 1903 1303 1955; x_wconf 77' lang='lat' dir='ltr'><em>eeteros</em></span> <span class='ocrx_word' id='word_1_252' title='bbox 1318 1899 1392 1967; x_wconf 91' lang='lat' dir='ltr'><em>dies,</em></span> <span class='ocrx_word' id='word_1_253' title='bbox 1408 1897 1516 1969; x_wconf 88' lang='lat' dir='ltr'><em>quibus</em></span> <span class='ocrx_word' id='word_1_254' title='bbox 1531 1898 1644 1970; x_wconf 88' lang='lat' dir='ltr'><em>operari</em></span> <span class='ocrx_word' id='word_1_255' title='bbox 1663 1902 1692 1953; x_wconf 88' lang='lat' dir='ltr'><em>et</em></span> <span class='ocrx_word' id='word_1_256' title='bbox 1704 1895 1812 1954; x_wconf 86' lang='lat' dir='ltr'><em>servire</em></span> 
     </span>
     <span class='ocr_line' id='line_1_20' title="bbox 99 1981 1813 2060; baseline 0.001 -22"><span class='ocrx_word' id='word_1_257' title='bbox 99 1988 165 2039; x_wconf 80' lang='lat' dir='ltr'><em>ruat</em></span> <span class='ocrx_word' id='word_1_258' title='bbox 179 1984 213 2037; x_wconf 84' lang='lat' dir='ltr'><em>in</em></span> <span class='ocrx_word' id='word_1_259' title='bbox 227 1981 376 2038; x_wconf 86' lang='lat' dir='ltr'><em>te.&#39;Scelus</em></span> <span class='ocrx_word' id='word_1_260' title='bbox 392 1981 463 2051; x_wconf 84' lang='lat' dir='ltr'><em>(sire</em></span> <span class='ocrx_word' id='word_1_261' title='bbox 488 1987 520 2037; x_wconf 93' lang='lat' dir='ltr'><em>ut</em></span> <span class='ocrx_word' id='word_1_262' title='bbox 533 1982 749 2054; x_wconf 82' lang='lat' dir='ltr'><em>significantius</em></span> <span class='ocrx_word' id='word_1_263' title='bbox 768 1982 798 2037; x_wconf 90' lang='lat' dir='ltr'><em>in</em></span> <span class='ocrx_word' id='word_1_264' title='bbox 813 1983 933 2039; x_wconf 76' lang='lat' dir='ltr'><em>Hebraeo</em></span> <span class='ocrx_word' id='word_1_265' title='bbox 987 1987 1084 2042; x_wconf 87' lang='lat' dir='ltr'><em>carnis</em></span> <span class='ocrx_word' id='word_1_266' title='bbox 1101 1986 1326 2043; x_wconf 85' lang='lat' dir='ltr'><em>necessitatibus</em></span> <span class='ocrx_word' id='word_1_267' title='bbox 1341 1986 1404 2060; x_wconf 90' lang='lat' dir='ltr'><em>lege</em></span> <span class='ocrx_word' id='word_1_268' title='bbox 1425 1986 1603 2058; x_wconf 90' lang='lat' dir='ltr'><em>permissum</em></span> <span class='ocrx_word' id='word_1_269' title='bbox 1618 1989 1672 2042; x_wconf 87' lang='lat' dir='ltr'><em>est.</em></span> <span class='ocrx_word' id='word_1_270' title='bbox 1688 1984 1749 2041; x_wconf 86' lang='lat' dir='ltr'><em>Viri</em></span> <span class='ocrx_word' id='word_1_271' title='bbox 1765 1984 1813 2040; x_wconf 86' lang='lat' dir='ltr'><em>de·</em></span> 
     </span>
     <span class='ocr_line' id='line_1_21' title="bbox 99 2070 1811 2147; baseline 0.001 -20"><span class='ocrx_word' id='word_1_272' title='bbox 99 2070 190 2127; x_wconf 82' lang='lat' dir='ltr'><em>hahet</em></span> <span class='ocrx_word' id='word_1_273' title='bbox 206 2087 311 2126; x_wconf 73' lang='lat' dir='ltr'><em>zemsm</em></span> <span class='ocrx_word' id='word_1_274' title='bbox 326 2074 419 2141; x_wconf 68' lang='lat' dir='ltr'><em>(unt),</em></span> <span class='ocrx_word' id='word_1_275' title='bbox 435 2070 489 2125; x_wconf 92' lang='lat' dir='ltr'><em>hoc</em></span> <span class='ocrx_word' id='word_1_276' title='bbox 504 2076 558 2138; x_wconf 88' lang='lat' dir='ltr'><em>est,</em></span> <span class='ocrx_word' id='word_1_277' title='bbox 581 2072 723 2143; x_wconf 87' lang='lat' dir='ltr'><em>incestum)</em></span> <span class='ocrx_word' id='word_1_278' title='bbox 750 2075 856 2143; x_wconf 85' lang='lat' dir='ltr'><em>operati</em></span> <span class='ocrx_word' id='word_1_279' title='bbox 869 2081 933 2128; x_wconf 89' lang='lat' dir='ltr'><em>sunt</em></span> <span class='ocrx_word' id='word_1_280' title='bbox 988 2078 1129 2142; x_wconf 83' lang='lat' dir='ltr'><em>tractores,</em></span> <span class='ocrx_word' id='word_1_281' title='bbox 1145 2075 1205 2131; x_wconf 90' lang='lat' dir='ltr'><em>sive</em></span> <span class='ocrx_word' id='word_1_282' title='bbox 1216 2076 1302 2147; x_wconf 76' lang='lat' dir='ltr'><em>Juxta</em></span> <span class='ocrx_word' id='word_1_283' title='bbox 1311 2074 1521 2147; x_wconf 79' lang='lat' dir='ltr'><em>Symmachum</em></span> <span class='ocrx_word' id='word_1_284' title='bbox 1532 2080 1561 2130; x_wconf 91' lang='lat' dir='ltr'><em>et</em></span> <span class='ocrx_word' id='word_1_285' title='bbox 1571 2073 1811 2139; x_wconf 77' lang='lat' dir='ltr'><em>Theodotionem.</em></span> 
     </span>
     <span class='ocr_line' id='line_1_22' title="bbox 100 2147 1811 2235; baseline 0 -20"><span class='ocrx_word' id='word_1_286' title='bbox 100 2162 128 2215; x_wconf 78' lang='lat' dir='ltr'><em>in</em></span> <span class='ocrx_word' id='word_1_287' title='bbox 145 2160 241 2216; x_wconf 85' lang='lat' dir='ltr'><em>medio</em></span> <span class='ocrx_word' id='word_1_288' title='bbox 255 2161 311 2214; x_wconf 88' lang='lat' dir='ltr'><em>tui.</em></span> <span class='ocrx_word' id='word_1_289' title='bbox 330 2158 536 2216; x_wconf 87' lang='lat' dir='ltr'><em>Verecundiam</em></span> <span class='ocrx_word' id='word_1_290' title='bbox 547 2162 636 2232; x_wconf 78' lang='lat' dir='ltr'><em>patris</em></span> <span class='ocrx_word' id='word_1_291' title='bbox 650 2163 890 2232; x_wconf 82' lang='lat' dir='ltr'><em>discooperuerunt</em></span> <span class='ocrx_word' id='word_1_292' title='bbox 904 2164 934 2217; x_wconf 87' lang='lat' dir='ltr'><em>in</em></span> <span class='ocrx_word' id='word_1_293' title='bbox 987 2163 1087 2230; x_wconf 88' lang='lat' dir='ltr'><em>dolosi,</em></span> <span class='ocrx_word' id='word_1_294' title='bbox 1103 2164 1180 2235; x_wconf 88' lang='lat' dir='ltr'><em>quod</em></span> <span class='ocrx_word' id='word_1_295' title='bbox 1196 2162 1225 2218; x_wconf 94' lang='lat' dir='ltr'><em>in</em></span> <span class='ocrx_word' id='word_1_296' title='bbox 1241 2163 1359 2219; x_wconf 84' lang='lat' dir='ltr'><em>Hehraeo</em></span> <span class='ocrx_word' id='word_1_297' title='bbox 1375 2163 1482 2219; x_wconf 91' lang='lat' dir='ltr'><em>dicitur</em></span> <span class='ocrx_word' id='word_1_298' title='bbox 1496 2179 1600 2218; x_wconf 78' lang='lat' dir='ltr'><em>aucum</em></span> <span class='ocrx_word' id='word_1_299' title='bbox 1614 2147 1744 2234; x_wconf 56' lang='lat' dir='ltr'><em>(hinniet</em></span> <span class='ocrx_word' id='word_1_300' title='bbox 1759 2159 1811 2216; x_wconf 92' lang='lat' dir='ltr'><em>ho·</em></span> 
     </span>
     <span class='ocr_line' id='line_1_23' title="bbox 100 2247 1813 2323; baseline 0.001 -19"><span class='ocrx_word' id='word_1_301' title='bbox 100 2253 137 2317; x_wconf 82' lang='lat' dir='ltr'><em>te,</em></span> <span class='ocrx_word' id='word_1_302' title='bbox 152 2253 180 2304; x_wconf 88' lang='lat' dir='ltr'><em>et</em></span> <span class='ocrx_word' id='word_1_303' title='bbox 196 2247 412 2304; x_wconf 86' lang='lat' dir='ltr'><em>immunditiam</em></span> <span class='ocrx_word' id='word_1_304' title='bbox 426 2256 606 2306; x_wconf 70' lang='lat' dir='ltr'><em>menstruate</em></span> <span class='ocrx_word' id='word_1_305' title='bbox 615 2250 836 2305; x_wconf 75' lang='lat' dir='ltr'><em>humiliaverunt</em></span> <span class='ocrx_word' id='word_1_306' title='bbox 851 2252 880 2306; x_wconf 89' lang='lat' dir='ltr'><em>in</em></span> <span class='ocrx_word' id='word_1_307' title='bbox 895 2255 931 2318; x_wconf 88' lang='lat' dir='ltr'><em>tc,</em></span> <span class='ocrx_word' id='word_1_308' title='bbox 988 2251 1101 2307; x_wconf 85' lang='lat' dir='ltr'><em>micidae</em></span> <span class='ocrx_word' id='word_1_309' title='bbox 1117 2257 1199 2306; x_wconf 87' lang='lat' dir='ltr'><em>erant</em></span> <span class='ocrx_word' id='word_1_310' title='bbox 1214 2252 1243 2307; x_wconf 94' lang='lat' dir='ltr'><em>in</em></span> <span class='ocrx_word' id='word_1_311' title='bbox 1258 2255 1295 2319; x_wconf 91' lang='lat' dir='ltr'><em>te,</em></span> <span class='ocrx_word' id='word_1_312' title='bbox 1312 2255 1344 2306; x_wconf 91' lang='lat' dir='ltr'><em>ut</em></span> <span class='ocrx_word' id='word_1_313' title='bbox 1368 2251 1608 2323; x_wconf 79' lang='lat' dir='ltr'><em>blasphemarent</em></span> <span class='ocrx_word' id='word_1_314' title='bbox 1632 2255 1736 2316; x_wconf 86' lang='lat' dir='ltr'><em>Deum,</em></span> <span class='ocrx_word' id='word_1_315' title='bbox 1751 2248 1813 2305; x_wconf 84' lang='lat' dir='ltr'><em>sive</em></span> 
     </span>
     <span class='ocr_line' id='line_1_24' title="bbox 101 2338 1814 2414; baseline -0.001 -21"><span class='ocrx_word' id='word_1_316' title='bbox 101 2342 129 2393; x_wconf 84' lang='lat' dir='ltr'><em>et</em></span> <span class='ocrx_word' id='word_1_317' title='bbox 143 2339 338 2409; x_wconf 69' lang='lat' dir='ltr'><em>campumque</em></span> <span class='ocrx_word' id='word_1_318' title='bbox 351 2338 380 2392; x_wconf 91' lang='lat' dir='ltr'><em>in</em></span> <span class='ocrx_word' id='word_1_319' title='bbox 399 2352 513 2393; x_wconf 73' lang='lat' dir='ltr'><em>uxorem</em></span> <span class='ocrx_word' id='word_1_320' title='bbox 535 2340 659 2409; x_wconf 75' lang='lat' dir='ltr'><em>proniani</em></span> <span class='ocrx_word' id='word_1_321' title='bbox 673 2340 718 2393; x_wconf 90' lang='lat' dir='ltr'><em>sui</em></span> <span class='ocrx_word' id='word_1_322' title='bbox 742 2343 868 2410; x_wconf 86' lang='lat' dir='ltr'><em>operatus</em></span> <span class='ocrx_word' id='word_1_323' title='bbox 894 2347 934 2395; x_wconf 89' lang='lat' dir='ltr'><em>est</em></span> <span class='ocrx_word' id='word_1_324' title='bbox 988 2343 1094 2396; x_wconf 89' lang='lat' dir='ltr'><em>cuncta</em></span> <span class='ocrx_word' id='word_1_325' title='bbox 1106 2340 1173 2396; x_wconf 87' lang='lat' dir='ltr'><em>dola</em></span> <span class='ocrx_word' id='word_1_326' title='bbox 1188 2344 1318 2414; x_wconf 89' lang='lat' dir='ltr'><em>agerent,</em></span> <span class='ocrx_word' id='word_1_327' title='bbox 1338 2343 1389 2395; x_wconf 92' lang='lat' dir='ltr'><em>aut</em></span> <span class='ocrx_word' id='word_1_328' title='bbox 1403 2339 1550 2396; x_wconf 86' lang='lat' dir='ltr'><em>violentia.</em></span> <span class='ocrx_word' id='word_1_329' title='bbox 1567 2343 1600 2395; x_wconf 85' lang='lat' dir='ltr'><em>ut</em></span> <span class='ocrx_word' id='word_1_330' title='bbox 1624 2339 1814 2396; x_wconf 85' lang='lat' dir='ltr'><em>comederunt</em></span> 
     </span>
     <span class='ocr_line' id='line_1_25' title="bbox 102 2426 1813 2500; baseline -0.001 -17"><span class='ocrx_word' id='word_1_331' title='bbox 102 2428 355 2494; x_wconf 76' lang='lat' dir='ltr'><em>abominationem,</em></span> <span class='ocrx_word' id='word_1_332' title='bbox 370 2434 395 2480; x_wconf 90' lang='lat' dir='ltr'><em>et</em></span> <span class='ocrx_word' id='word_1_333' title='bbox 409 2440 482 2481; x_wconf 83' lang='lat' dir='ltr'><em>socer</em></span> <span class='ocrx_word' id='word_1_334' title='bbox 497 2442 602 2480; x_wconf 89' lang='lat' dir='ltr'><em>nurum</em></span> <span class='ocrx_word' id='word_1_335' title='bbox 612 2442 691 2482; x_wconf 91' lang='lat' dir='ltr'><em>suam</em></span> <span class='ocrx_word' id='word_1_336' title='bbox 702 2428 803 2498; x_wconf 90' lang='lat' dir='ltr'><em>polluit</em></span> <span class='ocrx_word' id='word_1_337' title='bbox 817 2429 932 2498; x_wconf 78' lang='lat' dir='ltr'><em>nefarie.</em></span> <span class='ocrx_word' id='word_1_338' title='bbox 988 2429 1018 2484; x_wconf 92' lang='lat' dir='ltr'><em>in</em></span> <span class='ocrx_word' id='word_1_339' title='bbox 1030 2429 1180 2484; x_wconf 88' lang='lat' dir='ltr'><em>montibus</em></span> <span class='ocrx_word' id='word_1_340' title='bbox 1196 2427 1255 2484; x_wconf 89' lang='lat' dir='ltr'><em>alta</em></span> <span class='ocrx_word' id='word_1_341' title='bbox 1269 2428 1427 2500; x_wconf 88' lang='lat' dir='ltr'><em>sapientes,</em></span> <span class='ocrx_word' id='word_1_342' title='bbox 1445 2431 1473 2483; x_wconf 89' lang='lat' dir='ltr'><em>et</em></span> <span class='ocrx_word' id='word_1_343' title='bbox 1488 2426 1589 2483; x_wconf 79' lang='lat' dir='ltr'><em>oleveti</em></span> <span class='ocrx_word' id='word_1_344' title='bbox 1604 2432 1706 2483; x_wconf 89' lang='lat' dir='ltr'><em>contra</em></span> <span class='ocrx_word' id='word_1_345' title='bbox 1721 2431 1813 2483; x_wconf 85' lang='lat' dir='ltr'><em>Deum</em></span> 
     </span>
     <span class='ocr_line' id='line_1_26' title="bbox 101 2515 1813 2589; baseline -0.002 -16"><span class='ocrx_word' id='word_1_346' title='bbox 101 2515 542 2586; x_wconf 64' lang='lat' dir='ltr'><em>mentemmentdm</em></span> <span class='ocrx_word' id='word_1_347' title='bbox 557 2517 645 2585; x_wconf 89' lang='lat' dir='ltr'><em>patris</em></span> <span class='ocrx_word' id='word_1_348' title='bbox 659 2517 847 2588; x_wconf 84' lang='lat' dir='ltr'><em>sui,oppressat</em></span> <span class='ocrx_word' id='word_1_349' title='bbox 863 2516 934 2587; x_wconf 88' lang='lat' dir='ltr'><em>(sive</em></span> <span class='ocrx_word' id='word_1_350' title='bbox 988 2517 1136 2589; x_wconf 87' lang='lat' dir='ltr'><em>superbia,</em></span> <span class='ocrx_word' id='word_1_351' title='bbox 1152 2516 1256 2584; x_wconf 90' lang='lat' dir='ltr'><em>scelus,</em></span> <span class='ocrx_word' id='word_1_352' title='bbox 1266 2517 1326 2574; x_wconf 87' lang='lat' dir='ltr'><em>siva</em></span> <span class='ocrx_word' id='word_1_353' title='bbox 1342 2516 1608 2588; x_wconf 86' lang='lat' dir='ltr'><em>incestum‚0perati</em></span> <span class='ocrx_word' id='word_1_354' title='bbox 1624 2515 1739 2571; x_wconf 87' lang='lat' dir='ltr'><em>suntin</em></span> <span class='ocrx_word' id='word_1_355' title='bbox 1755 2531 1813 2570; x_wconf 90' lang='lat' dir='ltr'><em>me·</em></span> 
     </span>
     <span class='ocr_line' id='line_1_27' title="bbox 102 2603 1813 2677; baseline 0 -18"><span class='ocrx_word' id='word_1_356' title='bbox 102 2605 277 2671; x_wconf 76' lang='lat' dir='ltr'><em>humiliavit)</em></span> <span class='ocrx_word' id='word_1_357' title='bbox 295 2605 326 2658; x_wconf 87' lang='lat' dir='ltr'><em>in</em></span> <span class='ocrx_word' id='word_1_358' title='bbox 338 2611 374 2659; x_wconf 89' lang='lat' dir='ltr'><em>te.</em></span> <span class='ocrx_word' id='word_1_359' title='bbox 400 2607 514 2659; x_wconf 77' lang='lat' dir='ltr'><em>Manem</em></span> <span class='ocrx_word' id='word_1_360' title='bbox 530 2611 690 2675; x_wconf 89' lang='lat' dir='ltr'><em>aeceperunt</em></span> <span class='ocrx_word' id='word_1_361' title='bbox 704 2605 779 2675; x_wconf 88' lang='lat' dir='ltr'><em>opud</em></span> <span class='ocrx_word' id='word_1_362' title='bbox 794 2609 828 2671; x_wconf 88' lang='lat' dir='ltr'><em>te,</em></span> <span class='ocrx_word' id='word_1_363' title='bbox 845 2604 879 2658; x_wconf 91' lang='lat' dir='ltr'><em>ad</em></span> <span class='ocrx_word' id='word_1_364' title='bbox 894 2606 933 2675; x_wconf 78' lang='lat' dir='ltr'><em>es·</em></span> <span class='ocrx_word' id='word_1_365' title='bbox 988 2606 1037 2662; x_wconf 90' lang='lat' dir='ltr'><em>dio</em></span> <span class='ocrx_word' id='word_1_366' title='bbox 1052 2606 1094 2661; x_wconf 92' lang='lat' dir='ltr'><em>tui</em></span> <span class='ocrx_word' id='word_1_367' title='bbox 1113 2624 1119 2661; x_wconf 95' lang='lat'><strong>:</strong></span> <span class='ocrx_word' id='word_1_368' title='bbox 1137 2611 1169 2660; x_wconf 91' lang='lat' dir='ltr'><em>ut</em></span> <span class='ocrx_word' id='word_1_369' title='bbox 1184 2605 1261 2677; x_wconf 93' lang='lat' dir='ltr'><em>quod</em></span> <span class='ocrx_word' id='word_1_370' title='bbox 1272 2604 1302 2660; x_wconf 94' lang='lat' dir='ltr'><em>in</em></span> <span class='ocrx_word' id='word_1_371' title='bbox 1315 2603 1431 2677; x_wconf 82' lang='lat' dir='ltr'><em>angulis</em></span> <span class='ocrx_word' id='word_1_372' title='bbox 1446 2609 1606 2676; x_wconf 81' lang='lat' dir='ltr'><em>quoquest</em></span> <span class='ocrx_word' id='word_1_373' title='bbox 1621 2607 1731 2660; x_wconf 89' lang='lat' dir='ltr'><em>secreto</em></span> <span class='ocrx_word' id='word_1_374' title='bbox 1747 2619 1813 2659; x_wconf 86' lang='lat' dir='ltr'><em>raro</em></span> 
     </span>
     <span class='ocr_line' id='line_1_28' title="bbox 102 2690 1813 2767; baseline -0.002 -17"><span class='ocrx_word' id='word_1_375' title='bbox 102 2693 467 2764; x_wconf 72' lang='lat' dir='ltr'><em>lmdeudumsanpuirzem.</em></span> <span class='ocrx_word' id='word_1_376' title='bbox 482 2694 600 2749; x_wconf 85' lang='lat' dir='ltr'><em>llsurum</em></span> <span class='ocrx_word' id='word_1_377' title='bbox 613 2697 640 2748; x_wconf 89' lang='lat' dir='ltr'><em>et</em></span> <span class='ocrx_word' id='word_1_378' title='bbox 652 2694 934 2764; x_wconf 86' lang='lat' dir='ltr'><em>superabunda-utiam</em></span> <span class='ocrx_word' id='word_1_379' title='bbox 990 2693 1271 2767; x_wconf 83' lang='lat' dir='ltr'><em>fit,quandoamalis</em></span> <span class='ocrx_word' id='word_1_380' title='bbox 1282 2693 1467 2750; x_wconf 79' lang='lat' dir='ltr'><em>eonscientiae</em></span> <span class='ocrx_word' id='word_1_381' title='bbox 1476 2690 1813 2758; x_wconf 87' lang='lat' dir='ltr'><em>hominumdevitantur‚</em></span> 
     </span>
     <span class='ocr_line' id='line_1_29' title="bbox 103 2779 1814 2855; baseline -0.001 -17"><span class='ocrx_word' id='word_1_382' title='bbox 103 2783 246 2854; x_wconf 73' lang='lat' dir='ltr'><em>accepisti,</em></span> <span class='ocrx_word' id='word_1_383' title='bbox 263 2784 289 2835; x_wconf 88' lang='lat' dir='ltr'><em>et</em></span> <span class='ocrx_word' id='word_1_384' title='bbox 303 2796 387 2836; x_wconf 73' lang='lat' dir='ltr'><em>aurare</em></span> <span class='ocrx_word' id='word_1_385' title='bbox 412 2783 552 2852; x_wconf 77' lang='lat' dir='ltr'><em>prosimos</em></span> <span class='ocrx_word' id='word_1_386' title='bbox 565 2784 623 2836; x_wconf 87' lang='lat' dir='ltr'><em>tuos</em></span> <span class='ocrx_word' id='word_1_387' title='bbox 637 2782 810 2837; x_wconf 81' lang='lat' dir='ltr'><em>calumniata</em></span> <span class='ocrx_word' id='word_1_388' title='bbox 821 2799 848 2837; x_wconf 85' lang='lat' dir='ltr'><em>es</em></span> <span class='ocrx_word' id='word_1_389' title='bbox 862 2781 934 2853; x_wconf 87' lang='lat' dir='ltr'><em>(sive</em></span> <span class='ocrx_word' id='word_1_390' title='bbox 989 2782 1043 2838; x_wconf 92' lang='lat' dir='ltr'><em>hoe</em></span> <span class='ocrx_word' id='word_1_391' title='bbox 1058 2788 1089 2838; x_wconf 91' lang='lat' dir='ltr'><em>tu</em></span> <span class='ocrx_word' id='word_1_392' title='bbox 1099 2783 1128 2838; x_wconf 92' lang='lat' dir='ltr'><em>in</em></span> <span class='ocrx_word' id='word_1_393' title='bbox 1139 2782 1293 2855; x_wconf 89' lang='lat' dir='ltr'><em>propatulo</em></span> <span class='ocrx_word' id='word_1_394' title='bbox 1305 2783 1416 2837; x_wconf 86' lang='lat' dir='ltr'><em>leceris.</em></span> <span class='ocrx_word' id='word_1_395' title='bbox 1426 2780 1500 2846; x_wconf 83' lang='lat' dir='ltr'><em>Ouid</em></span> <span class='ocrx_word' id='word_1_396' title='bbox 1511 2781 1550 2836; x_wconf 90' lang='lat' dir='ltr'><em>sit</em></span> <span class='ocrx_word' id='word_1_397' title='bbox 1565 2785 1662 2837; x_wconf 89' lang='lat' dir='ltr'><em>autem</em></span> <span class='ocrx_word' id='word_1_398' title='bbox 1673 2779 1814 2845; x_wconf 84' lang='lat' dir='ltr'><em>incestus.</em></span> 
     </span>
     <span class='ocr_line' id='line_1_30' title="bbox 101 2867 1816 2944; baseline -0.002 -17"><span class='ocrx_word' id='word_1_399' title='bbox 101 2876 125 2927; x_wconf 84' lang='lat' dir='ltr'><em>el</em></span> <span class='ocrx_word' id='word_1_400' title='bbox 138 2870 285 2942; x_wconf 75' lang='lat' dir='ltr'><em>complebo</em></span> <span class='ocrx_word' id='word_1_401' title='bbox 299 2870 560 2924; x_wconf 80' lang='lat' dir='ltr'><em>consummationem</em></span> <span class='ocrx_word' id='word_1_402' title='bbox 573 2870 688 2924; x_wconf 77' lang='lat' dir='ltr'><em>malitiae</em></span> <span class='ocrx_word' id='word_1_403' title='bbox 706 2873 760 2925; x_wconf 82' lang='lat' dir='ltr'><em>luae</em></span> <span class='ocrx_word' id='word_1_404' title='bbox 776 2871 805 2925; x_wconf 91' lang='lat' dir='ltr'><em>in</em></span> <span class='ocrx_word' id='word_1_405' title='bbox 828 2886 935 2942; x_wconf 87' lang='lat' dir='ltr'><em>oppres·</em></span> <span class='ocrx_word' id='word_1_406' title='bbox 988 2888 1114 2943; x_wconf 88' lang='lat' dir='ltr'><em>sequens</em></span> <span class='ocrx_word' id='word_1_407' title='bbox 1130 2887 1226 2927; x_wconf 89' lang='lat' dir='ltr'><em>sermo</em></span> <span class='ocrx_word' id='word_1_408' title='bbox 1241 2870 1387 2944; x_wconf 84' lang='lat' dir='ltr'><em>signifieat</em></span> <span class='ocrx_word' id='word_1_409' title='bbox 1403 2887 1409 2924; x_wconf 90' lang='lat'>:</span> <span class='ocrx_word' id='word_1_410' title='bbox 1427 2869 1643 2926; x_wconf 83' lang='lat' dir='ltr'><em>verecundiore</em></span> <span class='ocrx_word' id='word_1_411' title='bbox 1656 2867 1749 2942; x_wconf 84' lang='lat' dir='ltr'><em>patris</em></span> <span class='ocrx_word' id='word_1_412' title='bbox 1759 2885 1816 2924; x_wconf 91' lang='lat' dir='ltr'><em>nu·</em></span> 
     </span>
     <span class='ocr_line' id='line_1_31' title="bbox 102 2957 1815 3030; baseline -0.004 -13"><span class='ocrx_word' id='word_1_413' title='bbox 102 2963 182 3017; x_wconf 84' lang='lat' dir='ltr'><em>sione</em></span> <span class='ocrx_word' id='word_1_414' title='bbox 192 2959 256 3029; x_wconf 84' lang='lat' dir='ltr'><em>tua)</em></span> <span class='ocrx_word' id='word_1_415' title='bbox 267 2974 278 3020; x_wconf 90' lang='lat'><em>;</em></span> <span class='ocrx_word' id='word_1_416' title='bbox 293 2960 402 3030; x_wconf 79' lang='lat' dir='ltr'><em>meique</em></span> <span class='ocrx_word' id='word_1_417' title='bbox 424 2959 507 3013; x_wconf 91' lang='lat' dir='ltr'><em>oblita</em></span> <span class='ocrx_word' id='word_1_418' title='bbox 522 2975 558 3029; x_wconf 88' lang='lat' dir='ltr'><em>cs,</em></span> <span class='ocrx_word' id='word_1_419' title='bbox 574 2960 616 3013; x_wconf 87' lang='lat' dir='ltr'><em>ait</em></span> <span class='ocrx_word' id='word_1_420' title='bbox 629 2959 760 3015; x_wconf 84' lang='lat' dir='ltr'><em>Dominus</em></span> <span class='ocrx_word' id='word_1_421' title='bbox 774 2961 853 3014; x_wconf 86' lang='lat' dir='ltr'><em>Deus.</em></span> <span class='ocrx_word' id='word_1_422' title='bbox 869 2961 934 3016; x_wconf 83' lang='lat' dir='ltr'><em>licce</em></span> <span class='ocrx_word' id='word_1_423' title='bbox 988 2960 1131 3015; x_wconf 89' lang='lat' dir='ltr'><em>daverunt</em></span> <span class='ocrx_word' id='word_1_424' title='bbox 1146 2960 1175 3015; x_wconf 91' lang='lat' dir='ltr'><em>in</em></span> <span class='ocrx_word' id='word_1_425' title='bbox 1190 2965 1228 3027; x_wconf 90' lang='lat' dir='ltr'><em>te,</em></span> <span class='ocrx_word' id='word_1_426' title='bbox 1245 2975 1372 3015; x_wconf 76' lang='lat' dir='ltr'><em>novercae</em></span> <span class='ocrx_word' id='word_1_427' title='bbox 1384 2964 1486 3015; x_wconf 88' lang='lat' dir='ltr'><em>contra</em></span> <span class='ocrx_word' id='word_1_428' title='bbox 1496 2959 1538 3014; x_wconf 86' lang='lat' dir='ltr'><em>las</em></span> <span class='ocrx_word' id='word_1_429' title='bbox 1553 2957 1708 3014; x_wconf 84' lang='lat' dir='ltr'><em>sllicitum</em></span> <span class='ocrx_word' id='word_1_430' title='bbox 1725 2972 1815 3028; x_wconf 89' lang='lat' dir='ltr'><em>oopu-</em></span> 
     </span>
     <span class='ocr_line' id='line_1_32' title="bbox 104 3045 1815 3121; baseline -0.005 -14"><span class='ocrx_word' id='word_1_431' title='bbox 104 3049 236 3121; x_wconf 85' lang='lat' dir='ltr'><em>somplosi</em></span> <span class='ocrx_word' id='word_1_432' title='bbox 246 3062 349 3102; x_wconf 83' lang='lat' dir='ltr'><em>manus</em></span> <span class='ocrx_word' id='word_1_433' title='bbox 359 3049 677 3112; x_wconf 79' lang='lat' dir='ltr'><em>raeassaperaaaritiam</em></span> <span class='ocrx_word' id='word_1_434' title='bbox 688 3056 763 3103; x_wconf 90' lang='lat' dir='ltr'><em>tuom</em></span> <span class='ocrx_word' id='word_1_435' title='bbox 778 3065 860 3119; x_wconf 83' lang='lat' dir='ltr'><em>quam</em></span> <span class='ocrx_word' id='word_1_436' title='bbox 869 3050 934 3119; x_wconf 75' lang='lat' dir='ltr'><em>leci·</em></span> <span class='ocrx_word' id='word_1_437' title='bbox 987 3047 1049 3117; x_wconf 78' lang='lat' dir='ltr'><em>lati,</em></span> <span class='ocrx_word' id='word_1_438' title='bbox 1062 3055 1090 3104; x_wconf 90' lang='lat' dir='ltr'><em>et</em></span> <span class='ocrx_word' id='word_1_439' title='bbox 1105 3049 1325 3104; x_wconf 88' lang='lat' dir='ltr'><em>immunditiam</em></span> <span class='ocrx_word' id='word_1_440' title='bbox 1341 3050 1529 3103; x_wconf 79' lang='lat' dir='ltr'><em>menstruata</em></span> <span class='ocrx_word' id='word_1_441' title='bbox 1542 3045 1773 3103; x_wconf 88' lang='lat' dir='ltr'><em>humiliaverunt</em></span> <span class='ocrx_word' id='word_1_442' title='bbox 1784 3045 1815 3099; x_wconf 93' lang='lat' dir='ltr'><em>in</em></span> 
     </span>
     <span class='ocr_line' id='line_1_33' title="bbox 103 3136 1816 3209; baseline -0.002 -15"><span class='ocrx_word' id='word_1_443' title='bbox 103 3140 152 3207; x_wconf 84' lang='lat' dir='ltr'><em>sti,</em></span> <span class='ocrx_word' id='word_1_444' title='bbox 167 3146 289 3208; x_wconf 80' lang='lat' dir='ltr'><em>comper</em></span> <span class='ocrx_word' id='word_1_445' title='bbox 300 3137 465 3206; x_wconf 69' lang='lat' dir='ltr'><em>sanguinem</em></span> <span class='ocrx_word' id='word_1_446' title='bbox 492 3137 542 3206; x_wconf 83' lang='lat' dir='ltr'><em>qui</em></span> <span class='ocrx_word' id='word_1_447' title='bbox 566 3137 666 3207; x_wconf 74' lang='lat' dir='ltr'><em>optusus</em></span> <span class='ocrx_word' id='word_1_448' title='bbox 680 3139 717 3190; x_wconf 91' lang='lat' dir='ltr'><em>est</em></span> <span class='ocrx_word' id='word_1_449' title='bbox 732 3138 763 3191; x_wconf 89' lang='lat' dir='ltr'><em>in</em></span> <span class='ocrx_word' id='word_1_450' title='bbox 775 3137 863 3192; x_wconf 84' lang='lat' dir='ltr'><em>audio</em></span> <span class='ocrx_word' id='word_1_451' title='bbox 878 3140 929 3193; x_wconf 88' lang='lat' dir='ltr'><em>tui.</em></span> <span class='ocrx_word' id='word_1_452' title='bbox 985 3139 1025 3209; x_wconf 89' lang='lat' dir='ltr'><em>te,</em></span> <span class='ocrx_word' id='word_1_453' title='bbox 1042 3154 1100 3192; x_wconf 90' lang='lat' dir='ltr'><em>non</em></span> <span class='ocrx_word' id='word_1_454' title='bbox 1115 3142 1266 3209; x_wconf 85' lang='lat' dir='ltr'><em>parcentes</em></span> <span class='ocrx_word' id='word_1_455' title='bbox 1281 3141 1402 3206; x_wconf 76' lang='lat' dir='ltr'><em>nature,</em></span> <span class='ocrx_word' id='word_1_456' title='bbox 1413 3152 1465 3191; x_wconf 87' lang='lat' dir='ltr'><em>nee</em></span> <span class='ocrx_word' id='word_1_457' title='bbox 1479 3136 1615 3192; x_wconf 91' lang='lat' dir='ltr'><em>inducias</em></span> <span class='ocrx_word' id='word_1_458' title='bbox 1631 3137 1735 3191; x_wconf 89' lang='lat' dir='ltr'><em>dantes</em></span> <span class='ocrx_word' id='word_1_459' title='bbox 1752 3138 1816 3191; x_wconf 89' lang='lat' dir='ltr'><em>tur·</em></span> 
     </span>
     <span class='ocr_line' id='line_1_34' title="bbox 103 3202 1812 3298; baseline -0.002 -15"><span class='ocrx_word' id='word_1_460' title='bbox 103 3225 238 3298; x_wconf 78' lang='lat' dir='ltr'><em>Nunqur&#39;d</em></span> <span class='ocrx_word' id='word_1_461' title='bbox 249 3224 398 3279; x_wconf 87' lang='lat' dir='ltr'><em>sustinebit</em></span> <span class='ocrx_word' id='word_1_462' title='bbox 412 3239 460 3279; x_wconf 92' lang='lat' dir='ltr'><em>cor</em></span> <span class='ocrx_word' id='word_1_463' title='bbox 474 3232 560 3290; x_wconf 88' lang='lat' dir='ltr'><em>tuum,</em></span> <span class='ocrx_word' id='word_1_464' title='bbox 570 3231 626 3292; x_wconf 89' lang='lat' dir='ltr'><em>aut,</em></span> <span class='ocrx_word' id='word_1_465' title='bbox 639 3224 829 3296; x_wconf 72' lang='lat' dir='ltr'><em>prevalebunt</em></span> <span class='ocrx_word' id='word_1_466' title='bbox 839 3243 937 3282; x_wconf 87' lang='lat' dir='ltr'><em>munus</em></span> <span class='ocrx_word' id='word_1_467' title='bbox 952 3202 974 3270; x_wconf 71' lang='lat' dir='ltr'>C</span> <span class='ocrx_word' id='word_1_468' title='bbox 994 3226 1131 3297; x_wconf 90' lang='lat' dir='ltr'><em>pitudini,</em></span> <span class='ocrx_word' id='word_1_469' title='bbox 1147 3230 1176 3281; x_wconf 87' lang='lat' dir='ltr'><em>et</em></span> <span class='ocrx_word' id='word_1_470' title='bbox 1190 3227 1225 3281; x_wconf 93' lang='lat' dir='ltr'><em>ad</em></span> <span class='ocrx_word' id='word_1_471' title='bbox 1256 3242 1375 3281; x_wconf 82' lang='lat' dir='ltr'><em>uxorem</em></span> <span class='ocrx_word' id='word_1_472' title='bbox 1392 3223 1516 3297; x_wconf 82' lang='lat' dir='ltr'><em>proximi</em></span> <span class='ocrx_word' id='word_1_473' title='bbox 1531 3225 1577 3280; x_wconf 94' lang='lat' dir='ltr'><em>sui</em></span> <span class='ocrx_word' id='word_1_474' title='bbox 1594 3223 1812 3280; x_wconf 83' lang='lat' dir='ltr'><em>adhinnientes.</em></span> 
     </span>
     <span class='ocr_line' id='line_1_35' title="bbox 105 3312 1814 3387; baseline -0.004 -14"><span class='ocrx_word' id='word_1_475' title='bbox 105 3318 199 3374; x_wconf 61' lang='grc' dir='ltr'>Μῖνι</span> <span class='ocrx_word' id='word_1_476' title='bbox 208 3315 310 3370; x_wconf 89' lang='lat' dir='ltr'><em>diebus</em></span> <span class='ocrx_word' id='word_1_477' title='bbox 319 3328 386 3384; x_wconf 86' lang='lat' dir='ltr'><em>quos</em></span> <span class='ocrx_word' id='word_1_478' title='bbox 394 3328 441 3382; x_wconf 86' lang='lat' dir='ltr'><em>epo</em></span> <span class='ocrx_word' id='word_1_479' title='bbox 450 3313 936 3385; x_wconf 74' lang='lat' dir='ltr'><em>laciumtibiitpollominuslocutus</em></span> <span class='ocrx_word' id='word_1_480' title='bbox 991 3315 1131 3387; x_wconf 82' lang='lat' dir='ltr'><em>Quodque</em></span> <span class='ocrx_word' id='word_1_481' title='bbox 1143 3315 1196 3370; x_wconf 90' lang='lat' dir='ltr'><em>hoe</em></span> <span class='ocrx_word' id='word_1_482' title='bbox 1207 3312 1376 3370; x_wconf 78' lang='lat' dir='ltr'><em>sceleratius</em></span> <span class='ocrx_word' id='word_1_483' title='bbox 1386 3318 1527 3382; x_wconf 89' lang='lat' dir='ltr'><em>est,souer</em></span> <span class='ocrx_word' id='word_1_484' title='bbox 1535 3312 1643 3369; x_wconf 79' lang='lat' dir='ltr'><em>exarsit</em></span> <span class='ocrx_word' id='word_1_485' title='bbox 1653 3312 1684 3367; x_wconf 90' lang='lat' dir='ltr'><em>in</em></span> <span class='ocrx_word' id='word_1_486' title='bbox 1695 3328 1814 3380; x_wconf 90' lang='lat' dir='ltr'><em>nurum,</em></span> 
     </span>
    </p>
   </div>
   <div class='ocr_carea' id='block_1_4' title="bbox 101 3402 943 4539">
    <p class='ocr_par' dir='ltr' id='par_1_4' title="bbox 101 3402 943 4539">
     <span class='ocr_line' id='line_1_36' title="bbox 104 3402 937 3475; baseline -0.001 -15"><span class='ocrx_word' id='word_1_487' title='bbox 104 3407 204 3475; x_wconf 69' lang='lat' dir='ltr'><em>esemel</em></span> <span class='ocrx_word' id='word_1_488' title='bbox 218 3405 337 3475; x_wconf 71' lang='lat' dir='ltr'><em>saciata.</em></span> <span class='ocrx_word' id='word_1_489' title='bbox 348 3405 381 3458; x_wconf 84' lang='lat' dir='ltr'><em>tt</em></span> <span class='ocrx_word' id='word_1_490' title='bbox 392 3403 431 3475; x_wconf 84' lang='lat' dir='ltr'><em>(a)</em></span> <span class='ocrx_word' id='word_1_491' title='bbox 441 3402 595 3474; x_wconf 87' lang='lat' dir='ltr'><em>disperdam</em></span> <span class='ocrx_word' id='word_1_492' title='bbox 608 3410 633 3458; x_wconf 91' lang='lat' dir='ltr'><em>te</em></span> <span class='ocrx_word' id='word_1_493' title='bbox 648 3404 823 3473; x_wconf 79' lang='lat' dir='ltr'><em>lunationes,</em></span> <span class='ocrx_word' id='word_1_494' title='bbox 835 3408 860 3459; x_wconf 90' lang='lat' dir='ltr'><em>et</em></span> <span class='ocrx_word' id='word_1_495' title='bbox 870 3420 937 3460; x_wconf 89' lang='lat' dir='ltr'><em>oen-</em></span> 
     </span>
     <span class='ocr_line' id='line_1_37' title="bbox 105 3491 939 3562; baseline -0.004 -11"><span class='ocrx_word' id='word_1_496' title='bbox 105 3494 190 3551; x_wconf 83' lang='lat' dir='ltr'><em>lilcbc</em></span> <span class='ocrx_word' id='word_1_497' title='bbox 204 3495 232 3549; x_wconf 88' lang='lat' dir='ltr'><em>te</em></span> <span class='ocrx_word' id='word_1_498' title='bbox 249 3493 282 3548; x_wconf 90' lang='lat' dir='ltr'><em>in</em></span> <span class='ocrx_word' id='word_1_499' title='bbox 296 3496 395 3562; x_wconf 82' lang='lat' dir='ltr'><em>terras,</em></span> <span class='ocrx_word' id='word_1_500' title='bbox 415 3495 440 3546; x_wconf 90' lang='lat' dir='ltr'><em>et</em></span> <span class='ocrx_word' id='word_1_501' title='bbox 463 3491 578 3561; x_wconf 81' lang='lat' dir='ltr'><em>deficere</em></span> <span class='ocrx_word' id='word_1_502' title='bbox 604 3492 707 3561; x_wconf 75' lang='lat' dir='ltr'><em>taciem</em></span> <span class='ocrx_word' id='word_1_503' title='bbox 733 3492 939 3548; x_wconf 87' lang='lat' dir='ltr'><em>immunditiam</em></span> 
     </span>
     <span class='ocr_line' id='line_1_38' title="bbox 105 3579 937 3653; baseline -0.002 -15"><span class='ocrx_word' id='word_1_504' title='bbox 105 3586 180 3638; x_wconf 74' lang='lat' dir='ltr'><em>bum</em></span> <span class='ocrx_word' id='word_1_505' title='bbox 195 3598 214 3637; x_wconf 89' lang='lat' dir='ltr'><em>o</em></span> <span class='ocrx_word' id='word_1_506' title='bbox 229 3584 270 3648; x_wconf 87' lang='lat' dir='ltr'><em>le,</em></span> <span class='ocrx_word' id='word_1_507' title='bbox 286 3585 315 3635; x_wconf 85' lang='lat' dir='ltr'><em>et</em></span> <span class='ocrx_word' id='word_1_508' title='bbox 327 3579 469 3652; x_wconf 85' lang='lat' dir='ltr'><em>possidebo</em></span> <span class='ocrx_word' id='word_1_509' title='bbox 480 3584 506 3635; x_wconf 90' lang='lat' dir='ltr'><em>te</em></span> <span class='ocrx_word' id='word_1_510' title='bbox 521 3581 550 3634; x_wconf 89' lang='lat' dir='ltr'><em>in</em></span> <span class='ocrx_word' id='word_1_511' title='bbox 564 3583 708 3650; x_wconf 83' lang='lat' dir='ltr'><em>conspectu</em></span> <span class='ocrx_word' id='word_1_512' title='bbox 726 3582 851 3649; x_wconf 81' lang='lat' dir='ltr'><em>pontium</em></span> <span class='ocrx_word' id='word_1_513' title='bbox 864 3581 937 3653; x_wconf 85' lang='lat' dir='ltr'><em>(sive</em></span> 
     </span>
     <span class='ocr_line' id='line_1_39' title="bbox 101 3666 938 3742; baseline -0.005 -15"><span class='ocrx_word' id='word_1_514' title='bbox 101 3671 184 3742; x_wconf 73' lang='lat' dir='ltr'><em>iuxta</em></span> <span class='ocrx_word' id='word_1_515' title='bbox 200 3667 321 3741; x_wconf 78' lang='lat' dir='ltr'><em>Aquilae</em></span> <span class='ocrx_word' id='word_1_516' title='bbox 337 3667 464 3739; x_wconf 91' lang='lat' dir='ltr'><em>primam</em></span> <span class='ocrx_word' id='word_1_517' title='bbox 474 3666 673 3733; x_wconf 88' lang='lat' dir='ltr'><em>editionem‚et</em></span> <span class='ocrx_word' id='word_1_518' title='bbox 688 3667 914 3724; x_wconf 86' lang='lat' dir='ltr'><em>Theudotionem</em></span> <span class='ocrx_word' id='word_1_519' title='bbox 931 3684 938 3723; x_wconf 91' lang='lat'>:</span> 
     </span>
     <span class='ocr_line' id='line_1_40' title="bbox 104 3754 940 3827; baseline -0.006 -11"><span class='ocrx_word' id='word_1_520' title='bbox 104 3759 133 3816; x_wconf 80' lang='lat' dir='ltr'><em>tt</em></span> <span class='ocrx_word' id='word_1_521' title='bbox 146 3755 351 3816; x_wconf 81' lang='lat' dir='ltr'><em>contaminabo</em></span> <span class='ocrx_word' id='word_1_522' title='bbox 365 3761 391 3812; x_wconf 85' lang='lat' dir='ltr'><em>te</em></span> <span class='ocrx_word' id='word_1_523' title='bbox 407 3773 413 3810; x_wconf 94' lang='lat'>:</span> <span class='ocrx_word' id='word_1_524' title='bbox 429 3754 473 3811; x_wconf 85' lang='lat' dir='ltr'><em>vel</em></span> <span class='ocrx_word' id='word_1_525' title='bbox 479 3756 566 3826; x_wconf 76' lang='lat' dir='ltr'><em>Juxta</em></span> <span class='ocrx_word' id='word_1_526' title='bbox 581 3755 793 3827; x_wconf 83' lang='lat' dir='ltr'><em>Symmachum</em></span> <span class='ocrx_word' id='word_1_527' title='bbox 811 3774 817 3812; x_wconf 91' lang='lat'>:</span> <span class='ocrx_word' id='word_1_528' title='bbox 834 3758 866 3811; x_wconf 80' lang='lat' dir='ltr'><em>Et</em></span> <span class='ocrx_word' id='word_1_529' title='bbox 877 3756 940 3812; x_wconf 88' lang='lat' dir='ltr'><em>oul-</em></span> 
     </span>
     <span class='ocr_line' id='line_1_41' title="bbox 104 3844 941 3916; baseline -0.006 -11"><span class='ocrx_word' id='word_1_530' title='bbox 104 3848 202 3905; x_wconf 75' lang='lat' dir='ltr'><em>mea</em></span> <span class='ocrx_word' id='word_1_531' title='bbox 218 3854 249 3903; x_wconf 86' lang='lat' dir='ltr'><em>te</em></span> <span class='ocrx_word' id='word_1_532' title='bbox 265 3847 441 3914; x_wconf 80' lang='lat' dir='ltr'><em>incompacta</em></span> <span class='ocrx_word' id='word_1_533' title='bbox 454 3845 638 3916; x_wconf 70' lang='lat' dir='ltr'><em>peruiumtmt</em></span> <span class='ocrx_word' id='word_1_534' title='bbox 652 3844 794 3915; x_wconf 85' lang='lat' dir='ltr'><em>sciesquia</em></span> <span class='ocrx_word' id='word_1_535' title='bbox 824 3860 870 3916; x_wconf 83' lang='lat' dir='ltr'><em>epo</em></span> <span class='ocrx_word' id='word_1_536' title='bbox 887 3847 941 3900; x_wconf 88' lang='lat' dir='ltr'><em>llo·</em></span> 
     </span>
     <span class='ocr_line' id='line_1_42' title="bbox 106 3931 937 4004; baseline -0.006 -10"><span class='ocrx_word' id='word_1_537' title='bbox 106 3940 210 3993; x_wconf 69' lang='lat' dir='ltr'><em>miuus.</em></span> <span class='ocrx_word' id='word_1_538' title='bbox 226 3935 266 3990; x_wconf 84' lang='lat' dir='ltr'><em>Et</em></span> <span class='ocrx_word' id='word_1_539' title='bbox 280 3939 326 4000; x_wconf 92' lang='lat' dir='ltr'><em>tu,</em></span> <span class='ocrx_word' id='word_1_540' title='bbox 342 3933 393 3999; x_wconf 86' lang='lat' dir='ltr'><em>ait,</em></span> <span class='ocrx_word' id='word_1_541' title='bbox 414 3932 456 3988; x_wconf 88' lang='lat' dir='ltr'><em>fili</em></span> <span class='ocrx_word' id='word_1_542' title='bbox 472 3931 599 3989; x_wconf 91' lang='lat' dir='ltr'><em>hominis</em></span> <span class='ocrx_word' id='word_1_543' title='bbox 615 3933 692 4004; x_wconf 69' lang='lat' dir='ltr'><em>(utar</em></span> <span class='ocrx_word' id='word_1_544' title='bbox 705 3933 783 3988; x_wconf 90' lang='lat' dir='ltr'><em>enim</em></span> <span class='ocrx_word' id='word_1_545' title='bbox 799 3939 937 3990; x_wconf 88' lang='lat' dir='ltr'><em>consueto</em></span> 
     </span>
     <span class='ocr_line' id='line_1_43' title="bbox 107 4020 940 4093; baseline -0.005 -10"><span class='ocrx_word' id='word_1_546' title='bbox 107 4027 141 4082; x_wconf 81' lang='lat' dir='ltr'><em>ad</em></span> <span class='ocrx_word' id='word_1_547' title='bbox 154 4032 186 4082; x_wconf 88' lang='lat' dir='ltr'><em>te</em></span> <span class='ocrx_word' id='word_1_548' title='bbox 200 4021 371 4093; x_wconf 74' lang='lat' dir='ltr'><em>vocabulo),</em></span> <span class='ocrx_word' id='word_1_549' title='bbox 383 4020 486 4093; x_wconf 89' lang='lat' dir='ltr'><em>judica</em></span> <span class='ocrx_word' id='word_1_550' title='bbox 501 4021 646 4076; x_wconf 88' lang='lat' dir='ltr'><em>civitatem</em></span> <span class='ocrx_word' id='word_1_551' title='bbox 662 4021 940 4093; x_wconf 66' lang='lat' dir='ltr'><em>sanguinummtus-</em></span> 
     </span>
     <span class='ocr_line' id='line_1_44' title="bbox 105 4109 942 4176; baseline -0.005 -5"><span class='ocrx_word' id='word_1_552' title='bbox 105 4115 192 4170; x_wconf 82' lang='lat' dir='ltr'><em>tende</em></span> <span class='ocrx_word' id='word_1_553' title='bbox 206 4112 256 4168; x_wconf 93' lang='lat' dir='ltr'><em>illi</em></span> <span class='ocrx_word' id='word_1_554' title='bbox 273 4126 376 4168; x_wconf 88' lang='lat' dir='ltr'><em>omnes</em></span> <span class='ocrx_word' id='word_1_555' title='bbox 389 4109 622 4166; x_wconf 88' lang='lat' dir='ltr'><em>abominationes</em></span> <span class='ocrx_word' id='word_1_556' title='bbox 637 4114 752 4176; x_wconf 66' lang='lat' dir='ltr'><em>suaset</em></span> <span class='ocrx_word' id='word_1_557' title='bbox 767 4110 878 4167; x_wconf 88' lang='lat' dir='ltr'><em>seiatse</em></span> <span class='ocrx_word' id='word_1_558' title='bbox 889 4112 942 4168; x_wconf 90' lang='lat' dir='ltr'><em>im-</em></span> 
     </span>
     <span class='ocr_line' id='line_1_45' title="bbox 111 4197 942 4271; baseline -0.002 -13"><span class='ocrx_word' id='word_1_559' title='bbox 111 4202 277 4258; x_wconf 84' lang='lat' dir='ltr'><em>minentem</em></span> <span class='ocrx_word' id='word_1_560' title='bbox 294 4197 491 4271; x_wconf 86' lang='lat' dir='ltr'><em>captivitatem</em></span> <span class='ocrx_word' id='word_1_561' title='bbox 507 4197 610 4254; x_wconf 87' lang='lat' dir='ltr'><em>merito</em></span> <span class='ocrx_word' id='word_1_562' title='bbox 621 4198 808 4270; x_wconf 67' lang='lat' dir='ltr'><em>sustinerem</em></span> <span class='ocrx_word' id='word_1_563' title='bbox 821 4200 851 4255; x_wconf 95' lang='lat' dir='ltr'><em>in</em></span> <span class='ocrx_word' id='word_1_564' title='bbox 868 4200 942 4256; x_wconf 91' lang='lat' dir='ltr'><em>mul·</em></span> 
     </span>
     <span class='ocr_line' id='line_1_46' title="bbox 104 4286 940 4363; baseline -0.005 -15"><span class='ocrx_word' id='word_1_565' title='bbox 104 4290 142 4348; x_wconf 83' lang='lat' dir='ltr'><em>lis</em></span> <span class='ocrx_word' id='word_1_566' title='bbox 163 4287 369 4363; x_wconf 84' lang='lat' dir='ltr'><em>sanguinibus</em></span> <span class='ocrx_word' id='word_1_567' title='bbox 391 4286 549 4343; x_wconf 84' lang='lat' dir='ltr'><em>adduxisse</em></span> <span class='ocrx_word' id='word_1_568' title='bbox 570 4292 687 4361; x_wconf 89' lang='lat' dir='ltr'><em>tempus</em></span> <span class='ocrx_word' id='word_1_569' title='bbox 700 4288 791 4344; x_wconf 81' lang='lat' dir='ltr'><em>ruinae</em></span> <span class='ocrx_word' id='word_1_570' title='bbox 805 4290 940 4346; x_wconf 68' lang='lat' dir='ltr'><em>sueru-</em></span> 
     </span>
     <span class='ocr_line' id='line_1_47' title="bbox 103 4374 943 4448; baseline -0.001 -12"><span class='ocrx_word' id='word_1_571' title='bbox 103 4395 188 4436; x_wconf 84' lang='lat' dir='ltr'><em>mum</em></span> <span class='ocrx_word' id='word_1_572' title='bbox 200 4377 343 4436; x_wconf 90' lang='lat' dir='ltr'><em>omnium</em></span> <span class='ocrx_word' id='word_1_573' title='bbox 352 4374 561 4448; x_wconf 89' lang='lat' dir='ltr'><em>scelerum,pro</em></span> <span class='ocrx_word' id='word_1_574' title='bbox 570 4374 627 4431; x_wconf 91' lang='lat' dir='ltr'><em>Deo</em></span> <span class='ocrx_word' id='word_1_575' title='bbox 639 4376 854 4433; x_wconf 86' lang='lat' dir='ltr'><em>idolavenerata</em></span> <span class='ocrx_word' id='word_1_576' title='bbox 862 4392 943 4447; x_wconf 66' lang='lat' dir='ltr'><em>emet</em></span> 
     </span>
     <span class='ocr_line' id='line_1_48' title="bbox 102 4466 941 4539; baseline -0.002 -14"><span class='ocrx_word' id='word_1_577' title='bbox 102 4468 230 4525; x_wconf 82' lang='lat' dir='ltr'><em>adorasti</em></span> <span class='ocrx_word' id='word_1_578' title='bbox 255 4481 345 4538; x_wconf 89' lang='lat' dir='ltr'><em>opera</em></span> <span class='ocrx_word' id='word_1_579' title='bbox 366 4480 512 4520; x_wconf 89' lang='lat' dir='ltr'><em>manuum</em></span> <span class='ocrx_word' id='word_1_580' title='bbox 532 4468 692 4529; x_wconf 75' lang='lat' dir='ltr'><em>lucrumst</em></span> <span class='ocrx_word' id='word_1_581' title='bbox 707 4466 941 4539; x_wconf 86' lang='lat' dir='ltr'><em>appropinquare</em></span> 
     </span>
    </p>
   </div>
   <div class='ocr_carea' id='block_1_5' title="bbox 992 3399 1821 4536">
    <p class='ocr_par' dir='ltr' id='par_1_5' title="bbox 992 3399 1821 4536">
     <span class='ocr_line' id='line_1_49' title="bbox 992 3399 1814 3473; baseline -0.004 -15"><span class='ocrx_word' id='word_1_582' title='bbox 992 3408 1021 3459; x_wconf 87' lang='lat' dir='ltr'><em>et</em></span> <span class='ocrx_word' id='word_1_583' title='bbox 1034 3405 1124 3459; x_wconf 87' lang='lat' dir='ltr'><em>irater</em></span> <span class='ocrx_word' id='word_1_584' title='bbox 1134 3403 1242 3458; x_wconf 90' lang='lat' dir='ltr'><em>sororis</em></span> <span class='ocrx_word' id='word_1_585' title='bbox 1249 3404 1320 3473; x_wconf 80' lang='lat' dir='ltr'><em>jura</em></span> <span class='ocrx_word' id='word_1_586' title='bbox 1335 3402 1472 3458; x_wconf 89' lang='lat' dir='ltr'><em>nescivit:</em></span> <span class='ocrx_word' id='word_1_587' title='bbox 1485 3406 1518 3457; x_wconf 92' lang='lat' dir='ltr'><em>ut</em></span> <span class='ocrx_word' id='word_1_588' title='bbox 1533 3418 1591 3457; x_wconf 90' lang='lat' dir='ltr'><em>non</em></span> <span class='ocrx_word' id='word_1_589' title='bbox 1604 3399 1814 3470; x_wconf 87' lang='lat' dir='ltr'><em>uterinam,sed</em></span> 
     </span>
     <span class='ocr_line' id='line_1_50' title="bbox 992 3490 1814 3564; baseline -0.004 -17"><span class='ocrx_word' id='word_1_590' title='bbox 992 3493 1028 3547; x_wconf 89' lang='lat' dir='ltr'><em>da</em></span> <span class='ocrx_word' id='word_1_591' title='bbox 1038 3492 1139 3547; x_wconf 89' lang='lat' dir='ltr'><em>eodem</em></span> <span class='ocrx_word' id='word_1_592' title='bbox 1153 3495 1233 3564; x_wconf 87' lang='lat' dir='ltr'><em>patre</em></span> <span class='ocrx_word' id='word_1_593' title='bbox 1243 3490 1363 3545; x_wconf 88' lang='lat' dir='ltr'><em>violaret</em></span> <span class='ocrx_word' id='word_1_594' title='bbox 1372 3491 1697 3561; x_wconf 81' lang='lat' dir='ltr'><em>sororemhcceperunt</em></span> <span class='ocrx_word' id='word_1_595' title='bbox 1712 3504 1814 3545; x_wconf 90' lang='lat' dir='ltr'><em>mune·</em></span> 
     </span>
     <span class='ocr_line' id='line_1_51' title="bbox 994 3577 1815 3650; baseline -0.005 -14"><span class='ocrx_word' id='word_1_596' title='bbox 994 3598 1044 3637; x_wconf 90' lang='lat' dir='ltr'><em>ru:</em></span> <span class='ocrx_word' id='word_1_597' title='bbox 1062 3586 1094 3635; x_wconf 91' lang='lat' dir='ltr'><em>ut</em></span> <span class='ocrx_word' id='word_1_598' title='bbox 1107 3580 1291 3636; x_wconf 90' lang='lat' dir='ltr'><em>innocentem</em></span> <span class='ocrx_word' id='word_1_599' title='bbox 1307 3580 1382 3636; x_wconf 74' lang='lat' dir='ltr'><em>uba</em></span> <span class='ocrx_word' id='word_1_600' title='bbox 1399 3578 1573 3650; x_wconf 88' lang='lat' dir='ltr'><em>sanguinem</em></span> <span class='ocrx_word' id='word_1_601' title='bbox 1589 3577 1815 3634; x_wconf 82' lang='lat' dir='ltr'><em>tunderentNe·</em></span> 
     </span>
     <span class='ocr_line' id='line_1_52' title="bbox 994 3666 1817 3740; baseline -0.006 -16"><span class='ocrx_word' id='word_1_602' title='bbox 994 3670 1161 3725; x_wconf 86' lang='lat' dir='ltr'><em>cessitatem</em></span> <span class='ocrx_word' id='word_1_603' title='bbox 1174 3684 1337 3740; x_wconf 90' lang='lat' dir='ltr'><em>pauperum</em></span> <span class='ocrx_word' id='word_1_604' title='bbox 1351 3670 1501 3723; x_wconf 86' lang='lat' dir='ltr'><em>verterunt</em></span> <span class='ocrx_word' id='word_1_605' title='bbox 1515 3666 1545 3721; x_wconf 93' lang='lat' dir='ltr'><em>in</em></span> <span class='ocrx_word' id='word_1_606' title='bbox 1560 3666 1687 3732; x_wconf 88' lang='lat' dir='ltr'><em>luorum,</em></span> <span class='ocrx_word' id='word_1_607' title='bbox 1701 3668 1735 3721; x_wconf 87' lang='lat' dir='ltr'><em>ut</em></span> <span class='ocrx_word' id='word_1_608' title='bbox 1748 3680 1817 3720; x_wconf 91' lang='lat' dir='ltr'><em>usu-</em></span> 
     </span>
     <span class='ocr_line' id='line_1_53' title="bbox 995 3753 1818 3828; baseline -0.009 -15"><span class='ocrx_word' id='word_1_609' title='bbox 995 3774 1058 3813; x_wconf 92' lang='lat' dir='ltr'><em>ram</em></span> <span class='ocrx_word' id='word_1_610' title='bbox 1073 3755 1277 3828; x_wconf 88' lang='lat' dir='ltr'><em>acciperent,et</em></span> <span class='ocrx_word' id='word_1_611' title='bbox 1287 3753 1589 3827; x_wconf 85' lang='lat' dir='ltr'><em>superabundantiam</em></span> <span class='ocrx_word' id='word_1_612' title='bbox 1611 3777 1618 3820; x_wconf 87' lang='lat'>;</span> <span class='ocrx_word' id='word_1_613' title='bbox 1648 3755 1676 3808; x_wconf 87' lang='lat' dir='ltr'><em>et</em></span> <span class='ocrx_word' id='word_1_614' title='bbox 1700 3755 1818 3824; x_wconf 87' lang='lat' dir='ltr'><em>propter</em></span> 
     </span>
     <span class='ocr_line' id='line_1_54' title="bbox 996 3840 1818 3907; baseline -0.009 -6"><span class='ocrx_word' id='word_1_615' title='bbox 996 3844 1146 3901; x_wconf 89' lang='lat' dir='ltr'><em>avaritiam</em></span> <span class='ocrx_word' id='word_1_616' title='bbox 1163 3843 1273 3899; x_wconf 89' lang='lat' dir='ltr'><em>amicos</em></span> <span class='ocrx_word' id='word_1_617' title='bbox 1288 3842 1459 3898; x_wconf 90' lang='lat' dir='ltr'><em>calumniati</em></span> <span class='ocrx_word' id='word_1_618' title='bbox 1475 3845 1555 3897; x_wconf 86' lang='lat' dir='ltr'><em>sunl.</em></span> <span class='ocrx_word' id='word_1_619' title='bbox 1573 3840 1632 3897; x_wconf 85' lang='lat' dir='ltr'><em>Heu</em></span> <span class='ocrx_word' id='word_1_620' title='bbox 1648 3843 1757 3907; x_wconf 82' lang='lat' dir='ltr'><em>autem,</em></span> <span class='ocrx_word' id='word_1_621' title='bbox 1772 3840 1818 3894; x_wconf 93' lang='lat' dir='ltr'><em>in·</em></span> 
     </span>
     <span class='ocr_line' id='line_1_55' title="bbox 996 3928 1818 4006; baseline -0.005 -17"><span class='ocrx_word' id='word_1_622' title='bbox 996 3935 1069 4006; x_wconf 89' lang='lat' dir='ltr'><em>quit,</em></span> <span class='ocrx_word' id='word_1_623' title='bbox 1087 3932 1193 4003; x_wconf 87' lang='lat' dir='ltr'><em>iecisti,</em></span> <span class='ocrx_word' id='word_1_624' title='bbox 1208 3949 1224 3988; x_wconf 94' lang='lat' dir='ltr'><em>o</em></span> <span class='ocrx_word' id='word_1_625' title='bbox 1239 3931 1412 4000; x_wconf 84' lang='lat' dir='ltr'><em>Jerusalem,</em></span> <span class='ocrx_word' id='word_1_626' title='bbox 1429 3931 1499 4003; x_wconf 91' lang='lat' dir='ltr'><em>quia</em></span> <span class='ocrx_word' id='word_1_627' title='bbox 1513 3931 1571 3987; x_wconf 90' lang='lat' dir='ltr'><em>mei</em></span> <span class='ocrx_word' id='word_1_628' title='bbox 1586 3929 1677 3986; x_wconf 85' lang='lat' dir='ltr'><em>oblita</em></span> <span class='ocrx_word' id='word_1_629' title='bbox 1691 3946 1732 3986; x_wconf 90' lang='lat' dir='ltr'><em>es.</em></span> <span class='ocrx_word' id='word_1_630' title='bbox 1759 3928 1818 3985; x_wconf 82' lang='lat' dir='ltr'><em>lde·</em></span> 
     </span>
     <span class='ocr_line' id='line_1_56' title="bbox 997 4015 1820 4091; baseline -0.007 -13"><span class='ocrx_word' id='word_1_631' title='bbox 997 4021 1089 4078; x_wconf 91' lang='lat' dir='ltr'><em>moria</em></span> <span class='ocrx_word' id='word_1_632' title='bbox 1102 4021 1181 4077; x_wconf 90' lang='lat' dir='ltr'><em>enim</em></span> <span class='ocrx_word' id='word_1_633' title='bbox 1191 4020 1243 4076; x_wconf 88' lang='lat' dir='ltr'><em>Dei</em></span> <span class='ocrx_word' id='word_1_634' title='bbox 1254 4019 1382 4076; x_wconf 82' lang='lat' dir='ltr'><em>excludit</em></span> <span class='ocrx_word' id='word_1_635' title='bbox 1395 4023 1500 4076; x_wconf 88' lang='lat' dir='ltr'><em>cuneta</em></span> <span class='ocrx_word' id='word_1_636' title='bbox 1511 4018 1629 4091; x_wconf 84' lang='lat' dir='ltr'><em>flagitia.</em></span> <span class='ocrx_word' id='word_1_637' title='bbox 1642 4018 1724 4075; x_wconf 88' lang='lat' dir='ltr'><em>Unde</em></span> <span class='ocrx_word' id='word_1_638' title='bbox 1738 4015 1820 4074; x_wconf 90' lang='lat' dir='ltr'><em>hahi-</em></span> 
     </span>
     <span class='ocr_line' id='line_1_57' title="bbox 996 4106 1821 4181; baseline -0.006 -14"><span class='ocrx_word' id='word_1_639' title='bbox 996 4116 1058 4167; x_wconf 92' lang='lat' dir='ltr'><em>tum</em></span> <span class='ocrx_word' id='word_1_640' title='bbox 1067 4109 1183 4167; x_wconf 90' lang='lat' dir='ltr'><em>Domini</em></span> <span class='ocrx_word' id='word_1_641' title='bbox 1193 4109 1346 4165; x_wconf 87' lang='lat' dir='ltr'><em>irascentis</em></span> <span class='ocrx_word' id='word_1_642' title='bbox 1357 4107 1547 4181; x_wconf 89' lang='lat' dir='ltr'><em>assumpsi‚et</em></span> <span class='ocrx_word' id='word_1_643' title='bbox 1562 4106 1703 4180; x_wconf 90' lang='lat' dir='ltr'><em>complosi</em></span> <span class='ocrx_word' id='word_1_644' title='bbox 1714 4122 1821 4163; x_wconf 85' lang='lat' dir='ltr'><em>manus</em></span> 
     </span>
     <span class='ocr_line' id='line_1_58' title="bbox 998 4195 1820 4269; baseline -0.007 -13"><span class='ocrx_word' id='word_1_645' title='bbox 998 4216 1078 4256; x_wconf 89' lang='lat' dir='ltr'><em>meas</em></span> <span class='ocrx_word' id='word_1_646' title='bbox 1094 4204 1195 4255; x_wconf 90' lang='lat' dir='ltr'><em>contra</em></span> <span class='ocrx_word' id='word_1_647' title='bbox 1209 4198 1362 4255; x_wconf 90' lang='lat' dir='ltr'><em>avaritiam</em></span> <span class='ocrx_word' id='word_1_648' title='bbox 1378 4203 1471 4266; x_wconf 88' lang='lat' dir='ltr'><em>tuam,</em></span> <span class='ocrx_word' id='word_1_649' title='bbox 1488 4201 1517 4253; x_wconf 88' lang='lat' dir='ltr'><em>et</em></span> <span class='ocrx_word' id='word_1_650' title='bbox 1530 4201 1631 4253; x_wconf 89' lang='lat' dir='ltr'><em>contra</em></span> <span class='ocrx_word' id='word_1_651' title='bbox 1645 4195 1820 4269; x_wconf 86' lang='lat' dir='ltr'><em>sanguinem</em></span> 
     </span>
     <span class='ocr_line' id='line_1_59' title="bbox 996 4284 1820 4360; baseline -0.004 -17"><span class='ocrx_word' id='word_1_652' title='bbox 996 4288 1046 4360; x_wconf 91' lang='lat' dir='ltr'><em>qui</em></span> <span class='ocrx_word' id='word_1_653' title='bbox 1062 4288 1173 4344; x_wconf 81' lang='lat' dir='ltr'><em>effusus</em></span> <span class='ocrx_word' id='word_1_654' title='bbox 1184 4291 1229 4343; x_wconf 90' lang='lat' dir='ltr'><em>est</em></span> <span class='ocrx_word' id='word_1_655' title='bbox 1241 4287 1271 4342; x_wconf 91' lang='lat' dir='ltr'><em>in</em></span> <span class='ocrx_word' id='word_1_656' title='bbox 1289 4285 1383 4342; x_wconf 90' lang='lat' dir='ltr'><em>medio</em></span> <span class='ocrx_word' id='word_1_657' title='bbox 1397 4286 1458 4355; x_wconf 90' lang='lat' dir='ltr'><em>tui;</em></span> <span class='ocrx_word' id='word_1_658' title='bbox 1474 4289 1507 4341; x_wconf 94' lang='lat' dir='ltr'><em>ut</em></span> <span class='ocrx_word' id='word_1_659' title='bbox 1520 4284 1709 4358; x_wconf 83' lang='lat' dir='ltr'><em>intelligas,et</em></span> <span class='ocrx_word' id='word_1_660' title='bbox 1723 4286 1820 4340; x_wconf 83' lang='lat' dir='ltr'><em>mente</em></span> 
     </span>
     <span class='ocr_line' id='line_1_60' title="bbox 996 4370 1820 4449; baseline -0.007 -16"><span class='ocrx_word' id='word_1_661' title='bbox 996 4393 1165 4449; x_wconf 87' lang='lat' dir='ltr'><em>cognoscas,</em></span> <span class='ocrx_word' id='word_1_662' title='bbox 1182 4374 1339 4431; x_wconf 84' lang='lat' dir='ltr'><em>utrumvel</em></span> <span class='ocrx_word' id='word_1_663' title='bbox 1365 4375 1473 4446; x_wconf 90' lang='lat' dir='ltr'><em>animo,</em></span> <span class='ocrx_word' id='word_1_664' title='bbox 1502 4373 1546 4430; x_wconf 91' lang='lat' dir='ltr'><em>vel</em></span> <span class='ocrx_word' id='word_1_665' title='bbox 1561 4372 1697 4429; x_wconf 87' lang='lat' dir='ltr'><em>manibus</em></span> <span class='ocrx_word' id='word_1_666' title='bbox 1723 4370 1820 4444; x_wconf 88' lang='lat' dir='ltr'><em>possis</em></span> 
     </span>
     <span class='ocr_line' id='line_1_61' title="bbox 997 4460 1819 4536; baseline -0.007 -14"><span class='ocrx_word' id='word_1_667' title='bbox 997 4482 1093 4522; x_wconf 89' lang='lat' dir='ltr'><em>meam</em></span> <span class='ocrx_word' id='word_1_668' title='bbox 1110 4466 1292 4520; x_wconf 89' lang='lat' dir='ltr'><em>iracundiam</em></span> <span class='ocrx_word' id='word_1_669' title='bbox 1319 4463 1473 4519; x_wconf 88' lang='lat' dir='ltr'><em>sustinere.</em></span> <span class='ocrx_word' id='word_1_670' title='bbox 1490 4464 1549 4536; x_wconf 80' lang='lat' dir='ltr'><em>Ego</em></span> <span class='ocrx_word' id='word_1_671' title='bbox 1570 4462 1649 4518; x_wconf 89' lang='lat' dir='ltr'><em>enim</em></span> <span class='ocrx_word' id='word_1_672' title='bbox 1679 4460 1819 4517; x_wconf 87' lang='lat' dir='ltr'><em>Dominus</em></span> 
     </span>
    </p>
   </div>
   <div class='ocr_carea' id='block_1_6' title="bbox 103 4549 1819 4633">
    <p class='ocr_par' dir='ltr' id='par_1_6' title="bbox 103 4549 1819 4633">
     <span class='ocr_line' id='line_1_62' title="bbox 103 4549 1819 4633; baseline -0.006 -19"><span class='ocrx_word' id='word_1_673' title='bbox 103 4556 196 4614; x_wconf 72' lang='lat' dir='ltr'><em>nesii</em></span> <span class='ocrx_word' id='word_1_674' title='bbox 211 4560 335 4628; x_wconf 84' lang='lat' dir='ltr'><em>tempus</em></span> <span class='ocrx_word' id='word_1_675' title='bbox 349 4569 494 4610; x_wconf 91' lang='lat' dir='ltr'><em>aunorum</em></span> <span class='ocrx_word' id='word_1_676' title='bbox 508 4556 636 4622; x_wconf 85' lang='lat' dir='ltr'><em>tuorum,</em></span> <span class='ocrx_word' id='word_1_677' title='bbox 652 4554 730 4626; x_wconf 90' lang='lat' dir='ltr'><em>quod</em></span> <span class='ocrx_word' id='word_1_678' title='bbox 751 4554 842 4610; x_wconf 89' lang='lat' dir='ltr'><em>multo</em></span> <span class='ocrx_word' id='word_1_679' title='bbox 867 4560 943 4612; x_wconf 89' lang='lat' dir='ltr'><em>tem·</em></span> <span class='ocrx_word' id='word_1_680' title='bbox 959 4568 982 4633; x_wconf 77' lang='lat'><em>1)</em></span> <span class='ocrx_word' id='word_1_681' title='bbox 996 4555 1111 4612; x_wconf 89' lang='lat' dir='ltr'><em>locutus</em></span> <span class='ocrx_word' id='word_1_682' title='bbox 1127 4558 1235 4623; x_wconf 90' lang='lat' dir='ltr'><em>sum,et</em></span> <span class='ocrx_word' id='word_1_683' title='bbox 1250 4569 1301 4625; x_wconf 87' lang='lat' dir='ltr'><em>ego</em></span> <span class='ocrx_word' id='word_1_684' title='bbox 1311 4552 1414 4607; x_wconf 90' lang='lat' dir='ltr'><em>luciam</em></span> <span class='ocrx_word' id='word_1_685' title='bbox 1432 4568 1438 4606; x_wconf 92' lang='lat'>:</span> <span class='ocrx_word' id='word_1_686' title='bbox 1455 4555 1484 4606; x_wconf 88' lang='lat' dir='ltr'><em>ct</em></span> <span class='ocrx_word' id='word_1_687' title='bbox 1498 4549 1819 4623; x_wconf 85' lang='lat' dir='ltr'><em>postquamcaptalue·</em></span> 
     </span>
    </p>
   </div>
   <div class='ocr_carea' id='block_1_7' title="bbox 105 4641 945 5513">
    <p class='ocr_par' dir='ltr' id='par_1_7' title="bbox 105 4641 945 5513">
     <span class='ocr_line' id='line_1_63' title="bbox 105 4641 941 4718; baseline 0 -18"><span class='ocrx_word' id='word_1_688' title='bbox 105 4661 178 4718; x_wconf 84' lang='lat' dir='ltr'><em>pure</em></span> <span class='ocrx_word' id='word_1_689' title='bbox 191 4645 357 4710; x_wconf 86' lang='lat' dir='ltr'><em>dicebatur,</em></span> <span class='ocrx_word' id='word_1_690' title='bbox 373 4649 401 4699; x_wconf 89' lang='lat' dir='ltr'><em>et</em></span> <span class='ocrx_word' id='word_1_691' title='bbox 419 4641 618 4712; x_wconf 78' lang='lat' dir='ltr'><em>differebatur,</em></span> <span class='ocrx_word' id='word_1_692' title='bbox 636 4647 668 4698; x_wconf 92' lang='lat' dir='ltr'><em>ut</em></span> <span class='ocrx_word' id='word_1_693' title='bbox 683 4659 782 4716; x_wconf 85' lang='lat' dir='ltr'><em>ageres</em></span> <span class='ocrx_word' id='word_1_694' title='bbox 798 4645 941 4716; x_wconf 84' lang='lat' dir='ltr'><em>poeniten·</em></span> 
     </span>
     <span class='ocr_line' id='line_1_64' title="bbox 105 4730 942 4803; baseline -0.001 -14"><span class='ocrx_word' id='word_1_695' title='bbox 105 4733 195 4789; x_wconf 81' lang='lat' dir='ltr'><em>tiam.</em></span> <span class='ocrx_word' id='word_1_696' title='bbox 209 4733 255 4790; x_wconf 82' lang='lat' dir='ltr'><em>&#39;ru</em></span> <span class='ocrx_word' id='word_1_697' title='bbox 269 4736 370 4788; x_wconf 87' lang='lat' dir='ltr'><em>autem</em></span> <span class='ocrx_word' id='word_1_698' title='bbox 398 4731 561 4788; x_wconf 88' lang='lat' dir='ltr'><em>secundum</em></span> <span class='ocrx_word' id='word_1_699' title='bbox 582 4730 767 4803; x_wconf 71' lang='lat' dir='ltr'><em>impaenitens</em></span> <span class='ocrx_word' id='word_1_700' title='bbox 782 4748 830 4788; x_wconf 91' lang='lat' dir='ltr'><em>cor</em></span> <span class='ocrx_word' id='word_1_701' title='bbox 846 4737 942 4789; x_wconf 74' lang='lat' dir='ltr'><em>tuum,</em></span> 
     </span>
     <span class='ocr_line' id='line_1_65' title="bbox 108 4820 942 4893; baseline -0.002 -14"><span class='ocrx_word' id='word_1_702' title='bbox 108 4821 296 4879; x_wconf 65' lang='lat' dir='ltr'><em>thomasinus</em></span> <span class='ocrx_word' id='word_1_703' title='bbox 313 4821 368 4877; x_wconf 90' lang='lat' dir='ltr'><em>tibi</em></span> <span class='ocrx_word' id='word_1_704' title='bbox 392 4820 466 4876; x_wconf 88' lang='lat' dir='ltr'><em>iram</em></span> <span class='ocrx_word' id='word_1_705' title='bbox 483 4820 513 4876; x_wconf 91' lang='lat' dir='ltr'><em>in</em></span> <span class='ocrx_word' id='word_1_706' title='bbox 528 4820 575 4876; x_wconf 90' lang='lat' dir='ltr'><em>die</em></span> <span class='ocrx_word' id='word_1_707' title='bbox 597 4821 646 4876; x_wconf 80' lang='lat' dir='ltr'><em>irre</em></span> <span class='ocrx_word' id='word_1_708' title='bbox 674 4821 761 4892; x_wconf 80' lang='lat' dir='ltr'><em>(Rom.</em></span> <span class='ocrx_word' id='word_1_709' title='bbox 776 4821 818 4893; x_wconf 89' lang='grc' dir='ltr'>ιι).</span> <span class='ocrx_word' id='word_1_710' title='bbox 833 4822 942 4877; x_wconf 90' lang='lat' dir='ltr'><em>idcireo</em></span> 
     </span>
     <span class='ocr_line' id='line_1_66' title="bbox 110 4908 944 4984; baseline -0.004 -15"><span class='ocrx_word' id='word_1_711' title='bbox 110 4912 179 4969; x_wconf 89' lang='lat' dir='ltr'><em>dedi</em></span> <span class='ocrx_word' id='word_1_712' title='bbox 192 4915 222 4968; x_wconf 85' lang='lat' dir='ltr'><em>te</em></span> <span class='ocrx_word' id='word_1_713' title='bbox 238 4909 431 4984; x_wconf 86' lang='lat' dir='ltr'><em>approbrium</em></span> <span class='ocrx_word' id='word_1_714' title='bbox 446 4908 627 4981; x_wconf 87' lang='lat' dir='ltr'><em>gentihus,et</em></span> <span class='ocrx_word' id='word_1_715' title='bbox 644 4908 811 4966; x_wconf 89' lang='lat' dir='ltr'><em>illusionem</em></span> <span class='ocrx_word' id='word_1_716' title='bbox 827 4910 944 4966; x_wconf 86' lang='lat' dir='ltr'><em>univer·</em></span> 
     </span>
     <span class='ocr_line' id='line_1_67' title="bbox 112 4996 941 5071; baseline -0.004 -14"><span class='ocrx_word' id='word_1_717' title='bbox 112 5001 153 5057; x_wconf 84' lang='lat' dir='ltr'><em>sis</em></span> <span class='ocrx_word' id='word_1_718' title='bbox 169 4999 339 5071; x_wconf 62' lang='lat' dir='ltr'><em>turrimque</em></span> <span class='ocrx_word' id='word_1_719' title='bbox 355 4998 386 5054; x_wconf 92' lang='lat' dir='ltr'><em>in</em></span> <span class='ocrx_word' id='word_1_720' title='bbox 400 4996 514 5053; x_wconf 89' lang='lat' dir='ltr'><em>circuiti</em></span> <span class='ocrx_word' id='word_1_721' title='bbox 525 5002 577 5053; x_wconf 91' lang='lat' dir='ltr'><em>tuo</em></span> <span class='ocrx_word' id='word_1_722' title='bbox 593 5002 671 5065; x_wconf 90' lang='lat' dir='ltr'><em>sunt,</em></span> <span class='ocrx_word' id='word_1_723' title='bbox 683 4999 761 5055; x_wconf 61' lang='lat' dir='ltr'><em>ulid</em></span> <span class='ocrx_word' id='word_1_724' title='bbox 776 5004 834 5054; x_wconf 90' lang='lat' dir='ltr'><em>tam</em></span> <span class='ocrx_word' id='word_1_725' title='bbox 846 5000 941 5071; x_wconf 84' lang='lat' dir='ltr'><em>juxta,</em></span> 
     </span>
     <span class='ocr_line' id='line_1_68' title="bbox 112 5086 945 5163; baseline -0.004 -18"><span class='ocrx_word' id='word_1_726' title='bbox 112 5105 203 5163; x_wconf 86' lang='lat' dir='ltr'><em>quam</em></span> <span class='ocrx_word' id='word_1_727' title='bbox 214 5086 319 5161; x_wconf 89' lang='lat' dir='ltr'><em>procul</em></span> <span class='ocrx_word' id='word_1_728' title='bbox 330 5104 337 5142; x_wconf 92' lang='lat'>:</span> <span class='ocrx_word' id='word_1_729' title='bbox 350 5086 647 5159; x_wconf 77' lang='lat' dir='ltr'><em>quatriumphabunt</em></span> <span class='ocrx_word' id='word_1_730' title='bbox 658 5086 693 5143; x_wconf 88' lang='lat' dir='ltr'><em>de</em></span> <span class='ocrx_word' id='word_1_731' title='bbox 707 5087 808 5156; x_wconf 88' lang='lat' dir='ltr'><em>te,sive</em></span> <span class='ocrx_word' id='word_1_732' title='bbox 819 5087 945 5144; x_wconf 91' lang='lat' dir='ltr'><em>illudent</em></span> 
     </span>
     <span class='ocr_line' id='line_1_69' title="bbox 112 5174 944 5248; baseline -0.004 -14"><span class='ocrx_word' id='word_1_733' title='bbox 112 5176 322 5243; x_wconf 77' lang='lat' dir='ltr'><em>ubtsmuioa,</em></span> <span class='ocrx_word' id='word_1_734' title='bbox 338 5174 456 5243; x_wconf 88' lang='lat' dir='ltr'><em>nobilis,</em></span> <span class='ocrx_word' id='word_1_735' title='bbox 468 5174 589 5248; x_wconf 88' lang='lat' dir='ltr'><em>grandis</em></span> <span class='ocrx_word' id='word_1_736' title='bbox 604 5175 944 5248; x_wconf 85' lang='lat' dir='ltr'><em>interitu.Sordida,quia</em></span> 
     </span>
     <span class='ocr_line' id='line_1_70' title="bbox 114 5263 943 5337; baseline -0.004 -14"><span class='ocrx_word' id='word_1_737' title='bbox 114 5267 230 5323; x_wconf 85' lang='lat' dir='ltr'><em>munda</em></span> <span class='ocrx_word' id='word_1_738' title='bbox 245 5280 312 5321; x_wconf 85' lang='lat' dir='ltr'><em>esse</em></span> <span class='ocrx_word' id='word_1_739' title='bbox 325 5263 439 5321; x_wconf 88' lang='lat' dir='ltr'><em>desisti.</em></span> <span class='ocrx_word' id='word_1_740' title='bbox 455 5264 568 5321; x_wconf 90' lang='lat' dir='ltr'><em>Nobilis</em></span> <span class='ocrx_word' id='word_1_741' title='bbox 579 5265 609 5319; x_wconf 94' lang='lat' dir='ltr'><em>in</em></span> <span class='ocrx_word' id='word_1_742' title='bbox 625 5264 779 5337; x_wconf 69' lang='lat' dir='ltr'><em>metuque</em></span> <span class='ocrx_word' id='word_1_743' title='bbox 794 5264 943 5336; x_wconf 90' lang='lat' dir='ltr'><em>quondam</em></span> 
     </span>
     <span class='ocr_line' id='line_1_71' title="bbox 114 5352 944 5425; baseline -0.004 -13"><span class='ocrx_word' id='word_1_744' title='bbox 114 5356 144 5411; x_wconf 89' lang='lat' dir='ltr'><em>iu</em></span> <span class='ocrx_word' id='word_1_745' title='bbox 160 5355 240 5411; x_wconf 89' lang='lat' dir='ltr'><em>bono</em></span> <span class='ocrx_word' id='word_1_746' title='bbox 250 5357 372 5409; x_wconf 88' lang='lat' dir='ltr'><em>cunetas</em></span> <span class='ocrx_word' id='word_1_747' title='bbox 383 5353 471 5409; x_wconf 89' lang='lat' dir='ltr'><em>urbes</em></span> <span class='ocrx_word' id='word_1_748' title='bbox 482 5352 632 5409; x_wconf 87' lang='lat' dir='ltr'><em>nobilitate</em></span> <span class='ocrx_word' id='word_1_749' title='bbox 644 5353 944 5425; x_wconf 84' lang='lat' dir='ltr'><em>superabasGrandis</em></span> 
     </span>
     <span class='ocr_line' id='line_1_72' title="bbox 114 5441 943 5513; baseline -0.002 -13"><span class='ocrx_word' id='word_1_750' title='bbox 114 5444 263 5501; x_wconf 81' lang='lat' dir='ltr'><em>interitu:</em></span> <span class='ocrx_word' id='word_1_751' title='bbox 279 5444 435 5513; x_wconf 90' lang='lat' dir='ltr'><em>utquanto</em></span> <span class='ocrx_word' id='word_1_752' title='bbox 464 5441 618 5498; x_wconf 88' lang='lat' dir='ltr'><em>sublimior</em></span> <span class='ocrx_word' id='word_1_753' title='bbox 636 5459 712 5507; x_wconf 87' lang='lat' dir='ltr'><em>eras,</em></span> <span class='ocrx_word' id='word_1_754' title='bbox 738 5446 818 5498; x_wconf 88' lang='lat' dir='ltr'><em>tanto</em></span> <span class='ocrx_word' id='word_1_755' title='bbox 840 5441 943 5498; x_wconf 86' lang='lat' dir='ltr'><em>lortius</em></span> 
     </span>
    </p>
   </div>
   <div class='ocr_carea' id='block_1_8' title="bbox 118 5582 942 5734">
    <p class='ocr_par' dir='ltr' id='par_1_8' title="bbox 118 5582 942 5734">
     <span class='ocr_line' id='line_1_73' title="bbox 153 5582 942 5659; baseline -0.004 -15"><span class='ocrx_word' id='word_1_756' title='bbox 153 5589 195 5659; x_wconf 84' lang='lat' dir='ltr'><em>(a)</em></span> <span class='ocrx_word' id='word_1_757' title='bbox 212 5584 359 5643; x_wconf 80' lang='lat' dir='ltr'><em>Victorius</em></span> <span class='ocrx_word' id='word_1_758' title='bbox 373 5584 424 5651; x_wconf 90' lang='lat' dir='ltr'><em>ait,</em></span> <span class='ocrx_word' id='word_1_759' title='bbox 437 5584 601 5658; x_wconf 73' lang='lat' dir='ltr'><em>dispeream,</em></span> <span class='ocrx_word' id='word_1_760' title='bbox 619 5590 664 5642; x_wconf 90' lang='lat' dir='ltr'><em>est</em></span> <span class='ocrx_word' id='word_1_761' title='bbox 678 5600 745 5640; x_wconf 88' lang='lat' dir='ltr'><em>vera</em></span> <span class='ocrx_word' id='word_1_762' title='bbox 758 5582 843 5641; x_wconf 89' lang='lat' dir='ltr'><em>lectio</em></span> <span class='ocrx_word' id='word_1_763' title='bbox 863 5600 869 5638; x_wconf 96' lang='lat'>:</span> <span class='ocrx_word' id='word_1_764' title='bbox 884 5600 942 5641; x_wconf 90' lang='lat' dir='ltr'><em>non</em></span> 
     </span>
     <span class='ocr_line' id='line_1_74' title="bbox 118 5653 942 5734; baseline 0 -21"><span class='ocrx_word' id='word_1_765' title='bbox 118 5655 305 5734; x_wconf 72' lang='lat' dir='ltr'><em>disperdamt</em></span> <span class='ocrx_word' id='word_1_766' title='bbox 319 5654 418 5729; x_wconf 83' lang='lat' dir='ltr'><em>sicque</em></span> <span class='ocrx_word' id='word_1_767' title='bbox 433 5672 467 5714; x_wconf 85' lang='lat' dir='ltr'><em>ex</em></span> <span class='ocrx_word' id='word_1_768' title='bbox 480 5656 508 5712; x_wconf 84' lang='lat' dir='ltr'><em>vi</em></span> <span class='ocrx_word' id='word_1_769' title='bbox 537 5656 669 5714; x_wconf 87' lang='lat' dir='ltr'><em>Hebraici</em></span> <span class='ocrx_word' id='word_1_770' title='bbox 684 5654 763 5713; x_wconf 87' lang='lat' dir='ltr'><em>verbi</em></span> <span class='ocrx_word' id='word_1_771' title='bbox 778 5653 899 5729; x_wconf 88' lang='lat' dir='ltr'><em>replicet</em></span> <span class='ocrx_word' id='word_1_772' title='bbox 912 5655 942 5713; x_wconf 91' lang='lat' dir='ltr'><em>in</em></span> 
     </span>
    </p>
   </div>
   <div class='ocr_carea' id='block_1_9' title="bbox 997 4635 1826 5517">
    <p class='ocr_par' dir='ltr' id='par_1_9' title="bbox 997 4635 1826 5517">
     <span class='ocr_line' id='line_1_75' title="bbox 998 4635 1817 4715; baseline -0.011 -16"><span class='ocrx_word' id='word_1_773' title='bbox 998 4642 1394 4715; x_wconf 79' lang='lat' dir='ltr'><em>ris,lerusalem‚dispergam</em></span> <span class='ocrx_word' id='word_1_774' title='bbox 1410 4644 1439 4695; x_wconf 91' lang='lat' dir='ltr'><em>te</em></span> <span class='ocrx_word' id='word_1_775' title='bbox 1454 4640 1483 4694; x_wconf 94' lang='lat' dir='ltr'><em>in</em></span> <span class='ocrx_word' id='word_1_776' title='bbox 1499 4638 1642 4705; x_wconf 87' lang='lat' dir='ltr'><em>nationes,</em></span> <span class='ocrx_word' id='word_1_777' title='bbox 1673 4642 1702 4693; x_wconf 88' lang='lat' dir='ltr'><em>et</em></span> <span class='ocrx_word' id='word_1_778' title='bbox 1726 4635 1817 4692; x_wconf 84' lang='lat' dir='ltr'><em>venti-</em></span> 
     </span>
     <span class='ocr_line' id='line_1_76' title="bbox 997 4724 1821 4802; baseline -0.01 -14"><span class='ocrx_word' id='word_1_779' title='bbox 997 4732 1054 4789; x_wconf 91' lang='lat' dir='ltr'><em>lem</em></span> <span class='ocrx_word' id='word_1_780' title='bbox 1075 4732 1104 4787; x_wconf 92' lang='lat' dir='ltr'><em>in</em></span> <span class='ocrx_word' id='word_1_781' title='bbox 1132 4747 1239 4799; x_wconf 87' lang='lat' dir='ltr'><em>aerem,</em></span> <span class='ocrx_word' id='word_1_782' title='bbox 1257 4729 1341 4802; x_wconf 87' lang='lat' dir='ltr'><em>quasi</em></span> <span class='ocrx_word' id='word_1_783' title='bbox 1356 4727 1474 4785; x_wconf 88' lang='lat' dir='ltr'><em>inutiles</em></span> <span class='ocrx_word' id='word_1_784' title='bbox 1499 4727 1597 4801; x_wconf 88' lang='lat' dir='ltr'><em>paleas</em></span> <span class='ocrx_word' id='word_1_785' title='bbox 1620 4726 1677 4781; x_wconf 91' lang='lat' dir='ltr'><em>huc</em></span> <span class='ocrx_word' id='word_1_786' title='bbox 1692 4724 1821 4796; x_wconf 85' lang='lat' dir='ltr'><em>illucque</em></span> 
     </span>
     <span class='ocr_line' id='line_1_77' title="bbox 998 4812 1822 4893; baseline -0.011 -16"><span class='ocrx_word' id='word_1_787' title='bbox 998 4821 1154 4893; x_wconf 86' lang='lat' dir='ltr'><em>rapiendas</em></span> <span class='ocrx_word' id='word_1_788' title='bbox 1168 4836 1173 4874; x_wconf 92' lang='lat'>:</span> <span class='ocrx_word' id='word_1_789' title='bbox 1184 4823 1329 4889; x_wconf 77' lang='lat' dir='ltr'><em>tantasque</em></span> <span class='ocrx_word' id='word_1_790' title='bbox 1340 4816 1499 4874; x_wconf 79' lang='lat' dir='ltr'><em>clementia</em></span> <span class='ocrx_word' id='word_1_791' title='bbox 1510 4820 1623 4883; x_wconf 70' lang='lat' dir='ltr'><em>summi</em></span> <span class='ocrx_word' id='word_1_792' title='bbox 1637 4812 1748 4870; x_wconf 76' lang='lat' dir='ltr'><em>servitia</em></span> <span class='ocrx_word' id='word_1_793' title='bbox 1756 4828 1822 4869; x_wconf 89' lang='lat' dir='ltr'><em>mea</em></span> 
     </span>
     <span class='ocr_line' id='line_1_78' title="bbox 998 4902 1821 4970; baseline -0.007 -7"><span class='ocrx_word' id='word_1_794' title='bbox 998 4912 1126 4965; x_wconf 88' lang='lat' dir='ltr'><em>vertatur</em></span> <span class='ocrx_word' id='word_1_795' title='bbox 1140 4907 1169 4962; x_wconf 90' lang='lat' dir='ltr'><em>in</em></span> <span class='ocrx_word' id='word_1_796' title='bbox 1183 4907 1424 4963; x_wconf 88' lang='lat' dir='ltr'><em>misericordiam.</em></span> <span class='ocrx_word' id='word_1_797' title='bbox 1441 4904 1545 4961; x_wconf 90' lang='lat' dir='ltr'><em>Omnia</em></span> <span class='ocrx_word' id='word_1_798' title='bbox 1559 4902 1638 4960; x_wconf 88' lang='lat' dir='ltr'><em>enim</em></span> <span class='ocrx_word' id='word_1_799' title='bbox 1653 4902 1770 4970; x_wconf 83' lang='lat' dir='ltr'><em>luciam,</em></span> <span class='ocrx_word' id='word_1_800' title='bbox 1786 4905 1821 4959; x_wconf 91' lang='lat' dir='ltr'><em>ut</em></span> 
     </span>
     <span class='ocr_line' id='line_1_79' title="bbox 998 4991 1819 5066; baseline -0.009 -11"><span class='ocrx_word' id='word_1_801' title='bbox 998 4999 1113 5055; x_wconf 84' lang='lat' dir='ltr'><em>deficiat</em></span> <span class='ocrx_word' id='word_1_802' title='bbox 1128 4995 1316 5054; x_wconf 92' lang='lat' dir='ltr'><em>immunditia</em></span> <span class='ocrx_word' id='word_1_803' title='bbox 1330 5002 1412 5052; x_wconf 85' lang='lat' dir='ltr'><em>tuna</em></span> <span class='ocrx_word' id='word_1_804' title='bbox 1429 5001 1466 5063; x_wconf 87' lang='lat' dir='ltr'><em>te,</em></span> <span class='ocrx_word' id='word_1_805' title='bbox 1481 4998 1509 5050; x_wconf 86' lang='lat' dir='ltr'><em>et</em></span> <span class='ocrx_word' id='word_1_806' title='bbox 1523 4993 1647 5064; x_wconf 90' lang='lat' dir='ltr'><em>recipias</em></span> <span class='ocrx_word' id='word_1_807' title='bbox 1661 4991 1819 5066; x_wconf 85' lang='lat' dir='ltr'><em>pristinam</em></span> 
     </span>
     <span class='ocr_line' id='line_1_80' title="bbox 998 5080 1821 5161; baseline -0.01 -17"><span class='ocrx_word' id='word_1_808' title='bbox 998 5088 1168 5161; x_wconf 87' lang='lat' dir='ltr'><em>puritatem.</em></span> <span class='ocrx_word' id='word_1_809' title='bbox 1184 5088 1276 5152; x_wconf 85' lang='lat' dir='ltr'><em>Quam</em></span> <span class='ocrx_word' id='word_1_810' title='bbox 1295 5102 1362 5142; x_wconf 90' lang='lat' dir='ltr'><em>cum</em></span> <span class='ocrx_word' id='word_1_811' title='bbox 1389 5082 1545 5156; x_wconf 88' lang='lat' dir='ltr'><em>receperis,</em></span> <span class='ocrx_word' id='word_1_812' title='bbox 1576 5082 1732 5155; x_wconf 87' lang='lat' dir='ltr'><em>possidebo</em></span> <span class='ocrx_word' id='word_1_813' title='bbox 1747 5085 1776 5137; x_wconf 86' lang='lat' dir='ltr'><em>te</em></span> <span class='ocrx_word' id='word_1_814' title='bbox 1790 5080 1821 5137; x_wconf 91' lang='lat' dir='ltr'><em>in</em></span> 
     </span>
     <span class='ocr_line' id='line_1_81' title="bbox 999 5173 1826 5250; baseline -0.01 -16"><span class='ocrx_word' id='word_1_815' title='bbox 999 5179 1158 5250; x_wconf 86' lang='lat' dir='ltr'><em>conspectu</em></span> <span class='ocrx_word' id='word_1_816' title='bbox 1168 5175 1298 5232; x_wconf 91' lang='lat' dir='ltr'><em>omnium</em></span> <span class='ocrx_word' id='word_1_817' title='bbox 1315 5173 1445 5248; x_wconf 88' lang='lat' dir='ltr'><em>gentium</em></span> <span class='ocrx_word' id='word_1_818' title='bbox 1459 5189 1465 5228; x_wconf 92' lang='lat'>:</span> <span class='ocrx_word' id='word_1_819' title='bbox 1478 5177 1510 5228; x_wconf 90' lang='lat' dir='ltr'><em>ut</em></span> <span class='ocrx_word' id='word_1_820' title='bbox 1524 5188 1592 5228; x_wconf 90' lang='lat' dir='ltr'><em>oum</em></span> <span class='ocrx_word' id='word_1_821' title='bbox 1603 5189 1620 5228; x_wconf 88' lang='lat' dir='ltr'><em>a</em></span> <span class='ocrx_word' id='word_1_822' title='bbox 1631 5188 1678 5228; x_wconf 89' lang='lat' dir='ltr'><em>me</em></span> <span class='ocrx_word' id='word_1_823' title='bbox 1690 5185 1826 5244; x_wconf 79' lang='lat' dir='ltr'><em>possessa</em></span> 
     </span>
     <span class='ocr_line' id='line_1_82' title="bbox 999 5256 1825 5335; baseline -0.011 -13"><span class='ocrx_word' id='word_1_824' title='bbox 999 5267 1100 5334; x_wconf 86' lang='lat' dir='ltr'><em>tueris,</em></span> <span class='ocrx_word' id='word_1_825' title='bbox 1117 5270 1187 5321; x_wconf 92' lang='lat' dir='ltr'><em>tunc</em></span> <span class='ocrx_word' id='word_1_826' title='bbox 1201 5262 1347 5335; x_wconf 88' lang='lat' dir='ltr'><em>intelligas</em></span> <span class='ocrx_word' id='word_1_827' title='bbox 1362 5263 1439 5334; x_wconf 85' lang='lat' dir='ltr'><em>quod</em></span> <span class='ocrx_word' id='word_1_828' title='bbox 1456 5261 1518 5334; x_wconf 91' lang='lat' dir='ltr'><em>ipse</em></span> <span class='ocrx_word' id='word_1_829' title='bbox 1532 5261 1587 5317; x_wconf 89' lang='lat' dir='ltr'><em>sim</em></span> <span class='ocrx_word' id='word_1_830' title='bbox 1604 5260 1757 5318; x_wconf 84' lang='lat' dir='ltr'><em>Dominus.</em></span> <span class='ocrx_word' id='word_1_831' title='bbox 1773 5256 1825 5314; x_wconf 85' lang='lat' dir='ltr'><em>Sin</em></span> 
     </span>
     <span class='ocr_line' id='line_1_83' title="bbox 999 5345 1824 5425; baseline -0.013 -14"><span class='ocrx_word' id='word_1_832' title='bbox 999 5361 1097 5411; x_wconf 87' lang='lat' dir='ltr'><em>antem</em></span> <span class='ocrx_word' id='word_1_833' title='bbox 1113 5352 1382 5425; x_wconf 88' lang='lat' dir='ltr'><em>interpretationem</em></span> <span class='ocrx_word' id='word_1_834' title='bbox 1392 5350 1561 5423; x_wconf 77' lang='lat' dir='ltr'><em>Symmachi</em></span> <span class='ocrx_word' id='word_1_835' title='bbox 1572 5355 1602 5406; x_wconf 90' lang='lat' dir='ltr'><em>et</em></span> <span class='ocrx_word' id='word_1_836' title='bbox 1615 5345 1824 5405; x_wconf 70' lang='lat' dir='ltr'><em>&#39;theodotionis</em></span> 
     </span>
     <span class='ocr_line' id='line_1_84' title="bbox 997 5433 1825 5517; baseline -0.014 -16"><span class='ocrx_word' id='word_1_837' title='bbox 997 5444 1161 5517; x_wconf 87' lang='lat' dir='ltr'><em>sequimur,</em></span> <span class='ocrx_word' id='word_1_838' title='bbox 1178 5457 1304 5514; x_wconf 91' lang='lat' dir='ltr'><em>quorum</em></span> <span class='ocrx_word' id='word_1_839' title='bbox 1320 5439 1394 5496; x_wconf 86' lang='lat' dir='ltr'><em>alter</em></span> <span class='ocrx_word' id='word_1_840' title='bbox 1415 5439 1455 5495; x_wconf 91' lang='lat' dir='ltr'><em>ait</em></span> <span class='ocrx_word' id='word_1_841' title='bbox 1471 5455 1477 5494; x_wconf 93' lang='lat'><strong>:</strong></span> <span class='ocrx_word' id='word_1_842' title='bbox 1494 5440 1526 5495; x_wconf 82' lang='lat' dir='ltr'><em>tt</em></span> <span class='ocrx_word' id='word_1_843' title='bbox 1541 5437 1690 5495; x_wconf 86' lang='lat' dir='ltr'><em>vulnerabo</em></span> <span class='ocrx_word' id='word_1_844' title='bbox 1712 5444 1746 5505; x_wconf 85' lang='lat' dir='ltr'><em>te,</em></span> <span class='ocrx_word' id='word_1_845' title='bbox 1763 5433 1825 5493; x_wconf 87' lang='lat' dir='ltr'><em>sive</em></span> 
     </span>
    </p>
   </div>
   <div class='ocr_carea' id='block_1_10' title="bbox 997 5573 1823 5732">
    <p class='ocr_par' dir='ltr' id='par_1_10' title="bbox 997 5573 1823 5732">
     <span class='ocr_line' id='line_1_85' title="bbox 998 5573 1823 5669; baseline -0.013 -27"><span class='ocrx_word' id='word_1_846' title='bbox 998 5586 1131 5669; x_wconf 67' lang='lat' dir='ltr'><em>subnena</em></span> <span class='ocrx_word' id='word_1_847' title='bbox 1153 5581 1334 5656; x_wconf 83' lang='lat' dir='ltr'><em>expositione</em></span> <span class='ocrx_word' id='word_1_848' title='bbox 1350 5580 1464 5637; x_wconf 83' lang='lat' dir='ltr'><em>Hieron.</em></span> <span class='ocrx_word' id='word_1_849' title='bbox 1479 5581 1510 5637; x_wconf 92' lang='lat' dir='ltr'><em>ln</em></span> <span class='ocrx_word' id='word_1_850' title='bbox 1526 5584 1623 5637; x_wconf 80' lang='lat' dir='ltr'><em>Graeou</em></span> <span class='ocrx_word' id='word_1_851' title='bbox 1639 5581 1736 5638; x_wconf 88' lang='lat' dir='ltr'><em>autom</em></span> <span class='ocrx_word' id='word_1_852' title='bbox 1762 5573 1823 5633; x_wconf 81' lang='lat' dir='ltr'><em>baa·</em></span> 
     </span>
     <span class='ocr_line' id='line_1_86' title="bbox 997 5674 1167 5732; baseline 0.006 -21"><span class='ocrx_word' id='word_1_853' title='bbox 997 5676 1119 5732; x_wconf 71' lang='grc' dir='ltr'>σκορπῑω</span> <span class='ocrx_word' id='word_1_854' title='bbox 1130 5674 1167 5712; x_wconf 69' lang='grc' dir='ltr'><em>σε.</em></span> 
     </span>
    </p>
   </div>
   <div class='ocr_carea' id='block_1_11' title="bbox 0 0 1934 6098">
    <p class='ocr_par' dir='ltr' id='par_1_11' title="bbox 0 0 1934 6098">
     <span class='ocr_line' id='line_1_87' title="bbox 0 0 1934 6098; baseline 0 0"><span class='ocrx_word' id='word_1_855' title='bbox 0 0 1934 6098; x_wconf 95' lang='lat' dir='ltr'><em> </em></span> 
     </span>
    </p>
   </div>
  </div>
 </body>
</html>
