3840 6098
112 278 168 346 trs
731 275 763 344 S.
786 277 942 345 sussen
963 278 1188 345 lilllliONthl
1567 346 1573 356 ,
1753 279 1817 351 trs

112 413 153 490 pli
163 411 301 473 siricinis
311 411 421 472 circum
433 411 579 489 gentibus,
591 412 802 487 etquibusdsm
814 413 938 486 phante-
950 415 979 481 Α
994 417 1073 469 tetus
1088 419 1148 469 est:
1164 415 1197 469 tit
1212 421 1272 486 oper
1286 411 1344 473 boec
1357 415 1388 472 ut
1407 413 1515 473 muniat
1532 412 1668 489 praestito
1687 431 1751 474 cum
1764 415 1816 477 deo

113 504 165 563 siis
180 509 268 577 atque
282 504 443 561 terroribus
456 521 574 561 versum
590 503 620 560 in
635 503 806 570 amentiam,
818 519 851 558 sc
866 519 934 575 pos·
986 503 1095 559 otieuo:
1110 511 1135 558 et
1149 519 1212 558 oum
1224 504 1265 559 eis
1278 504 1434 577 oshoduit,
1459 507 1656 579 multiplicabit
1669 506 1815 578 honorem,

111 598 238 651 tremum
254 594 356 650 morbo
370 594 527 661 interiisse,
544 596 572 649 et
591 593 645 650 hoe
661 593 686 648 ci
702 592 843 649 accidisse
854 609 933 648 com·
985 593 1159 649 etdominori
1173 593 1321 649 eosmuttis
1332 595 1466 664 [arietet
1480 600 1585 651 terrum
1595 595 1697 652 diuidet
1707 598 1811 667 oratu.

112 686 287 751 memorent,
298 681 623 756 quistemplumbisne
633 681 740 738 violare
749 686 871 738 conatus
883 682 931 737 sit.
988 681 1812 757 PropraesidiisoonfuqiointerpretetusestSymmachus:

110 772 169 829 Nos
185 774 283 828 autem
299 771 436 839 dicimus,
452 771 567 828 etiamsi
580 769 717 827 acciderit
727 771 763 838 ei,
780 770 845 826 ideo
860 768 934 826 acci·
987 772 1064 843 quod
1081 769 1256 843 Porphyrius
1267 770 1308 826 ita
1322 771 1477 828 edisserit:
1496 773 1581 829 iactet
1597 774 1659 830 haec
1673 775 1819 833 omniunt

12 918 14 923 ,
110 860 199 928 disse,
216 861 284 934 quia
294 861 324 916 in
334 864 451 918 sanctos
466 860 516 916 Dei
528 859 650 916 multam
657 860 819 916 exercuerit
829 859 932 915 crude·
987 858 1385 926 munistarcemierusslsm,
1397 861 1582 918 etinceeteris
1596 862 1818 936 urbibusponat

109 949 234 1016 litatem,
244 953 272 1006 et
287 949 569 1022 polluerittemplum
579 948 652 1020 ejus.
669 948 731 1005 Non
746 947 825 1004 enim
837 964 888 1021 pro
898 964 932 1004 en
986 948 1130 1020 presidis,
1140 948 1293 1004 etdudaeos
1308 948 1411 1004 docest
1422 949 1542 1006 adorare
1552 955 1644 1007 Deum
1656 950 1807 1010 alienum:

109 1041 187 1112 quod
205 1040 279 1095 tlt)
309 1044 430 1095 conatus
449 1042 493 1094 cst
509 1039 612 1106 secere,
631 1041 660 1093 et
675 1041 740 1093 acts
752 1036 932 1109 penitentia,
985 1035 1541 1110 hsuddubiumquiniovcmsignificet.
1553 1040 1644 1106 Quem
1655 1056 1725 1097 cum
1736 1039 1812 1098 illis·

107 1128 212 1185 desivit
228 1129 360 1201 implere,
377 1130 427 1187 sed
443 1145 495 1202 pro
509 1144 543 1183 eo
557 1127 634 1200 quod
651 1126 719 1182 iecit
733 1126 855 1199 punitus
868 1143 932 1184 csse
985 1124 1156 1193 ostenderit,
1164 1129 1193 1180 ct
1202 1125 1385 1181 adorandum
1396 1143 1461 1183 esse
1468 1130 1663 1199 persuaserit:
1678 1130 1813 1189 tuncds·

107 1218 271 1274 credendus
287 1222 341 1273 est.
985 1213 1028 1269 bit
1043 1214 1171 1287 deceptis
1184 1213 1335 1282 honorem,
1353 1219 1381 1269 ct
1396 1214 1519 1288 gloriam
1544 1216 1715 1292 plurimam,
1730 1220 1815 1278 etis·

136 1307 231 1379 (vers.
248 1307 282 1361 37
304 1305 398 1379 seqq.)
426 1309 458 1361 ot
486 1306 572 1360 Deum
597 1310 711 1377 potrum
735 1320 848 1360 suorum
876 1321 932 1360 nou
984 1303 1041 1359 ciet
1055 1303 1177 1368 ceteris,
1194 1304 1245 1374 qui
1265 1303 1296 1358 in
1310 1305 1410 1359 Judss
1424 1305 1532 1362 tuerint
1546 1306 1700 1375 dominati,
1716 1312 1747 1364 et
1760 1326 1814 1381 pro

106 1397 255 1464 reputabit,
271 1399 296 1451 et
310 1397 363 1450 erit
377 1396 408 1450 in
426 1396 652 1466 concupiscentiis
665 1396 856 1467 teminorum:
881 1410 932 1450 uec
984 1391 1219 1463 prevaricatione
1236 1390 1437 1464 possessiones
1447 1393 1567 1463 dividet,
1583 1399 1612 1451 et
1622 1396 1701 1452 dous
1712 1396 1814 1453 distri-

105 1500 269 1557 quemquum
283 1484 395 1539 deorum
409 1485 527 1553 curabit,
545 1485 610 1555 quic
630 1482 775 1540 aduersum
799 1486 931 1540 universo
984 1480 1068 1535 huet.
1084 1479 1284 1536 Antichristus
1300 1497 1417 1553 quoque
1432 1481 1526 1538 multa
1541 1483 1670 1556 deceptis
1685 1472 1814 1544 munem

103 1577 257 1644 cousurpet.
272 1574 357 1628 Deum
372 1576 463 1628 cutem
479 1589 589 1629 nsozrnr
603 1573 634 1627 iu
649 1573 705 1628 toco
719 1588 768 1628 suo
785 1572 929 1628 uenerati·
983 1567 1135 1642 largietur,
1151 1571 1180 1623 et
1194 1572 1303 1624 terram
1319 1586 1372 1626 suo
1384 1570 1523 1627 exercitui
1534 1571 1660 1628 dividet:
1675 1589 1815 1647 quosque

104 1668 165 1731 tur;
181 1669 208 1718 et
221 1662 306 1717 Deum
316 1663 608 1733 quemiquorooeruut
616 1668 709 1733 potres
724 1661 793 1733 ejus,
803 1661 872 1717 ootet
882 1678 930 1717 uu
982 1660 1092 1714 terrore
1107 1674 1165 1713 nou
1183 1658 1318 1730 quiverit,
1335 1660 1505 1733 subjugabit
1520 1661 1650 1717 everitiu.

103 1767 135 1808 ro
144 1755 172 1808 et
185 1754 308 1822 cruento,
324 1758 350 1806 et
364 1750 456 1822 tepide
468 1752 599 1822 pretioso,
615 1748 749 1822 rebusque
758 1750 929 1822 pretiosisdt
1019 1744 1113 1818 (Vers-
1130 1746 1174 1815 40,
1191 1745 1249 1817 il.)
1263 1747 1296 1801 st
1309 1748 1340 1802 iu
1351 1751 1471 1820 tempore
1482 1749 1622 1821 prefinito
1629 1751 1814 1822 praeliabitur

104 1841 188 1911 societ
202 1844 233 1896 ut
246 1840 357 1895 muniat
370 1856 480 1894 usczne
493 1854 556 1894 oum
571 1838 619 1894 deo
634 1838 725 1894 alieno
739 1854 820 1911 quem
835 1838 877 1913 (a)
887 1855 929 1895 oo·
983 1835 1130 1892 adoneum
1143 1850 1206 1891 eum
1219 1850 1271 1891 reu
1289 1838 1402 1892 Austri:
1422 1842 1450 1892 et
1464 1840 1546 1909 quusi
1561 1842 1706 1910 teoapestoe
1719 1843 1813 1898 ueniet

103 1931 205 2002 quovit,
221 1928 454 2000 etmuttipticobit
464 1928 595 1998 utorium,
607 1926 764 1983 etdobiteis
772 1931 930 1999 potestatem
983 1929 1080 1980 contro
1093 1924 1230 1979 ittumrex
1243 1923 1422 1995 Aquitanicus
1435 1927 1572 1999 curribus,
1584 1930 1644 1984 etin
1660 1930 1810 2005 equititum,

103 2019 136 2073 iu
148 2018 255 2082 muttit,
267 2025 294 2073 et
309 2016 526 2072 torrcmdioittet
540 2018 671 2087 gratuito.
685 2015 738 2072 Pro
745 2032 778 2071 eo
788 2016 865 2088 quod
875 2034 929 2073 nos
983 2016 1011 2068 et
1025 2014 1055 2067 iri
1069 2013 1156 2068 otosse
1169 2029 1289 2082 nuqua:
1305 2017 1331 2068 et
1346 2014 1518 2084 inpredietur
1530 2019 1627 2085 terrm,
1639 2020 1665 2073 et
1674 2022 1809 2089 conteret,

103 2105 283 2179 interpretati
300 2122 416 2173 sumus,
432 2113 458 2160 et
471 2107 526 2161 erit
536 2105 566 2160 iu
580 2106 928 2176 concupiscentiisscminu·
982 2110 1009 2158 et
1024 2104 1201 2174 pertransiet.
1232 2106 1265 2158 st
1280 2103 1406 2158 introibit
1423 2104 1453 2158 in
1477 2110 1581 2160 terrum
1604 2106 1765 2175 ptoriosum,
1781 2115 1808 2165 et

103 2211 177 2267 rum,
194 2194 266 2250 LXX
276 2193 501 2260 transtulerunt,
512 2195 930 2264 etcoucupisceutiismutieruoi
982 2191 1066 2247 multi
1078 2195 1215 2247 corruent.
1239 2191 1292 2247 Pro
1307 2207 1365 2262 quo
1386 2192 1597 2265 interpretatus
1612 2199 1658 2251 est
1672 2196 1808 2269 Symma-

102 2300 159 2340 noo
185 2282 347 2355 subjacebit.
374 2282 503 2338 Rursum
520 2298 571 2354 pro
588 2281 646 2337 Deo
662 2299 773 2338 usozm
792 2283 928 2355 (olion),
982 2279 1075 2335 chus:
1091 2288 1118 2335 et
1133 2281 1221 2336 mutto
1234 2278 1330 2335 mittio
1343 2288 1486 2337 corruent:
1503 2282 1672 2354 theodotio,
1688 2289 1715 2341 et
1726 2287 1812 2344 mutti

103 2373 181 2445 quod
197 2372 322 2428 hebetur
335 2371 366 2426 in
381 2370 533 2437 Hebraico,
548 2370 656 2442 Aquila
670 2370 831 2440 transtulit,
844 2373 930 2428 Deum
982 2368 1808 2448 infirmabuntur.Multassutemccrruerejuxtshquilsm,

101 2460 314 2533 fortitudinum
331 2458 410 2526 LXX,
425 2460 511 2515 Deum
524 2460 716 2531 fortissimum.
731 2460 805 2525 Quin
819 2462 927 2516 veroin
981 2457 1027 2514 vel
1045 2458 1144 2529 urbes,
1160 2456 1204 2514 vel
1221 2457 1365 2531 regiones,
1378 2457 1423 2513 vel
1438 2459 1604 2531 provincius
1614 2460 1757 2537 intellige.
1775 2465 1809 2521 lii

102 2549 244 2606 Hebraico
259 2565 310 2621 pro
326 2563 370 2615 co,
388 2549 465 2621 quod
481 2565 535 2605 nos
551 2548 699 2605 diximus:
716 2551 809 2606 eterit
824 2551 927 2606 incon·
982 2547 1042 2604 hec
1050 2545 1228 2620 Porphyrius
1242 2547 1277 2602 ad
1293 2546 1469 2603 Antiochum
1481 2548 1585 2604 reteri:
1603 2549 1680 2621 quod
1692 2551 1811 2609 undeci-

81 2658 83 2663 ·
102 2638 460 2711 cupiscentiisfemioorum,
468 2637 605 2711 ambigue
610 2638 739 2710 positum
748 2643 803 2704 cst,
815 2638 928 2695 dicente
982 2653 1030 2693 mc
1041 2635 1204 2708 annoregni
1216 2635 1373 2692 suirursus
1384 2640 1485 2691 contra
1493 2637 1704 2694 sororistllium
1716 2639 1811 2698 Ptole·

101 2727 217 2800 Aquils,
233 2727 282 2798 qui
298 2726 421 2781 verbum
437 2727 579 2798 expressit
595 2726 730 2783 everbc:
746 2726 792 2779 καὶ
808 2724 852 2780 iat
863 2725 926 2781 Θεὸν
982 2743 1087 2782 meum
1104 2724 1328 2781 philometorem
1344 2724 1535 2782 dimicaverit.
1552 2725 1606 2790 Qui
1621 2726 1746 2785 audiens
1759 2745 1809 2786 ve·

101 2815 225 2890 πατὲρων
256 2812 385 2868 ebroici
414 2814 535 2884 συνήσει,
548 2811 593 2868 καί
605 2815 644 2887 (b)
657 2814 701 2868 tat
717 2813 861 2887 ἐπιθυμίαν
877 2835 926 2889 γυ·
981 2814 1241 2881 nirehntioohum,
1253 2815 1438 2886 congregavit
1449 2813 1543 2870 multa
1554 2814 1809 2888 populorummil·

102 2905 212 2970 ναικῶν,
228 2901 273 2956 uiri
288 2901 332 2955 tri
347 2901 434 2955 πάντα
449 2901 507 2956 θεὸν
519 2901 550 2955 ob
567 2903 686 2974 octiosi,
703 2903 732 2959 id
746 2907 800 2970 est,
813 2913 929 2976 etsuper
981 2904 1030 2960 lia.
1047 2903 1100 2958 Sed
1117 2902 1277 2960 Antiochus
1292 2903 1376 2975 quasi
1390 2906 1551 2975 tempestus
1561 2903 1659 2960 valida
1671 2904 1704 2960 in
1714 2905 1807 2963 curri·

103 2993 187 3048 Deum
197 2999 308 3062 potrum
318 3006 431 3046 suorum
445 3007 500 3047 uon
515 2991 663 3060 rutettipet,
690 2996 716 3047 et
729 3008 811 3064 super
825 3008 926 3048 coecu-
981 2993 1047 3058 bus,
1061 2995 1090 3047 et
1104 2991 1134 3047 in
1149 2991 1309 3064 equitibus,
1326 2991 1398 3047 etin
1414 2990 1507 3048 classe
1532 3009 1640 3066 magna
1654 2993 1808 3068 ingressus

101 3081 266 3154 pisceotiom
279 3081 460 3153 feninorum,
477 3085 594 3151 etsuper
608 3095 716 3136 omnem
726 3081 808 3136 Deum
818 3097 872 3138 uon
885 3083 927 3136 iu·
982 3082 1021 3139 sit
1035 3086 1127 3137 terras
1138 3079 1291 3153 plurimus,
1303 3084 1333 3136 st
1343 3080 1521 3138 transeundo
1533 3083 1668 3139 univorsa
1678 3088 1809 3143 vastave-

103 3169 218 3239 tettiqet.
229 3169 343 3235 Quibus
357 3168 452 3225 verbis
467 3167 641 3241 intelligitur
654 3168 761 3224 hebere
776 3185 844 3227 eum
860 3187 927 3226 con·
941 3150 962 3219 G
983 3171 1036 3226 rit:
1048 3170 1216 3241 veneritque
1227 3169 1263 3225 sd
1273 3173 1381 3225 terram
1392 3168 1542 3242 inclytum,
1553 3169 1584 3226 id
1595 3175 1650 3239 est,
1660 3171 1676 3227 J
1681 3171 1808 3243 udesm,

82 3247 314 3331 'cupiscentiem
330 3257 517 3323 teminsrum,
534 3261 563 3313 et
577 3274 635 3313 non
650 3257 768 3314 hahere.
786 3259 815 3315 Si
824 3258 927 3332 legeri-
982 3276 1071 3333 quam
1087 3258 1280 3331 Symmachus
1295 3262 1398 3314 terrum
1410 3257 1584 3330 fortitudinis
1599 3258 1809 3334 interpretatus

103 3364 180 3419 mus,
196 3352 225 3404 et
236 3345 466 3403 intellexerimus
482 3344 534 3400 ἀπὸ
545 3349 649 3414 κοινοῦ,
665 3351 692 3402 et
705 3362 788 3418 super
801 3351 928 3421 correupi-
982 3352 1046 3405 est':
1064 3365 1115 3420 pro
1131 3364 1191 3420 qua
1204 3346 1365 3403 ‘theodotio
1380 3348 1479 3420 ipsum
1495 3347 1616 3404 verbum
1632 3347 1808 3410 Hebraicum

103 3435 929 3508 scenticmsemiuorumuouiuteltiqet,deAntichristcfsci·
981 3437 1081 3511 posuit
1093 3453 1173 3491 siner
1184 3437 1237 3506 [tt.
1252 3452 1347 3491 sessu
1362 3437 1473 3506 ersom]
1485 3435 1581 3509 pm:
1596 3440 1625 3492 et
1635 3453 1734 3495 arcem
1745 3455 1811 3497 mu·

103 3525 160 3582 lior
173 3524 373 3598 interpretatio
385 3529 430 3580 est
441 3525 535 3596 :quod
546 3524 610 3580 ideo
620 3524 740 3581 simulet
750 3527 927 3597 castitatem,
982 3525 1070 3582 nierit
1085 3526 1120 3581 de
1136 3525 1230 3582 ruinis
1242 3539 1394 3581 murorum
1406 3525 1542 3592 civitatis,
1554 3527 1575 3582 1
1580 3525 1626 3582 21
1640 3529 1670 3581 st
1681 3526 1726 3583 sic
1740 3545 1809 3601 per·

103 3618 137 3670 ut
151 3613 294 3689 plurimos
308 3613 442 3686 decipiet
473 3613 525 3669 Sin
541 3616 639 3670 sutem
655 3613 697 3669 ita
720 3614 891 3687 legerimus,
901 3620 928 3673 et
982 3616 1088 3672 rexerit
1102 3615 1131 3669 in
1147 3615 1313 3688 AEgyptum.
1325 3613 1422 3671 Nostri
1437 3618 1536 3671 sutem
1548 3613 1808 3676 sdAntichristum

102 3720 184 3777 super
198 3704 445 3776 concupiscentiam
469 3703 648 3775 teminorum,
675 3708 708 3759 ut
734 3705 927 3761 subaudietur
981 3710 1010 3762 et
1023 3704 1081 3761 istu
1094 3704 1261 3770 relerentes,
1274 3703 1376 3759 dicunt
1392 3705 1471 3775 quod
1479 3704 1609 3777 primum
1617 3708 1805 3777 pugnaturus

103 3795 167 3866 erit,
183 3792 316 3850 Antiochi
328 3808 458 3865 persone
472 3791 767 3865 megiscosptabitur,
784 3792 928 3865 quiluxu-
981 3794 1135 3850 sitcoutru
1149 3808 1246 3864 regem
1270 3791 1381 3862 Austri,
1397 3791 1427 3847 id
1451 3797 1504 3864 est,
1519 3792 1645 3867 AEgypti,
1661 3796 1690 3849 et
1704 3797 1809 3867 postea

105 3882 286 3939 riosissimus
301 3882 393 3937 tuisse
408 3881 524 3948 dicitur,
538 3884 567 3936 et
578 3881 865 3939 intentumdsdecus
875 3900 928 3956 per
981 3881 1096 3955 Libyas,
1126 3885 1154 3936 et
1169 3879 1320 3952 AEthiopas
1334 3885 1544 3952 superaturus:
1571 3898 1634 3954 qus
1651 3881 1687 3938 de
1701 3883 1807 3942 decem

105 3974 209 4043 stupra
223 3975 251 4026 et
259 3968 439 4042 corruptelas
447 3968 652 4043 venisscregie
661 3970 821 4042 dignitatis,
829 3975 861 4027 ut
871 3972 926 4027 mi·
981 3970 1119 4027 cornibus
1130 3969 1187 4025 tria
1195 3969 1320 4025 contrite
1332 3985 1441 4025 cornua
1450 3969 1685 4044 suprslegimus;
1697 3973 1808 4045 etquis

62 4041 67 4052 ’
105 4059 162 4114 mis
177 4061 338 4130 quoquest
353 4057 457 4114 scortis
469 4056 587 4130 publice
597 4058 781 4131 jungeretur,
789 4065 817 4115 ct
832 4059 928 4117 lihidi·
980 4063 1121 4117 vsnturus
1136 4058 1174 4113 sit
1190 4058 1218 4112 in
1234 4062 1342 4113 terrum
1353 4057 1453 4127 lsrsel,
1465 4062 1494 4115 et
1504 4057 1602 4115 multe
1612 4058 1638 4115 ei
1648 4059 1693 4117 vel
1707 4061 1809 4133 urbes,

46 4204 48 4209 ,
104 4162 173 4202 nem
201 4161 297 4217 suem,
337 4145 444 4217 populo
469 4151 620 4217 presente,
649 4147 808 4220 compleret
832 4149 926 4205 Deum
980 4147 1024 4204 vel
1040 4147 1194 4220 provinciae
1211 4148 1320 4203 dature
1337 4163 1452 4203 manus.

103 4251 213 4292 uncum
228 4233 350 4289 ridicule
362 4234 540 4307 Porphyrius
550 4235 760 4308 interpretetus
772 4241 826 4306 est,
838 4242 871 4293 ut
884 4239 927 4294 di·
1016 4239 1178 4294 Haeocutem
1188 4235 1619 4293 sotaesctuobunturdemouibus
1629 4237 1702 4310 ejus,
1711 4237 1810 4309 lidum,

104 4327 183 4382 cerei
205 4323 235 4379 in
249 4322 313 4379 vieo
329 4322 440 4390 Media,
455 4323 533 4379 unde
549 4323 605 4378 tuit
627 4324 815 4392 Methethias,
831 4329 860 4382 et
874 4326 927 4383 filii
981 4334 1008 4383 et
1020 4325 1104 4394 ltoob,
1120 4333 1146 4381 et
1166 4326 1335 4396 principium
1359 4325 1617 4397 fitiorumdmmon.
1633 4325 1809 4400 Antiochus,

104 4415 179 4487 ejus,
203 4411 339 4468 Antiochi
365 4413 466 4482 duces,
482 4411 562 4469 iovis
584 4413 718 4485 posuisse
733 4417 881 4471 statuum:
897 4419 927 4472 ct
980 4415 1073 4481 aiunt,
1089 4413 1233 4470 testinans
1249 4421 1351 4470 contre
1370 4413 1561 4470 Ptolemeum
1582 4431 1681 4489 regem
1694 4415 1809 4484 Austri,

104 4501 283 4574 compulisse
297 4501 425 4569 tudens,
441 4504 474 4558 ut
488 4500 514 4557 ei
528 4500 663 4558 victimes
678 4500 875 4571 immolarent,
896 4503 926 4560 id
943 4521 967 4586 D
982 4505 1137 4570 idumeos,
1153 4507 1182 4559 et
1197 4502 1350 4570 Moabitas,
1365 4506 1394 4559 et
1406 4504 1590 4560 Ammonitas
1605 4503 1656 4577 qui
1669 4502 1810 4562 exlatere

103 4595 158 4660 cst,
180 4590 358 4648 dechtodin.
390 4591 471 4656 Quod
498 4593 595 4646 sutem
625 4590 765 4663 sequitur,
794 4593 929 4649 etheum
980 4591 1086 4649 indes
1103 4592 1156 4662 [At.
1183 4591 1328 4663 idumeis]
1343 4596 1436 4662 eraut,
1453 4610 1511 4649 non
1526 4592 1641 4666 tetigit:
1669 4608 1810 4653 neoccu·

104 4693 185 4756 quem
199 4682 397 4751 iquorcoeruut
408 4687 501 4753 potres
514 4680 584 4751 ejru,
600 4680 676 4748 cotet,
693 4679 749 4736 hoc
764 4682 858 4754 msgis
869 4683 928 4738 An·
982 4685 1070 4755 patus
1085 4680 1142 4738 elio
1157 4678 1266 4754 prelio,
1283 4680 1472 4739 Ptolemaum
1496 4682 1631 4739 redderet
1645 4681 1809 4741 fortiorem.

103 4769 237 4827 tichristc
259 4768 504 4842 quumAutiochc
533 4768 676 4825 convenit.
694 4769 831 4843 Legimus
848 4771 927 4827 enim
981 4769 1182 4827 Antichristus
1197 4786 1314 4843 quoque
1325 4769 1498 4840 idumeum,
1514 4775 1544 4827 et
1556 4770 1715 4840 Moabitas,
1728 4772 1811 4829 uoti·

104 4858 281 4916 Antiochum
293 4857 525 4915 idolorumwtl
535 4857 927 4930 Greciehshuissecultum,
982 4859 1038 4915 lios
1057 4861 1195 4928 Ammon,
1210 4860 1240 4915 id
1256 4862 1311 4926 est,
1335 4860 1472 4917 Arabiam
1489 4859 1634 4933 relinquet
1649 4861 1808 4919 intectam:

104 4947 522 5020 ettudaeosutquessmaritss
537 4946 573 5003 sd
585 4946 798 5004 venerationem
808 4965 928 5005 suorum
983 4948 1052 5020 quia
1066 4946 1137 5004 ittuc
1151 4948 1250 5005 Suucti
1264 4948 1300 5004 ad
1319 4948 1434 5006 deserta
1449 4949 1628 5023 confugient.

106 5036 228 5091 deorum
243 5034 431 5107 compulisse.
447 5035 565 5091 Necnon
580 5038 609 5090 ct
621 5033 677 5090 hoc
702 5035 780 5106 quod
794 5036 929 5105 interiet
1019 5037 1113 5109 (vers.
1137 5037 1182 5109 te,
1199 5037 1255 5108 43.)
1270 5039 1308 5094 Et
1320 5039 1411 5094 mittet
1425 5055 1540 5096 monum
1553 5055 1633 5095 suom
1660 5038 1692 5095 iu
1708 5047 1810 5108 mus,

105 5125 223 5197 totietut
236 5126 347 5180 muniet
362 5139 540 5181 usozrucum
546 5122 695 5180 scorteo
707 5126 927 5197 quemoopuouit:
982 5130 1008 5183 et
1022 5133 1099 5182 terro
1112 5126 1225 5198 AEpppti
1237 5141 1293 5182 ooo
1306 5126 1433 5198 effupiet:
1451 5134 1476 5184 et
1490 5127 1681 5184 dominabitur
1695 5126 1812 5185 deseo-

106 5221 134 5269 et
147 5211 349 5284 multipiiccbit
376 5212 507 5285 ptoriom,
521 5220 548 5269 et
573 5211 650 5268 dabit
671 5215 710 5268 cis
724 5216 884 5285 potestatem
898 5215 929 5270 iu
982 5231 1079 5272 rorum
1103 5215 1167 5270 ouri
1179 5215 1260 5285 etque
1285 5216 1402 5288 arpenti,
1431 5219 1457 5272 et
1485 5216 1516 5272 in
1530 5215 1656 5274 omnibus
1681 5216 1812 5289 pretiosis

106 5299 929 5375 multis,etterramdividetorotuih,‘theodctioiutcrpre·
984 5303 1104 5376 AEpypti.
1123 5304 1178 5359 Per
1191 5303 1292 5376 Libyco
1320 5303 1414 5377 [iulg.
1429 5304 1546 5377 Libyam
1572 5309 1602 5362 et
1625 5305 1812 5380 AEthiopiem]

143 5460 182 5531 (o)
197 5459 249 5542 llic
263 5462 352 5542 utque
365 5457 488 5514 interius
500 5456 640 5514 ubilocus
650 5457 705 5541 istc
715 5461 849 5541 recurrit,
862 5478 929 5519 cum
1020 5463 1058 5535 qb)
1074 5461 1280 5536 supplevimus
1294 5462 1342 5519 hic
1357 5478 1456 5521 vocem
1473 5462 1517 5519 ἐπὶ
1532 5480 1565 5522 cx
1584 5478 1641 5522 ms.
1654 5464 1800 5524 Vaticano

108 5531 234 5616 negandi
250 5527 404 5604 particula,
420 5545 500 5602 quem
509 5545 565 5586 uon
577 5534 711 5599 worout,
727 5547 757 5588 ιιι
772 5531 861 5590 Pslsl.
873 5550 928 5593 ms.
985 5551 1048 5609 qus
1065 5537 1151 5591 antea
1165 5533 1202 5591 oh
1217 5534 1387 5592 earumdem
1398 5534 1602 5620 littcmrumin
1616 5507 1815 5613 suumqueutl

109 5600 238 5664 themar.
983 5606 1072 5667 verbo
1087 5621 1254 5679 recursum,
1276 5605 1373 5667 tuerat
1386 5612 1593 5683 pretermissa.
