3840 6098
104 350 163 417 788
728 351 760 416 S.
782 347 936 414 absumi
958 347 1179 415 nlunodltll

104 486 280 546 miraculum
295 484 385 557 subit,
402 486 549 560 quomodo
563 501 630 544 vere
642 486 794 544 credentes
807 485 865 542 lleo
877 502 925 541 ma
938 488 966 552 Α
981 491 1013 541 ut
1027 485 1128 543 civitas
1143 485 1218 542 Dei?
1234 489 1268 542 at
1278 489 1375 543 tamen
1391 484 1452 544 bec
1467 485 1532 560 ipsa
1543 482 1598 543 sibi
1613 497 1718 559 magna

103 579 148 651 gis
164 593 253 650 quam
268 576 438 633 hominibus
453 575 685 650 contempserint
700 591 834 644 moriem.
848 573 924 648 peri·
980 573 1109 642 mittens,
1126 575 1209 647 quasi
1226 575 1357 648 proxima
1375 575 1435 647 Dei,
1450 578 1479 631 et
1503 575 1604 632 civitas
1629 575 1705 648 ejus,

102 665 178 737 cula,
195 665 388 721 contumelias
403 669 432 720 et
445 666 618 738 omniaque
635 664 714 739 passi
731 665 850 720 suntab
866 663 922 719 eis:
979 663 1118 734 peccavit,
1135 663 1268 737 arguitur
1283 682 1300 719 a
1314 665 1425 737 Spiritu
1441 668 1552 730 sancto,
1568 667 1602 719 ut
1615 663 1718 737 degent

102 754 152 825 qui
169 753 925 827 arguebantur,dumvoluntatiDeiinprophetstione
978 756 1124 809 extranea.
1138 753 1222 825 Pater
1247 754 1325 809 enim
1352 754 1417 825 ejus
1433 752 1632 821 Amorrhaeus,
1649 753 1717 824 jam

102 844 279 900 deserviunt.
297 844 473 901 dominabor
487 844 635 915 qnondam
649 844 754 898 lsaiam
766 845 922 914 antequam
980 845 1064 897 Deus.
1076 842 1222 910 Quamdiu
1233 859 1291 898 non
1307 843 1445 915 peccavit,
1463 849 1546 916 pater
1556 843 1621 914 ejus
1636 839 1718 898 erutl

102 949 302 1005 compararem
313 932 463 1000 Ezechieli,
479 938 508 989 et
521 932 762 1005 obstupescebam
778 931 923 1004 quomodo
966 941 1097 1012 ‘quando
1112 956 1179 996 vero
1189 941 1327 1013 pemati,
1340 945 1423 1013 pater
1432 941 1497 1012 ejus
1507 938 1718 997 Amorrhaeugt

101 1030 229 1087 diceret:
246 1031 340 1087 Audite
358 1029 923 1102 rammamoomirtpriacipessodomo-
978 1032 1031 1084 est.
1044 1030 1187 1095 Quamdiu
1203 1046 1261 1085 non
1278 1030 1407 1102 peccavit
1417 1028 1568 1102 paterejus
1579 1028 1710 1102 Spiritus

101 1136 181 1175 mm:
196 1120 327 1177 obaudite
341 1121 428 1193 leqem
442 1122 501 1188 Dei,
512 1121 629 1192 popalus
658 1118 825 1176 Gomorrha.
862 1121 923 1191 Quo
976 1120 1025 1173 tus
1039 1117 1113 1174 luit:
1131 1118 1247 1190 quando
1260 1119 1399 1190 peccavit,
1412 1122 1504 1174 mater
1520 1119 1584 1190 ejus
1599 1117 1715 1175 (tethea

101 1210 172 1264 mibi
185 1209 394 1266 multitudinem
407 1211 606 1280 sacrificiorum
618 1206 922 1265 oestroromidieitlio·
977 1211 1032 1263 est.
1049 1206 1194 1271 Quamdiu
1210 1224 1268 1263 non
1282 1207 1421 1280 peccavit,
1439 1206 1568 1262 redicem
1584 1204 1689 1262 habuit
1713 1247 1718 1260 .

100 1299 194 1353 minua
207 1299 270 1369 (lac.
287 1299 444 1370 v).Dicebat
454 1298 533 1355 enim
544 1298 617 1365 hoec,
628 1314 696 1354 cum
707 1295 921 1369 possetdicere,
978 1294 1058 1365 bam,
1074 1299 1103 1351 et
1118 1296 1210 1362 isaac,
1226 1300 1256 1351 et
1269 1295 1375 1351 Jacob:
1402 1295 1520 1367 quando
1548 1293 1689 1366 peccavit,

100 1389 144 1442 vel
158 1390 263 1442 tacere.
281 1387 381 1459 Neque
395 1387 474 1443 enim
500 1387 544 1458 (ut
572 1387 693 1458 quidam
723 1385 922 1458 suspicantur)
977 1383 1377 1454 elusGbananaealactaest.
1405 1384 1487 1456 Saepe
1516 1382 1641 1440 miratus
1667 1398 1718 1439 sut

101 1477 197 1530 mente
211 1474 382 1531 excidebant
396 1474 555 1548 prophete,
570 1478 648 1531 etex
662 1474 835 1531 necessitate
862 1472 922 1547 spi·
977 1472 1055 1544 quod
1071 1472 1181 1529 dictum
1196 1471 1441 1529 estananielead
1472 1472 1718 1547 presbyterump

100 1563 175 1619 ritus
189 1561 394 1636 loquebantur.
410 1565 441 1620 Si
454 1565 518 1636 atii,
535 1563 630 1636 inquit
653 1562 821 1636 Apostolus,
846 1579 922 1618 reue·
977 1560 1335 1633 torem‚·cuipropeccato
1365 1576 1471 1616 nomen
1500 1560 1666 1633 imponens,
1691 1558 1718 1618 Sl

102 1650 190 1708 lotum
203 1654 288 1724 suerit
302 1653 418 1721 aedmti,
429 1655 507 1724 prior
519 1655 638 1724 toceottl
656 1652 716 1708 Cor.
732 1653 800 1725 ιιι).
816 1652 923 1724 ιιιιιιιιο
976 1649 1085 1721 inquit,
1101 1650 1242 1721 Chonoon,
1259 1653 1345 1706 ειιιοιι
1355 1651 1562 1722 inaniloquus
1572 1648 1718 1722 quidemt

100 1740 266 1797 ostenditur
281 1745 454 1814 potestatem
469 1741 578 1798 habere
592 1758 671 1810 eum,
696 1740 745 1813 qui
774 1740 922 1813 loquatur,
977 1737 1216 1795 constantissime
1224 1738 1718 1811 presbyterumpcocatoremaemen

100 1846 166 1885 cum
181 1829 250 1886 velit
263 1831 370 1898 dicere,
387 1834 416 1886 at
429 1847 498 1886 cum
508 1829 575 1886 volit
590 1833 699 1886 tacere.
714 1833 748 1885 lit
758 1830 794 1885 ad
804 1829 922 1886 Balaam
939 1843 1054 1922 Bnaan
1080 1825 1232 1898 appellans
1247 1830 1276 1882 et
1291 1842 1348 1882 nan
1358 1826 1436 1882 luda
1451 1828 1531 1899 (Dan.
1548 1827 1602 1899 ιιι).
1618 1825 1715 1899 Major

100 1927 235 1984 dicitur:
263 1930 452 1984 Verumtamen
477 1929 599 1997 vebum,
629 1929 702 2000 quod
719 1929 835 1985 immitto
851 1930 924 1983 ireos
979 1914 1196 1988 ⁰⁰¹1¹P⁸fflii⁰fl⁰
1210 1917 1274 1986 0j¹¹⁵
1291 1914 1432 1983 Ezfflhissb
1450 1932 1508 1971 11011
1537 1913 1590 1971 uni
1618 1913 1718 1990 Plfflbi

100 2017 188 2087 tuum,
204 2015 253 2071 hoe
266 2015 379 2071 observo
402 2016 577 2088 toqui(llum.
594 2023 687 2088 xant:
715 2015 800 2088 quasi
828 2020 924 2087 potes·
979 2012 1377 2085 nequeduobushominibus
1390 2012 1574 2069 nativitatem
1583 2011 1718 2084 objicient

100 2102 331 2160 tatemhabentc
346 2120 389 2168 eo,
417 2109 450 2160 ut
476 2107 594 2176 accepto
616 2106 704 2161 verbo
732 2104 792 2173 Dei,
817 2104 925 2160 diceret
978 2100 1176 2173 tumeliosam,
1192 2102 1255 2172 sed,
1271 2101 1371 2170 Rodia,
1400 2101 1550 2175 inquiens,
1578 2109 1637 2173 tuo,
1659 2116 1718 2174 para

101 2208 153 2248 sau
162 2195 281 2248 taceret.
296 2191 370 2255 Ouid
384 2197 518 2263 estergo,
535 2194 613 2265 quod
630 2193 659 2249 in
672 2191 821 2250 Ezechiele
833 2191 926 2249 admi·
979 2193 1026 2246 tao
1036 2190 1068 2246 de
1082 2195 1157 2247 terro
1172 2190 1313 2247 dhonene.
1329 2193 1412 2246 Pater
1424 2198 1488 2246 tuas
1502 2190 1690 2261 amorrhaeus,
1706 2207 1718 2248 e

101 2296 150 2336 ror
163 2280 177 2335 ι
191 2280 340 2346 Quianam
356 2281 380 2336 oi
395 2280 500 2337 fuisset
513 2281 747 2353 imperatum,ut
756 2285 922 2349 testaretur,
978 2283 1020 2334 ter
1031 2282 1080 2335 too
1096 2278 1299 2343 cotteanum
1312 2279 1476 2335 Jerusalem
1492 2279 1718 2353 multapeooata

101 2372 130 2425 et
144 2373 228 2425 notae
244 2368 352 2426 iaceret
362 2369 525 2426 Jerusalem
538 2370 708 2443 iniquitates
719 2372 793 2444 ejus,
804 2388 862 2427 non
873 2387 924 2443 po·
979 2367 1071 2436 misit,
1099 2367 1164 2424 ideo
1185 2366 1341 2441 increpans
1363 2367 1445 2424 illam
1473 2368 1626 2441 propheta,
1656 2384 1718 2427 nou

101 2457 162 2513 suit
175 2461 242 2514 ante
256 2456 356 2515 oculos
370 2459 435 2531 ejus
452 2457 624 2532 periculum,
642 2461 720 2533 quod
735 2477 770 2516 ex
784 2460 922 2532 praedica-
979 2456 1213 2528 nequeduobus‚
1236 2457 1286 2512 sed
1315 2456 1412 2513 tribus
1441 2456 1610 2514 nominibus
1635 2456 1718 2532 insig

100 2545 179 2603 tione
194 2550 256 2603 erat
270 2551 459 2617 secuturum
475 2549 525 2604 sed
543 2552 577 2605 ut
591 2549 640 2605 Dei
655 2554 771 2605 tantum
781 2554 925 2622 precepta
978 2546 1094 2618 Septem
1105 2545 1135 2600 iu
1151 2544 1256 2602 Genesi
1270 2548 1618 2618 gentesenumerentura
1632 2544 1718 2605 Deoiv

100 2639 240 2708 servaret,
257 2635 374 2693 locutus
389 2640 434 2692 est
447 2653 641 2710 quacumque
657 2638 736 2695 tm
764 2637 922 2694 mandavit.
978 2632 1051 2700 loco,
1064 2650 1151 2706 quem
1165 2633 1287 2691 tradidit
1301 2633 1368 2690 tiliis
1383 2633 1482 2690 lsrael.
1494 2634 1610 2707 Septem
1629 2638 1718 2693 auton

100 2730 179 2795 iloto,
195 2725 234 2781 sit
249 2724 433 2797 mysterium,
449 2724 493 2789 sit,
513 2724 649 2783 revelatio
674 2733 792 2783 sacrata
816 2723 923 2781 intelli·
978 2725 1056 2789 sunt,
1069 2722 1101 2777 ln
1115 2731 1228 2789 errem,
1244 2722 1718 2795 inquit,Clvononaeorom,etAmon

101 2814 204 2885 gentis
220 2813 256 2869 de
270 2811 445 2881 Jerusalem,
455 2816 484 2869 et
496 2812 543 2868 his
553 2830 746 2886 quacumque
756 2829 845 2886 super
858 2830 923 2869 eam
978 2827 1051 2882 rum,
1067 2818 1093 2867 et
1106 2811 1287 2879 Cetbaeorum,
1304 2811 1595 2881 aeternaequae
1607 2817 1718 2871 Eoaeon

102 2901 224 2957 dicuntu
235 2905 390 2967 esttamen
400 2900 827 2973 prophetassetfornicationis
841 2900 921 2957 illam
978 2900 1188 2972 Gerpeaaeorum,
1202 2910 1231 2957 et
1244 2901 1443 2959 tarseorum.
1460 2901 1490 2958 Si
1507 2900 1718 2975 possibileluis

102 2987 210 3060 arguit,
225 2987 295 3059 quia
309 2987 510 3044 divaricaverit
528 2991 616 3060 pedes
631 3005 701 3045 suos
725 2989 805 3046 omni
827 2994 922 3046 trans·
977 2992 1088 3060 septem
1105 2989 1177 3046 istas
1192 3005 1379 3062 congregare,
1395 2994 1429 3045 ut
1438 3005 1491 3062 per
1506 3004 1556 3046 eas
1585 2988 1718 3062 ignobilit

102 3077 195 3147 eunti,
212 3080 241 3132 et
257 3074 399 3133 maledica
413 3092 481 3132 voce
492 3080 626 3149 testatur,
647 3077 802 3150 increpans
830 3077 922 3134 scela-
977 3077 1149 3151 peccatricis
1162 3077 1324 3134 Jerusalem
1340 3079 1538 3152 exprobraret,
1554 3078 1672 3136 lecisset
1700 3096 1719 3136 u

105 3183 171 3222 rum
188 3164 345 3221 civitatem.
360 3165 415 3220 Sed
428 3164 498 3237 quia
513 3166 678 3222 confidebat
693 3166 743 3223 Dei
771 3181 803 3223 sa
830 3168 923 3223 lacere
979 3167 1130 3240 propheta.
1147 3167 1229 3223 Nunc
1243 3183 1311 3223 vero
1326 3167 1394 3238 quid
1405 3167 1718 3226 lecit‘ldmorrhaeumv

101 3253 294 3322 voluntatem,
311 3257 431 3323 paratus
446 3257 476 3310 et
489 3255 564 3310 mori
579 3259 609 3311 et
623 3255 728 3324 vivere,
746 3217 958 3328 loquebaturC
977 3271 1012 3313 ex
1022 3258 1145 3328 septem,
1161 3259 1189 3312 et
1199 3255 1407 3326 Chananaeum,
1423 3260 1452 3313 et
1469 3256 1510 3313 ait
1534 3256 1640 3315 habere
1665 3270 1718 3316 οοιι

101 3342 275 3415 intrepidus.
293 3341 453 3399 Videamus
468 3359 536 3416 ergo
551 3343 646 3417 ipsam
675 3343 867 3417 prophetiam,
895 3346 925 3399 et
978 3344 1094 3401 aionem
1110 3344 1300 3416 peccatricem
1315 3344 1489 3413 Jerusalem,
1501 3344 1610 3419 quippe
1624 3345 1663 3402 ad
1687 3345 1718 3403 ul

101 3430 196 3506 primo
210 3430 340 3504 quidem,
351 3431 499 3503 quomodo
515 3431 545 3486 in
568 3435 711 3504 potestate
730 3431 768 3488 sit
794 3431 922 3504 positum
978 3450 1084 3502 naeum,
1097 3433 1332 3506 juxtaradicem,
1345 3437 1373 3490 et
1398 3434 1590 3506 nativitatem,
1620 3434 1718 3508 propri

101 3520 259 3594 propheta,
273 3523 374 3576 utrum
386 3520 465 3577 dicat
479 3537 516 3577 an
531 3537 599 3592 non,
609 3520 838 3578 consideremus.
850 3521 923 3577 Fac·
976 3520 1178 3579 Amorrhaeum
1194 3522 1356 3578 secuudum
1372 3522 1451 3579 ⁰86
1466 3527 1591 3595 patrem,
1619 3522 1718 3597 propri

100 3615 149 3666 tus
165 3614 210 3666 est
224 3625 320 3665 sermo
336 3608 453 3666 Domini
469 3608 694 3675 adeum,dicena
705 3625 712 3665 ε
724 3610 783 3667 Fili
792 3609 921 3679 beminis,
977 3620 1120 3676 oethaeam
1137 3619 1299 3677 „emmaum
1310 3624 1445 3676 matrem,
1461 3620 1491 3677 st
1507 3618 1718 3678 {alemanam

101 3707 671 3783 testificoreleruaoleminiquitatesejua,
688 3715 714 3763 et
742 3707 833 3764 dices:
863 3692 936 3762 llaec⁸
977 3709 1126 3780 dicuntur,
1142 3709 1325 3781 daqnatam
1341 3708 1473 3782 grandia,
1503 3712 1602 3766 ettam
1628 3707 1705 3767 mira

100 3797 319 3863 dicitDeminaa,
334 3813 391 3852 uon
407 3796 438 3852 iu
453 3797 627 3854 necessitate
649 3795 848 3869 aspirationis,
872 3797 923 3852 sed
978 3798 1086 3871 scripta
1102 3800 1252 3870 suntque
1265 3797 1290 3854 ei
1302 3801 1372 3853 suut
1382 3798 1572 3871 repromissa,
1584 3797 1653 3870 quid
1663 3796 1718 3855 luta

101 3884 132 3940 in
146 3884 294 3941 voluntate
310 3884 436 3941 dicentis
446 3885 588 3942 Dominus
601 3885 708 3958 posuit,
717 3885 923 3942 uttestilicare-
978 3892 1023 3944 est
1037 3888 1144 3944 misero
1156 3886 1239 3958 mihi,
1251 3887 1276 3942 si
1288 3903 1443 3959 peccavero
1452 3887 1467 3942 ι
1477 3886 1626 3953 Quismibi
1641 3885 1718 3961 erit}

102 3978 151 4030 tur
161 3974 196 4029 ad
206 3974 372 4030 Jerusalem
383 3973 553 4046 iniquitates
564 3976 638 4046 ejus,
650 3975 747 4031 etait:
761 3974 922 4038 iliceaouid
978 3980 1029 4032 aut
1042 3992 1106 4048 que
1117 3975 1188 4031 mibi
1205 3975 1487 4032 eritmater‘lTantae
1496 3974 1621 4048 talisque
1632 3974 1718 4035 derue

102 4061 550 4134 diceslllacquasequunturln
562 4063 924 4136 propbetaerataudiante,
977 4064 1071 4133 radix,
1087 4067 1116 4119 et
1130 4064 1278 4136 generatio
1293 4064 1329 4121 tle
1344 4069 1422 4120 tcrra
1447 4064 1689 4132 chananeorum,

102 4150 193 4206 dices:
210 4154 310 4205 utrum
325 4150 434 4207 diceret
449 4165 550 4220 necne,
568 4152 714 4223 quomodo
730 4151 786 4207 luit
795 4151 923 4225 positum
978 4153 1043 4224 ejus
1057 4152 1254 4217 Amorrhasus
1266 4157 1294 4207 et
1308 4153 1521 4209 materCethaea
1532 4153 1718 4226 nuncupatur

103 4239 134 4295 ιιι
148 4240 276 4296 tonaio
294 4243 437 4310 potestate
453 4240 561 4313 quippe
577 4240 641 4312 ejus
665 4245 728 4297 erat
756 4241 922 4297 audientis:
979 4240 1004 4298 si
1020 4255 1186 4314 peccavero,
1204 4240 1295 4313 quiin
1311 4240 1426 4297 Christo
1440 4242 1616 4309 lesucredo,
1626 4242 1717 4298 attan

103 4328 163 4396 liic,
178 4328 267 4384 adhuc
283 4332 339 4385 tres
353 4328 421 4401 dies,
436 4332 463 4385 et
474 4330 584 4385 Nicives
597 4328 769 4385 subvertetur
783 4330 854 4401 (ton.
871 4329 923 4402 ιιι),
979 4328 1120 4402 magistro
1135 4329 1325 4402 tradidi‚quis
1345 4329 1418 4385 mihi
1433 4331 1552 4386 tuturus
1566 4327 1718 4402 estpotert

104 4416 128 4474 si
141 4416 213 4488 velit
226 4418 332 4490 dicere,
347 4416 391 4475 vel
407 4422 512 4475 tacere.
529 4417 563 4473 lit
577 4417 648 4490 quia
661 4418 692 4474 in
716 4417 836 4475 arbitrio
860 4418 925 4491 ejus
980 4417 1082 4489 utique
1097 4417 1294 4490 amorrheus,
1310 4418 1361 4474 sed
1371 4417 1618 4491 nequiorquidam
1630 4420 1718 4491 pater⁴

104 4506 235 4579 positum
251 4511 324 4575 erat,
340 4511 369 4564 et
378 4506 472 4563 noluit
481 4506 845 4579 dicere,videquantaeum
856 4510 926 4564 sunt
980 4506 1089 4563 eatiste
1100 4506 1232 4576 ionicis,
1248 4507 1297 4578 qui
1308 4509 1453 4578 peecatum
1466 4508 1544 4579 facit,
1557 4521 1592 4562 ac
1603 4504 1716 4565 dotato

103 4600 265 4652 consecuta
279 4600 400 4669 postea:
416 4594 928 4670 periclitataestnavisproptereum,
944 4586 968 4651 tl
983 4599 1040 4652 est:
1057 4595 1093 4650 ut
1108 4593 1236 4651 iterum:
1256 4597 1302 4652 Vos
1316 4612 1352 4652 ex
1366 4604 1443 4668 patre
1458 4595 1565 4652 diabolo
1577 4595 1644 4652 eatis
1658 4592 1681 4667 (Ι
1702 4594 1718 4653 t

104 4684 180 4741 sorte
195 4689 329 4758 repertus
344 4688 389 4741 est
402 4684 508 4751 latens,
524 4689 606 4741 cetus
617 4685 763 4741 devoravit
771 4685 929 4758 abjectum.
985 4693 1015 4749 si
1025 4692 1117 4766 igitur
1129 4691 1291 4749 Jerusalem
1303 4693 1409 4750 dieitur
1419 4694 1455 4750 da
1470 4693 1577 4762 radies,
1601 4695 1631 4750 et
1658 4690 1718 4750 nati

107 4783 141 4839 lli
159 4799 228 4856 ergo
243 4782 401 4857 propheta,
417 4783 596 4856 quicumque
610 4783 790 4856 postlonam
800 4782 930 4852 luerunt,
985 4785 1069 4838 terra
1079 4781 1260 4850 Chonacara,
1273 4781 1345 4854 quid
1360 4781 1605 4839 diceturadnos‘l
1617 4779 1718 4838 inveni

105 4871 329 4929 considerantes
344 4871 466 4929 forsitan
495 4888 538 4944 ea,
569 4889 633 4944 qna
655 4876 798 4928 venerunt
818 4871 855 4940 ei,
872 4872 932 4928 sive
985 4874 1014 4927 et
1030 4870 1113 4926 nobis
1128 4874 1237 4944 patres,
1254 4872 1305 4944 qui
1316 4888 1369 4928 nos
1379 4875 1520 4944 generant
1547 4870 1579 4927 in
1608 4868 1718 4944 peceati

108 4959 174 5015 aliis
191 4959 342 5032 prophetis
355 4979 362 5017 :
377 4961 454 5018 ⁰85
470 4960 610 5017 videbant
623 4960 763 5032 quoniam
789 4978 824 5017 ex
851 4959 932 5017 omni
986 4959 1065 5015 enim
1080 4959 1105 5015 si
1121 4960 1216 5016 bonus
1229 4960 1320 5028 luero,
1331 4964 1359 5016 et
1373 4960 1403 5016 iu
1419 4959 1530 5034 optimo
1541 4963 1608 5016 actu
1618 4956 1718 5017 constit

109 5052 189 5120 perte
206 5048 600 5122 ungustiaeeisimminebant
611 5049 931 5106 :secundumsaeculum
986 5048 1056 5104 dicit
1068 5048 1139 5103 mihi
1151 5048 1220 5105 iesu
1235 5066 1241 5104 :
1257 5049 1321 5120 Fili,
1345 5048 1526 5105 dimittuntur
1552 5049 1604 5105 tihi
1623 5050 1718 5122 peccet

108 5137 283 5209 persecutio,
299 5137 326 5193 si
340 5138 470 5194 dicerent
483 5154 570 5193 vcra:
587 5137 750 5194 secundum
773 5138 931 5195 Dominum
1002 5138 1104 5195 Matth.
1116 5138 1170 5210 nul:
1186 5136 1257 5194 dicit
1271 5137 1343 5193 mihi
1355 5137 1463 5194 Paulus
1477 5136 1640 5211 discipulus
1654 5137 1718 5194 lesu

107 5225 231 5297 olicnsa,
248 5224 272 5280 si
289 5226 426 5282 timentes
441 5225 589 5295 homines,
604 5227 769 5300 proterrent
792 5225 866 5283 lalsa
880 5243 933 5299 pro
987 5227 1099 5285 cbristo
1114 5228 1258 5284 caiimteau
1270 5243 1320 5299 per
1330 5227 1510 5296 Evenqelium
1523 5242 1586 5299 erqo
1599 5241 1645 5282 voa
1667 5240 1718 5299 qen

106 5314 192 5369 veris.
206 5315 318 5371 Idcirco
327 5314 553 5371 testificatusest
563 5315 704 5388 Ezechiel,
715 5320 745 5372 et
756 5319 841 5373 notas
866 5315 934 5373 lecit
988 5316 1014 5372 si
1030 5317 1127 5373 lactus
1142 5317 1223 5373 luero
1238 5319 1534 5388 pcccator,geuerans
1561 5331 1607 5372 me
1634 5313 1665 5371 in
1683 5329 1718 5387 pe

106 5401 271 5458 Jerusalem
283 5402 454 5475 iniquitates
468 5404 544 5476 ejus,
558 5408 586 5460 ot
600 5404 691 5461 dixit:
708 5407 771 5461 llaec
783 5400 849 5461 dicit
877 5409 932 5461 Do·
989 5403 1137 5473 diabolus,
1153 5411 1182 5463 et
1192 5419 1348 5461 assumens
1359 5403 1414 5460 sibi
1430 5422 1494 5461 eam
1510 5420 1620 5475 vocem,
1649 5417 1710 5475 qua

107 5491 220 5546 minna:
237 5491 329 5547 Radia
340 5497 391 5546 tuo
407 5501 433 5546 ct
445 5493 586 5563 pancratio
603 5498 649 5548 tuo
663 5493 778 5550 deterre
792 5492 933 5562 cuman,
990 5494 1064 5551 Deus
1079 5495 1116 5550 ad
1131 5493 1311 5551 Salvatorem
1327 5492 1502 5563 locutusest,
1518 5492 1589 5549 dicit
1603 5490 1718 5549 adme:

110 5578 195 5634 Pater
209 5585 272 5634 tues
287 5580 461 5637 ammireus
475 5588 501 5637 et
514 5583 603 5637 meter
617 5592 665 5639 tue
678 5583 787 5641 datheo.
803 5581 871 5647 Oua
889 5582 934 5638 ci·
988 5599 1065 5641 meua
1080 5600 1110 5641 ea
1124 5592 1154 5642 tu
1167 5583 1308 5657 epotodie
1320 5585 1442 5654 pensita
1455 5582 1541 5656 (Paul.
1556 5581 1605 5655 ιι).
1620 5579 1656 5638 ut
1682 5577 1718 5638 eli

112 5664 237 5727 vitatum
250 5665 293 5726 sic
306 5666 364 5727 fuit
377 5667 498 5743 elevata,
514 5673 544 5726 et
557 5669 651 5730 altum
658 5671 758 5748 sepult
769 5671 935 5749 inmundo,
989 5675 1050 5733 ιοιιι
1065 5672 1165 5748 plures
1182 5676 1290 5749 patres
1310 5673 1372 5731 mai
1393 5676 1491 5746 erunt,
1506 5671 1544 5732 ad
1558 5668 1718 5745 quarens
