3840 6098
362 385 737 451 COMMENTARIORUM
758 385 798 449 ΙΝ
819 382 927 448 AMOS
949 386 1024 449 ule.
1047 384 1086 448 ΙΙ.
1110 387 1197 448 GAP.
1221 388 1259 452 V.
1582 383 1662 449 {038

81 515 195 574 tinleris
209 522 377 590 comparata
391 520 424 575 tit
435 520 545 577 melior.
564 525 627 576 Hac
642 520 779 591 dicimus,
795 522 823 587 Α
837 519 884 573 tiae
899 517 1024 591 septimo
1039 534 1161 576 numero
1176 519 1396 592 conquiescant.
1410 516 1540 591 Denique
1550 521 1579 573 et
1593 534 1661 591 cap·

81 605 175 678 ijuxta
187 610 326 663 novatum
342 607 482 664 tollamus
494 626 576 681 spem
593 607 779 682 paenitentias,
837 606 933 662 tivitas
948 607 1048 681 populi
1063 608 1163 676 lsrael,
1184 607 1347 682 templique
1362 605 1522 674 subversio,
1543 610 1661 679 septua-

96 694 261 752 timidiores
277 697 418 753 iaciamus
433 714 492 769 eos,
508 698 658 754 etidcirco
673 696 780 754 sollici·
835 694 946 767 gesimo
974 712 1050 754 anno
1078 697 1266 754 desolationis
1282 697 1402 770 impleta
1415 701 1469 764 est,
1495 702 1523 752 at
1547 699 1660 768 septam

94 788 195 856 aperta
210 786 299 856 janua
313 786 499 859 paenitentia,
515 788 587 843 dum
603 790 723 859 sperant
733 787 781 842 lu·
836 789 915 839 astra
925 786 1009 855 juxta
1022 802 1178 842 numerum
1195 787 1308 843 dierum
1321 784 1506 858 dicuuturle)
1519 783 1659 841 errantia.

81 871 173 927 trdunt
188 874 352 945 praesentia,
369 879 398 930 et
413 874 463 948 qui
479 876 589 949 absque
600 875 718 931 vulnere
729 892 779 948 po·
835 873 874 928 De
890 875 975 945 cujus
991 874 1105 931 numeri
1120 875 1312 932 sacramentis
1333 875 1364 931 in
1385 874 1529 947 Scipionis
1548 871 1662 930 somnio

81 975 238 1025 armanore,
252 963 361 1018 incauti
373 964 478 1020 vulnus
491 964 649 1037 accipiunt,
662 968 694 1020 ut
704 968 780 1037 post
834 962 951 1034 plenius
967 968 1066 1020 narrat
1081 963 1195 1020 Tullius
1213 981 1219 1019 :
1242 968 1270 1021 et
1284 963 1515 1021 obscurissimus
1529 961 1661 1019 Platonis

81 1064 99 1105 a
113 1049 288 1105 crucientur.
313 1052 408 1107 Multa
432 1054 601 1109 mansiones
616 1058 686 1110 suut
701 1053 779 1125 apud
832 1051 960 1107 vinens
971 1051 1006 1125 (s)
1020 1051 1094 1109 liber
1104 1057 1157 1121 est,
1172 1054 1222 1125 qui
1236 1069 1272 1109 ne
1284 1052 1429 1110 Ciceronis
1443 1051 1562 1125 quidem
1572 1065 1661 1107 aureo

81 1153 179 1194 meum
195 1141 285 1210 (loon.
299 1141 371 1212 xrv),
383 1145 412 1197 et
422 1140 508 1198 stella
518 1160 535 1198 a
545 1142 630 1198 stella
643 1142 739 1198 differt
748 1141 779 1198 in
834 1156 883 1196 ore
898 1142 935 1212 lq)
951 1141 983 1197 stt
993 1139 1117 1213 planior.
1129 1142 1212 1198 Sicut
1222 1142 1312 1216 igitur
1322 1140 1508 1215 septenarius
1519 1155 1661 1196 numerus

81 1243 101 1282 r:
119 1225 160 1282 ita
175 1232 203 1283 et
219 1229 392 1286 resurrectio
408 1239 589 1286 mortuorum
604 1232 626 1300 (Ι
640 1230 702 1288 Cor.
713 1231 777 1304 xv):
834 1227 922 1284 habet
937 1234 1154 1286 sacramentum
1179 1248 1278 1296 snum,
1303 1230 1345 1286 sic
1360 1229 1558 1286 sanctificatus
1574 1231 1661 1299 atque

81 1315 298 1387 splendentibus
310 1318 386 1373 sicut
396 1319 439 1374 sol
451 1318 569 1386 etluna,
581 1335 684 1393 vesper
696 1325 723 1376 et
733 1318 778 1374 lu·
834 1318 989 1388 perlectus,
1004 1323 1033 1374 et
1049 1322 1081 1375 ut
1096 1319 1136 1374 ita
1150 1319 1258 1386 dicam,
1274 1336 1360 1375 verus
1374 1323 1419 1375 est
1435 1334 1586 1385 numerus,
1610 1312 1663 1387 qui

83 1403 198 1461 iautem
208 1411 275 1478 post
283 1413 433 1479 peccatum
443 1408 554 1479 egerint
564 1409 777 1482 paenitentiam,
834 1406 942 1463 unione
953 1407 1104 1476 retinetur,
1112 1412 1140 1464 et
1152 1408 1240 1465 unius
1251 1408 1299 1464 Dei
1314 1409 1466 1480 majestate
1476 1403 1662 1463 concluditur

81 1495 777 1570 versitatemeritorumstellisaliisaequabuutur.
834 1495 888 1566 [Al.
905 1495 1086 1569 recluditurl.
1103 1497 1184 1554 Unde
1199 1497 1271 1552 dicit
1284 1496 1393 1554 Filius:
1412 1498 1466 1568 Epo
1482 1498 1513 1552 in
1527 1497 1619 1563 Patre,
1634 1496 1662 1551 el

97 1581 137 1654 3.)
160 1582 228 1650 Quia
253 1584 312 1640 laec
329 1584 396 1640 dicit
411 1585 542 1641 Dominus
556 1587 647 1642 Deus:
664 1587 731 1643 Urbs
745 1586 779 1642 de
833 1586 915 1641 Peter
925 1588 953 1640 in
964 1601 1008 1642 nae
1022 1585 1116 1659 (Jecur.
1131 1604 1189 1654 xiv,
1200 1587 1244 1658 11)
1257 1604 1263 1642 :
1281 1586 1441 1658 volensque
1452 1600 1554 1642 omnes
1566 1597 1660 1640 unum

81 1669 224 1727 lietenlur
234 1673 320 1738 tuille,
334 1674 525 1746 relinquentur
536 1677 566 1730 in
579 1692 609 1731 co
621 1679 739 1741 centurn,
750 1678 776 1732 et
832 1690 896 1730 esse
912 1691 980 1730 cum
994 1673 1090 1742 Patre,
1104 1673 1235 1747 loquitur
1249 1675 1285 1729 ad
1301 1690 1369 1730 eum
1382 1693 1388 1729 :
1403 1675 1496 1744 Pater,
1507 1673 1553 1741 do,
1567 1673 1660 1728 ulsia-

81 1759 264 1815 rrctlielrontur
273 1765 391 1830 centurn,
403 1764 594 1835 relinquentur
605 1766 635 1819 in
644 1781 676 1821 ea
686 1764 778 1820 decem
830 1766 861 1817 ul
874 1778 922 1832 eqo
936 1766 962 1818 ct
975 1766 1006 1818 lu
1021 1780 1108 1819 uuum
1121 1779 1225 1830 sumus,
1235 1765 1275 1819 sie
1285 1765 1311 1819 el
1321 1764 1368 1818 isli
1379 1765 1410 1818 in
1419 1763 1497 1819 nolis
1507 1763 1662 1818 unumsinl

81 1867 83 1891 ι
107 1847 191 1903 lnocl
207 1848 246 1919 (b)
273 1849 342 1904 LXX
367 1850 511 1907 similiter.
537 1851 647 1908 Causas
667 1852 776 1925 quibus
791 1895 815 1959 Β
831 1850 913 1919 (tlte.
929 1868 998 1921 xvn,
1020 1852 1076 1923 21).
1102 1850 1200 1908 Prima
1224 1867 1292 1926 crgo
1316 1851 1465 1908 beatitudo
1490 1855 1535 1907 est
1550 1865 1615 1907 asse
1629 1850 1660 1905 iu

83 1936 158 1992 srael
174 1953 312 1993 corruens
329 1954 385 1993 nou
401 1944 545 2013 resurgat,
558 1945 586 1996 et
597 1940 677 2013 virgo
688 1940 776 1997 lsrael
832 1939 927 2011 primo
943 1956 1076 2008 numero,
1103 1940 1152 2013 qui
1173 1957 1250 1996 unus
1267 1944 1296 1996 ct
1308 1957 1393 1997 verua
1409 1944 1471 2009 est;
1485 1939 1616 2004 secunda
1629 1938 1661 1996 in

81 2022 120 2080 vel
136 2026 265 2097 projecta
280 2026 309 2081 in
325 2032 444 2096 terram,
473 2045 530 2084 uon
555 2030 660 2086 habeat
682 2028 777 2086 susci·
832 2029 971 2100 secundo,
997 2029 1027 2084 id
1048 2033 1102 2101 ost,
1118 2029 1148 2085 in
1164 2029 1288 2097 decade;
1304 2030 1389 2086 tertia
1402 2029 1434 2085 in
1448 2028 1545 2096 terlio,
1560 2027 1590 2083 id
1606 2029 1661 2097 est,

86 2112 182 2171 reddit
199 2131 294 2172 sermo
310 2116 448 2173 divinus:
467 2119 545 2188 Urbs,
571 2119 717 2191 inquiens,
744 2120 778 2177 de
832 2117 862 2172 in
877 2117 1080 2174 hecatontade.
1105 2118 1186 2175 Sicut
1209 2119 1287 2177 enirn
1312 2120 1398 2175 decas
1422 2117 1537 2175 decima
1551 2116 1661 2180 unione

81 2201 329 2273 dulanturmille,
345 2205 541 2278 relinquentur
556 2210 775 2264 innocentum:
832 2206 1005 2278 completur,
1039 2207 1081 2263 sic
1109 2207 1280 2265 hecatontas
1308 2224 1343 2264 ex
1372 2208 1472 2263 decern
1501 2206 1662 2263 decadibus

81 2293 314 2361 regrediebantur
331 2301 452 2363 centurn,
477 2298 669 2369 relinquentur
691 2300 721 2353 in
744 2314 778 2353 ea
833 2294 967 2351 struitur.
992 2295 1118 2361 Quartus
1144 2313 1295 2368 numerus,
1321 2295 1398 2353 28AE
1422 2295 1472 2369 qui
1495 2293 1661 2351 millenario

81 2379 179 2436 rdomo
194 2384 299 2439 lsrael:
316 2388 349 2438 ut
364 2384 415 2440 uhi
431 2385 579 2457 quondam
596 2386 690 2442 lucrat
706 2386 778 2442 mul·
833 2383 1008 2456 continetur,
1023 2384 1059 2440 de
1073 2384 1173 2441 decem
1189 2388 1305 2441 constal
1319 2383 1573 2440 hecatontadibus.
1588 2385 1660 2439 Cum

81 2472 191 2541 propter
214 2470 333 2527 nimiam
348 2473 527 2546 vastitatem,
543 2475 590 2530 vix
604 2475 717 2530 decima
732 2492 778 2531 ro·
833 2471 923 2544 igitur
937 2472 1003 2544 quis
1017 2471 1108 2545 egerit
1132 2473 1343 2547 penitentiam,
1373 2473 1409 2529 de
1438 2470 1602 2527 millenario
1632 2474 1662 2527 et

83 2573 160 2630 pars.
186 2559 221 2614 tet
236 2575 271 2614 ne
286 2561 406 2616 omuino
425 2562 567 2620 herentes
590 2563 705 2632 litterae,
731 2580 777 2619 sa·
834 2564 937 2632 quarto
966 2577 1089 2619 numero
1111 2561 1158 2617 vix
1182 2560 1336 2619 revertitur
1357 2561 1393 2617 ad
1416 2558 1616 2617 centenarium
1632 2561 1661 2617 et

80 2662 104 2702 ‘a
117 2663 307 2703 numerorum
323 2649 524 2722 relinquamus
540 2652 670 2708 intacta:
687 2657 780 2724 septe·
833 2649 954 2706 tertium
980 2666 1146 2707 numerum.
1168 2651 1296 2717 Rursum
1313 2650 1363 2722 qui
1378 2650 1409 2706 in
1424 2647 1589 2706 centenario
1605 2649 1660 2715 ost,

94 2752 251 2792 numerum
272 2753 335 2794 esse
351 2745 496 2806 sanctum,
521 2741 608 2796 etiam
624 2741 779 2797 sabbatum
834 2739 880 2794 vix
894 2738 970 2794 redit
985 2740 1021 2795 ad
1044 2741 1206 2797 secundum
1234 2739 1333 2812 prima
1357 2739 1476 2795 decadis
1491 2752 1659 2804 numerum,

84 2824 114 2880 in
130 2841 187 2896 quo
203 2827 346 2897 requievit
359 2828 435 2884 Deus
447 2829 483 2883 ab
494 2830 779 2902 omuibusoperibus
834 2832 922 2900 atque
938 2827 980 2883 ita
1001 2827 1034 2882 iit
1050 2831 1082 2883 ut
1096 2827 1202 2884 domus
1216 2827 1305 2884 Israel
1329 2844 1392 2900 quae
1417 2829 1575 2894 corruerat,
1602 2841 1660 2881 non

81 2928 144 2970 aces.
170 2919 210 2982 11).
234 2919 268 2970 at
279 2916 364 2986 jubet
380 2917 499 2988 nequid
515 2917 545 2973 iu
559 2933 592 2974 eo
607 2919 704 2991 operis
719 2935 779 2974 ser·
835 2915 929 2988 possit
952 2931 1114 2989 resurgere,
1136 2920 1165 2972 et
1178 2916 1256 2988 virgo
1273 2915 1360 2972 lsrael
1376 2932 1439 2987 qua
1454 2918 1607 2984 erraverat,
1629 2911 1660 2970 iu

81 3017 94 3072 ·.,
111 3000 167 3057 nisi
178 3007 337 3058 eatantum
349 3021 412 3076 qum
423 3006 459 3061 ad
473 3007 602 3061 animam
616 3007 778 3079 pertinent:
833 3008 911 3061 terra
927 3021 984 3060 non
999 3004 1107 3061 babeat
1121 3005 1333 3061 suscitantem:
1349 3005 1420 3077 quia
1441 3003 1490 3076 qui
1512 3000 1603 3060 semel
1624 3000 1661 3057 ab

93 3105 127 3145 eo
141 3106 230 3146 oucra
245 3097 395 3163 portemus
416 3095 507 3166 (Num.
523 3099 571 3165 xv)
596 3095 678 3152 Unde
702 3095 778 3153 288
835 3095 942 3150 unione
957 3093 1135 3161 discesserit,
1159 3097 1188 3149 et
1205 3092 1287 3149 illam
1303 3093 1469 3165 purissimae
1483 3089 1661 3165 virginitatis

81 3176 208 3235 titudine
227 3182 277 3252 qui
299 3182 346 3238 dic
370 3183 483 3239 sabbati
509 3182 589 3257 ligna
612 3184 778 3258 collegerat,
836 3183 996 3256 perdiderit
1011 3181 1135 3255 gloriam
1159 3182 1206 3252 (de
1228 3199 1286 3255 qua
1300 3182 1457 3254 Apostolus
1481 3181 1574 3237 dicit:
1600 3179 1663 3237 Zelo

81 3284 138 3324 nra
159 3274 238 3336 sunt,
262 3271 407 3327 sententia
422 3273 536 3329 Domini
556 3275 778 3330 condemnatur.
795 3262 817 3329 C
836 3275 911 3329 enim
925 3288 972 3329 oos
986 3272 1044 3328 aeto
1060 3273 1120 3343 Dei,
1135 3279 1161 3328 et
1173 3274 1262 3328 stetui
1271 3288 1316 3327 voc
1330 3273 1381 3326 uui
1389 3273 1448 3327 viro
1458 3270 1593 3343 uirginem
1604 3284 1663 3326 eas·

81 3371 116 3412 tm
131 3355 330 3416 hebdomades
345 3361 493 3433 complent
507 3379 662 3419 numerum
674 3369 780 3421 sancte
834 3367 891 3418 lum
905 3362 1034 3418 exhibere
1048 3360 1152 3418 Christo
1167 3361 1203 3431 (ll
1219 3363 1279 3417 Cor.
1296 3364 1346 3429 ιι),
1363 3360 1392 3414 ἰιι
1404 3377 1463 3431 qua
1473 3376 1531 3414 uon
1542 3361 1660 3414 estma-

81 3449 161 3503 stes:
182 3451 209 3502 et
223 3448 239 3503 J
243 3448 365 3505 ubilaeus
386 3467 482 3505 annua
496 3452 680 3508 remissionis
694 3454 782 3509 luha·
835 3450 901 3507 cula
916 3467 1011 3524 neque
1025 3453 1120 3522 ruga),
1136 3448 1294 3522 pristinum
1304 3452 1413 3505 statum
1427 3446 1583 3503 etuniouia
1593 3445 1662 3503 hea-

96 3534 294 3608 clangentium
309 3538 362 3593 hoc
377 3556 499 3595 numero
515 3540 633 3597 texitur.
658 3543 691 3596 ln
714 3558 782 3614 sep·
837 3539 992 3595 titudinem
1004 3538 1132 3609 recipere
1143 3554 1200 3593 non
1211 3536 1332 3593 valebit:
1346 3534 1463 3592 etvixei
1476 3534 1661 3601 concedetur,

81 3638 172 3695 noque
196 3641 297 3681 mense
321 3626 453 3699 figuntur
471 3629 670 3697 tabernacula,
685 3633 714 3686 et
728 3630 781 3686 He·
837 3627 919 3683 uude
935 3626 1015 3683 mille
1027 3630 1188 3683 revertatur
1204 3626 1239 3682 ad
1255 3629 1383 3689 centum,
1400 3624 1480 3679 etde
1495 3620 1663 3679 centumad

81 3726 145 3768 enm
160 3729 210 3769 sex
225 3714 310 3770 anuis
321 3716 462 3783 servierit,
475 3735 551 3773 anno
566 3701 691 3791 septimo
702 3719 736 3791 (c)
747 3718 782 3774 li·
838 3716 938 3772 decem
967 3715 1075 3771 redeat.
1104 3714 1169 3770 Haec
1185 3713 1308 3770 breviter
1323 3729 1390 3769 sum
1404 3711 1533 3780 locutus,
1549 3725 1586 3766 ue
1600 3725 1663 3766 om·

81 3816 117 3855 rr.
143 3801 228 3856 Novit
251 3807 279 3858 et
302 3804 357 3859 hoc
380 3804 527 3861 secularis
542 3806 738 3879 philosophia,
756 3810 784 3862 et
838 3805 907 3861 uino
922 3804 951 3860 in
967 3804 1021 3861 hoe
1036 3802 1164 3876 capitulo
1181 3807 1299 3876 proptor
1321 3817 1512 3856 numerorum
1534 3795 1662 3855 diillcul·

81 3904 140 3945 rum
154 3890 234 3957 lihri,
245 3908 370 3963 quorum
380 3894 507 3950 Galenus
518 3895 732 3952 disertissimus
743 3905 785 3953 at·
837 3899 927 3950 tatem
942 3893 1052 3966 fugisse
1065 3893 1179 3949 viderer
1193 3890 1396 3965 tropologiam.

82 3977 341 4053 tissimosscripsit
350 3987 448 4039 ternos
460 3983 549 4041 libros
560 3985 599 4058 ld(
610 3985 723 4057 κρίσεων
738 3984 784 4039 καὶ
875 3983 967 4055 (Vera.
983 3983 1010 4054 l,
1025 3982 1066 4054 5.)
1090 3983 1161 4051 Quia
1184 3981 1246 4038 haee.
1264 3980 1332 4036 dicit
1351 3980 1481 4035 Dominus
1505 3977 1601 4034 domm
1622 3977 1666 4032 ls-

81 4069 157 4121 ιικῶν
174 4069 309 4143 inspiro„
327 4071 356 4127 in
372 4072 480 4143 quihus
495 4074 653 4146 septenarii
669 4074 784 4131 numeri
840 4072 916 4127 rael:
933 4072 1049 4143 quaerite
1061 4086 1115 4135 me,
1130 4075 1157 4126 et
1171 4071 1276 4139 vivetis,
1292 4076 1319 4125 et
1332 4068 1419 4124 nolite
1432 4063 1665 4140 quaerereltelltel,

82 4171 118 4213 ns
133 4159 306 4228 potentiam,
323 4160 545 4217 ardentissimas
556 4163 650 4219 febres
660 4163 786 4237 septimo
839 4165 866 4216 el
880 4162 910 4215 ia
925 4159 1038 4232 Galqclo
1051 4160 1137 4215 nolite
1160 4160 1275 4226 intrare,
1298 4161 1322 4214 el
1337 4160 1368 4214 in
1382 4158 1514 4214 Bersabee
1527 4173 1562 4212 nc
1576 4162 1667 4211 trans·

81 4243 120 4301 tvi
131 4245 179 4303 dio
190 4264 197 4302 :
209 4251 260 4303 aut
273 4246 297 4304 si
309 4252 390 4304 tanta
400 4248 532 4306 humoris
543 4252 621 4307 noxii
633 4256 661 4307 et
676 4252 786 4324 pituitae
841 4251 951 4305 ieritis:
968 4249 1097 4320 quoniam
1120 4247 1217 4320 [Vulg.
1234 4263 1288 4303 non
1313 4247 1478 4317 transibitis,
1502 4246 1576 4318 quio]
1602 4242 1668 4298 Gol-

81 4333 276 4407 ragnitudo,ut
287 4337 387 4408 primae
398 4337 590 4396 hebdomadis
600 4357 787 4413 nequaquam
841 4338 909 4411 polo
919 4339 1026 4409 captiuo
1035 4336 1192 4407 ducetur,el
1204 4337 1296 4393 Belhcl
1306 4337 1359 4392 erit
1367 4335 1486 4392 inutilis.
1496 4333 1567 4388 LXX
1579 4347 1587 4388 ι
1598 4332 1670 4400 Quia

96 4431 272 4497 consumpta
288 4425 336 4493 sit,
361 4427 496 4483 secunda
512 4429 704 4484 hebdomadis
719 4428 788 4485 ulti·
843 4428 904 4484 aar
917 4426 983 4482 dicit
998 4427 1130 4482 Dominus
1144 4425 1180 4481 od
1193 4425 1304 4482 domum
1324 4425 1427 4480 lsrael:
1444 4424 1561 4494 quaerite
1574 4435 1629 4490 me,
1644 4426 1670 4475 et

81 4515 241 4584 rspcctatur
264 4514 338 4583 dies,
366 4515 394 4570 id
420 4521 474 4585 est,
501 4523 622 4590 quartus
645 4517 787 4574 decimus.
842 4517 946 4587 vivetis,
964 4524 990 4571 et
1002 4515 1086 4570 nolite
1101 4529 1224 4585 quaerere
1237 4513 1343 4582 bethel,
1360 4520 1386 4568 et
1399 4513 1429 4567 in
1445 4508 1559 4581 lialqalo
1573 4523 1608 4563 ne
1622 4507 1669 4562 in·

81 4598 189 4669 ibono,
214 4605 247 4656 ut
262 4602 346 4672 juxta
360 4603 565 4676 Hippocratem
580 4605 694 4679 loquar,
710 4603 788 4666 νόσος
806 4630 828 4694 D
842 4605 1023 4677 gradiamini,
1032 4607 1060 4659 et
1071 4619 1154 4675 super
1161 4607 1278 4675 puteum
1282 4601 1438 4674 juramenti
1447 4614 1501 4654 non
1513 4595 1669 4666 transeatis,

87 4691 240 4745 transeunt
254 4691 289 4746 ad
305 4692 473 4749 vicesimam
489 4695 614 4766 primam
630 4694 719 4765 diem,
735 4694 790 4751 boc
843 4696 910 4765 quic
923 4693 1040 4762 Galqaln
1055 4694 1166 4764 captiuo
1180 4691 1306 4760 ducetur,
1324 4697 1350 4745 et
1360 4688 1451 4745 Bethel
1461 4689 1514 4743 erit
1525 4687 1672 4757 quasinen

81 4777 85 4832 l
114 4776 203 4833 linem
231 4779 322 4834 tertia
350 4780 565 4838 hebdomadis:
590 4782 631 4838 ita
655 4783 691 4839 ab
706 4783 790 4839 initio
844 4785 889 4838 sil.
913 4780 1002 4837 Moris
1026 4781 1080 4852 [tt.
1098 4784 1178 4852 moa]
1194 4784 1239 4836 est
1253 4777 1471 4851 scripturarum
1487 4789 1604 4846 semper
1618 4772 1669 4829 ad·

82 4863 188 4921 dicbus
203 4867 339 4936 conditis,
356 4873 388 4924 ut
399 4885 500 4927 omnes
516 4870 629 4928 labores
644 4877 673 4927 et
688 4872 791 4929 moles·
843 4869 935 4928 versis
958 4868 1024 4926 lata
1045 4869 1234 4942 subjungere,
1259 4872 1288 4924 et
1310 4870 1466 4939 postquam
1481 4862 1579 4920 tristia
1594 4861 1671 4920 Deus

81 5005 116 5045 uo
140 4990 264 5046 Palatini
285 5009 355 5049 mss.
379 4995 629 5065 quemadmodum
645 5000 673 5052 el
686 4996 717 5052 in
732 5014 790 5054 uno
846 4992 1016 5050 lacedomado
1030 5010 1082 5066 pro
1097 4994 1230 5049 errantia.
1653 5059 1659 5070 ι

81 5060 127 5118 ;ἰιιί
142 5078 159 5117 a
173 5062 295 5135 campio.
321 5065 506 5122 Martianmus
530 5066 649 5138 invenit,
673 5084 723 5139 pro
747 5069 790 5125 di·
882 5066 914 5137 (ί)
931 5065 1011 5121 idem
1027 5065 1068 5120 sic
1084 5064 1141 5138 legi
1154 5063 1226 5131 vult,
1251 5069 1280 5120 et
1298 5061 1522 5119 obscurrissimus
1544 5059 1673 5116 Platones

81 5148 93 5188 e
110 5133 310 5190 hereticorum.
849 5139 977 5204 linimus,
990 5137 1037 5208 qui
1051 5136 1123 5192 liber
1137 5152 1171 5192 ne
1186 5134 1325 5191 Ciceronis
1339 5133 1459 5207 quidem,
1476 5136 1531 5187 etc.

81 5204 161 5271 arba,
176 5207 240 5260 tlt
252 5208 393 5276 similiter,
406 5224 469 5279 qum
481 5209 510 5263 in
522 5209 649 5281 vulgatis
660 5210 790 5279 deerant,
882 5209 920 5279 (q)
935 5208 983 5263 Sic
999 5208 1111 5262 Praelat.
1128 5207 1158 5263 iu
1173 5206 1239 5262 libr.
1255 5224 1295 5261 xn
1310 5207 1339 5261 in
1356 5204 1475 5269 isaiam,
1486 5200 1672 5273 lieniqueiu·

81 5275 236 5332 sufficiunt.
848 5280 931 5352 quiit,
961 5280 1090 5336 Timaeum
1115 5279 1148 5334 de
1172 5277 1267 5334 Mundi
1295 5278 1451 5344 lrnnaoaio,
1480 5277 1686 5344 astrorumque¹

81 5348 195 5404 otoriua
206 5348 241 5403 ud
250 5347 431 5404 Florentiuoa
440 5349 635 5407 coddmaluit
645 5353 792 5408 liberatur.
846 5367 928 5406 cursu
942 5360 969 5405 et
982 5353 1104 5406 numeris
1120 5350 1315 5422 disputantem,
1338 5351 1394 5420 ipse
1408 5348 1457 5419 qui
1476 5348 1672 5428 interpretatus

81 5416 174 5475 idetur
187 5419 382 5492 praeponenda
393 5422 558 5493 praepositio
570 5423 720 5508 nept,utct
731 5423 794 5481 Vic·
848 5428 887 5478 est
913 5422 1026 5492 titilius,
1051 5438 1079 5478 se
1098 5438 1153 5478 non
1168 5421 1322 5491 iutelliqere
1335 5419 1487 5489 confitetur.
1513 5418 1594 5499 Quin·
1609 5429 1674 5488 ipss

81 5487 148 5558 itio,
174 5496 203 5547 ct
224 5492 286 5563 ipse
302 5490 416 5563 praefert
431 5494 495 5562 ejus
511 5493 577 5549 libri
594 5495 708 5552 titulus.
734 5498 793 5551 (2ae-
848 5493 935 5549 etiam
951 5491 1060 5560 Cicero,
1084 5509 1124 5548 vn
1139 5493 1174 5548 ad
1191 5492 1279 5546 Atlio.
1306 5491 1356 5546 13:
1374 5491 1502 5560 AEniqmo
1525 5488 1675 5560 Oppiorum

81 5566 272 5690 pppnptplpaettnpv
293 5563 322 5644 in
337 5561 404 5689 pillis
419 5561 501 5690 lihlpris
516 5577 560 5692 ppt
574 5567 733 5695 septclpatcv.b
847 5582 882 5694 px
900 5565 972 5694 l'elt'tbt
986 5564 1141 5697 monoplatte
1164 5564 1291 5622 intellexi
1303 5579 1314 5626 ,·
1329 5565 1369 5619 etl
1386 5563 1461 5621 enim
1473 5566 1588 5620 eleutero
1602 5559 1669 5620 Pto·

223 5650 322 5691 iussn
349 5651 356 5687 1
381 5650 420 5689 ris
462 5652 519 5692 rsce
545 5655 713 5696 anearumc
735 5653 794 5695 ser-
861 5652 920 5696 enta
938 5651 953 5693 e
970 5651 1043 5698 teuit
1061 5651 1086 5697 r.

81 5718 118 5767 tar
131 5701 184 5769 lib.
208 5719 251 5780 ru,
276 5721 341 5782 cap.
356 5705 384 5780 3,
407 5705 564 5784 tegendum
579 5710 628 5774 hio
643 5709 810 5775 contendit·
