3818 6104
167 273 228 343 099
794 276 825 338 S.
849 274 1003 342 uuscutt
1027 277 1247 343 etuuoutttt
1811 274 1865 347 'im

166 411 244 471 latur
256 411 270 467 i
284 410 342 485 Ego
357 410 472 469 altlrmo
485 410 578 468 ulium
589 410 717 470 bominis
727 427 795 470 eum
806 412 988 472 iuisseNam
1003 411 1032 479 Α
1045 429 1098 470 nos
1112 412 1271 471 lanuarias
1285 415 1482 487 nuncupatur,
1495 410 1679 488 baptismum
1695 410 1815 472 Domini
1829 414 1862 476 is·

166 503 875 575 quipassionesassumpsithumauas,necesseest
885 510 988 562 utanle
1042 508 1124 560 ctum
1140 520 1204 561 esse
1222 503 1492 577 cognoscimus‚qui
1509 508 1555 560 est
1568 503 1683 560 mensis
1698 507 1822 575 quadm
1834 507 1862 564 sb

164 592 694 665 passionemsusceperitnativitatem.
702 593 885 665 Nequeenim
894 596 988 667 potuit
1042 609 1117 650 anno
1127 610 1199 650 novo
1208 595 1293 666 juxta
1303 593 1540 665 supputationem
1551 593 1796 650 HebraeorumEt
1805 595 1863 668 quis

163 680 308 737 humanos
332 682 464 749 affectus,
480 683 576 750 verba,
602 683 839 749 consuetudines,
858 701 985 751 crucem,
1040 683 1076 738 de
1091 688 1217 755 quatuor
1231 682 1384 739 elementis
1400 682 1502 738 mundi
1516 681 1686 739 subsistens
1705 699 1861 756 corpusne

162 772 432 843 mortemrecipero,
442 771 465 827 si
482 788 539 826 uon
551 771 690 844 reciperet
699 772 892 829 humanitatis
902 789 985 830 exor-
1040 776 1217 844 sumpserat,
1234 772 1378 845 recipiens
1393 771 1482 828 etiam
1506 787 1613 827 sensus
1628 770 1793 838 humanos,
1808 773 1859 832 ideo

162 860 254 916 dium.
264 862 299 916 Et
313 877 495 933 consequens
510 860 764 928 erat,nativitatem
776 862 840 933 ejus
852 863 985 919 auferen-
1040 861 1162 917 forsitan
1178 865 1205 917 et
1221 861 1250 915 iu
1266 864 1370 932 quarto
1393 876 1504 930 mense,
1518 864 1548 915 et
1562 860 1636 916 set
1655 859 1688 916 in
1705 860 1811 933 quinto
1822 862 1859 919 die

162 954 215 1021 tes,
232 953 381 1006 auterrent
403 951 490 1006 etiam
509 950 687 1022 passionem,
704 955 732 1006 et
756 951 927 1022 simpliciter
941 953 984 1007 di·
1040 950 1149 1004 mensis
1166 953 1210 1023 est
1225 950 1349 1004 intuitus
1363 948 1516 1005 visionem.
1529 953 1562 1005 nt
1575 965 1623 1018 epo
1638 965 1720 1005 erum
1736 952 1769 1005 in
1782 951 1858 1009 mmm

160 1055 245 1094 cere:
267 1039 329 1094 Non
346 1043 391 1094 est
413 1038 571 1094 crucifixus
585 1038 681 1095 lesus.
697 1039 983 1097 Nuncverocrucem
1037 1039 1213 1109 captivitatis.
1243 1037 1364 1093 Videtur
1385 1037 1457 1092 mihi
1472 1037 1605 1094 ironicos
1617 1038 1735 1094 dictum
1752 1054 1761 1093 ε
1776 1040 1856 1110 Etepa

160 1127 317 1193 confiteris,
327 1132 355 1183 et
369 1145 425 1183 non
438 1127 597 1183 erubescis.
608 1128 717 1183 iudeis
729 1129 900 1184 scandalum
911 1146 983 1201 prae-
1038 1143 1113 1182 erum
1124 1127 1250 1182 innudio
1260 1126 1476 1198 captiuitatis.Et
1490 1142 1554 1199 ego,
1570 1125 1655 1199 quasi
1665 1125 1691 1182 si
1701 1120 1856 1200 dic'atjuxta

159 1217 240 1272 dicas
265 1217 446 1285 crucifixum,
463 1223 492 1273 et
506 1217 642 1289 gentibus
665 1216 819 1273 stultitiam
835 1218 858 1288 (1
874 1218 933 1274 Cor.
950 1220 982 1290 ι),
1037 1215 1190 1273 historiam
1203 1216 1322 1288 quidem
1339 1215 1523 1287 propbeta,et
1537 1231 1590 1288 ego
1606 1216 1657 1287 qui
1669 1232 1731 1273 nou
1747 1217 1856 1274 tenebar

158 1310 187 1363 et
199 1305 298 1362 minus
314 1306 485 1361 scandalum
502 1307 637 1377 passione
654 1306 697 1361 vel
714 1312 818 1372 morte,
835 1308 982 1364 erubescis
1036 1304 1065 1360 in
1082 1305 1208 1377 peccatis
1220 1302 1417 1377 populi,eram
1429 1305 1458 1359 in
1469 1303 1565 1359 medio
1580 1304 1856 1377 captivitatistjnxta

158 1395 338 1450 nativitatem
353 1395 417 1466 ejus
427 1394 569 1450 cantitari.
582 1394 727 1451 Nimirum
743 1396 842 1451 minus
853 1396 981 1453 scandali
1036 1392 1205 1466 allegoriam
1229 1398 1326 1448 autam
1351 1392 1495 1458 Christus,
1510 1397 1540 1448 et
1552 1408 1606 1465 ego
1630 1394 1697 1449 veni
1714 1394 1747 1450 in
1771 1393 1855 1451 locum

157 1487 211 1551 est,
227 1484 330 1539 iesum
355 1488 456 1539 nutum
482 1484 583 1551 luisse,
600 1500 689 1556 quam
716 1489 876 1551 mortuum,
892 1490 942 1541 aut
956 1487 980 1543 si
1035 1483 1222 1555 captivitatis,
1237 1484 1301 1539 veni
1317 1484 1353 1538 ad
1369 1498 1419 1539 cos
1434 1483 1519 1548 fines,
1530 1482 1581 1538 ubi
1597 1483 1683 1555 servi,
1696 1483 1750 1540 ubi
1761 1484 1855 1557 captivi

157 1571 329 1629 scandalum
345 1572 510 1628 Christiana
525 1573 597 1629 tides
614 1589 671 1628 uon
686 1577 811 1643 veretur,
828 1590 880 1629 cur
895 1574 981 1630 times
1035 1571 1349 1628 detinebantur.llabes
1363 1569 1703 1628 istiusmodiSalvatoris
1715 1573 1856 1630 nostrive

155 1661 251 1716 dicere
265 1661 390 1727 minora,
407 1661 457 1734 qui
474 1662 526 1733 [et.
544 1662 623 1734 quia]
640 1663 751 1733 majora
765 1679 856 1718 ausus
871 1680 902 1718 es
912 1680 980 1719 con·
1035 1677 1083 1716 ces
1093 1661 1123 1715 iu
1137 1659 1494 1733 Prophetis,iudiguantis,
1504 1659 1574 1732 quia
1584 1676 1643 1717 non
1654 1661 1855 1719 iaciamusbo·

156 1750 254 1806 literi‘?
267 1750 428 1806 Praesertim
440 1767 508 1806 cum
517 1750 654 1807 nativitas
668 1750 813 1806 illiusnon
825 1752 980 1809 exsemine
995 1785 1019 1849 B
1034 1750 1128 1805 mines
1143 1748 1233 1821 digna
1243 1749 1462 1821 dispensatione
1472 1750 1548 1821 ejus,
1558 1754 1588 1805 et
1601 1750 1731 1807 maxime
1742 1751 1855 1823 nos,qni

154 1839 219 1908 viri,
236 1844 264 1894 et
280 1838 412 1895 mulieris
431 1855 533 1894 somno
549 1839 731 1895 convenienti
745 1855 810 1894 esse
834 1840 978 1908 credatur,
1034 1838 1064 1894 in
1078 1855 1146 1895 eum
1161 1844 1299 1911 putamur
1325 1837 1452 1894 eredere.
1467 1838 1544 1894 Dicit
1558 1837 1669 1912 quippe
1682 1838 1721 1894 ad
1747 1839 1855 1896 Patrem

156 1928 205 1984 sed
215 1926 617 1999 juxtaprophetaeeloquium
628 1927 771 1983 dicentis:
787 1929 851 1983 Ecce
862 1931 939 1997 uirpo
950 1931 980 1985 in
1033 1944 1121 1985 suum
1138 1945 1144 1983 :
1162 1929 1226 1997 Quae
1240 1929 1351 1983 utilitas
1365 1929 1396 1983 in
1409 1929 1544 1999 sunpuinc
1558 1943 1628 1996 meo,
1643 1928 1712 1984 dum
1730 1928 1856 1985 mecedo

154 2020 232 2072 utere
255 2017 387 2088 concipiet
412 2025 438 2071 et
449 2018 539 2087 pariet
553 2017 655 2088 filium,
671 2025 697 2073 et
718 2017 859 2072 uocabitur
882 2034 978 2074 reomen
1033 2019 1297 2088 incorruptionem?
1311 2015 1451 2088 Numquid
1458 2015 1633 2076 confitebitur
1641 2016 1697 2072 tibi
1707 2017 1857 2089 peramant

154 2106 213 2173 eius
236 2105 398 2161 Emmanuel
422 2106 496 2176 (lsai.
516 2106 577 2177 vul.
594 2106 652 2161 Hoc
677 2105 754 2177 quod
780 2105 897 2171 dicitur,
912 2108 978 2161 Em·
1032 2106 1211 2161 annuntiabit
1240 2107 1381 2161 venialem
1408 2109 1485 2160 tuom
1508 2105 1594 2176 (Psoi.
1620 2105 1714 2176 xxix).
1741 2105 1854 2162 Invenio

153 2195 337 2264 manuet,n0n
354 2211 445 2249 uuum
462 2210 567 2250 nomen
584 2194 733 2259 sonat,sed
748 2209 808 2249 rem
821 2194 977 2267 signifieat.
1032 2210 1149 2267 quoque
1163 2199 1191 2250 et
1204 2194 1290 2250 aliam
1303 2193 1470 2250 istiusmodi
1480 2210 1591 2260 vocem,
1603 2209 1666 2265 que
1678 2210 1716 2250 ex
1731 2193 1855 2250 Satvrio

153 2283 333 2340 Adveniente
351 2284 459 2355 quippe
481 2285 563 2354 iesu,
580 2283 716 2354 dicimus,
731 2285 871 2340 nobiseum
886 2285 978 2340 Domi·
1032 2284 1170 2341 risnostri
1183 2283 1422 2356 personadicitur
1434 2299 1486 2355 per
1495 2282 1667 2355 prophetam
1678 2288 1855 2355 querentem

153 2389 215 2428 nus.
232 2371 294 2427 Nou
313 2372 421 2427 trustra
435 2388 503 2443 ergo
517 2373 547 2427 in
563 2371 715 2445 trigesimo
732 2389 809 2428 anuo
825 2372 979 2444 prophetat
1032 2373 1146 2429 animas
1157 2372 1260 2440 plenas
1271 2371 1516 2443 justitiae,plenas
1527 2371 1854 2440 sensuumdivinorum‚

152 2460 292 2517 Ezechiel.
309 2460 382 2516 Nam
396 2464 425 2516 et
438 2477 544 2516 nomen
556 2461 620 2532 ejus
637 2461 730 2533 ligura
746 2461 853 2516 Christi
868 2465 921 2518 est.
932 2463 977 2517 ln·
1031 2462 1132 2534 plenus
1148 2463 1316 2518 sanctorum
1326 2462 1523 2530 fructuum‚et
1537 2462 1718 2532 querentem
1731 2459 1856 2517 veritatis

152 2550 328 2620 terpretatur
344 2548 452 2620 quippe
477 2547 616 2613 Ezechiel,
633 2550 782 2616 imperium
798 2550 848 2604 Dei
864 2566 870 2604 :
887 2549 977 2619 impe·
1030 2567 1113 2607 veros
1128 2551 1237 2619 botros,
1247 2549 1299 2605 sed
1310 2549 1506 2605 invenientem
1521 2547 1667 2620 plurimos
1678 2552 1856 2621 peccatores,

151 2635 229 2692 rium
243 2640 340 2691 autem
353 2635 403 2691 Dei
415 2635 514 2690 nullus
526 2635 888 2692 estnisiChrislusJesus.
899 2636 976 2692 886
1030 2644 1059 2696 et
1083 2641 1226 2696 inferaces
1250 2640 1405 2705 bonorum,
1420 2642 1449 2694 et
1472 2638 1579 2694 idcirco
1606 2637 1754 2694 dicentem
1777 2654 1784 2694 :
1801 2643 1858 2695 lieu

153 2725 242 2780 Filius
265 2741 382 2796 quoque
405 2724 472 2780 liuzi
489 2724 637 2791 scribitur,
654 2725 732 2796 quod
758 2725 975 2796 interpretatur,
1028 2730 1109 2798 mibi,
1125 2731 1191 2803 quia
1212 2732 1299 2801 factus
1319 2745 1384 2784 sum
1397 2730 1468 2784 sicul
1491 2729 1539 2801 qui
1561 2728 1665 2798 collegit
1679 2728 1817 2800 stipulum
1829 2729 1857 2783 in

150 2815 326 2884 contemptus.
344 2813 373 2869 Si
400 2813 500 2868 venias
524 2813 559 2868 sd
581 2812 741 2881 hereticos,
757 2818 785 2868 et
799 2812 901 2869 audias
926 2830 976 2870 eos
1028 2834 1123 2886 messe,
1138 2823 1164 2874 et
1177 2820 1376 2875 sicutrucemos
1390 2818 1419 2872 ia
1434 2816 1581 2886 vindmia,
1592 2816 1628 2872 ad
1643 2832 1729 2887 quem
1744 2833 1855 2873 nonsu-

151 2905 332 2973 sperncntes,
349 2906 377 2956 et
400 2917 452 2973 pro
475 2900 568 2956 nihilo
592 2901 730 2956 ducentes
755 2901 930 2969 Creatorem,
947 2908 976 2959 et
1026 2910 1113 2979 persit
1133 2909 1226 2964 botrus
1240 2906 1513 2962 admanducandum
1533 2906 1690 2977 primitius.
1715 2906 1857 2962 lleumrbi

150 2991 272 3058 insuper
286 2990 373 3046 eliam
391 2990 590 3055 criminantes,
605 2990 718 3047 videbis
724 2992 810 3061 juxta
825 2990 891 3047 illos
906 3007 974 3047 con·
1029 2997 1125 3066 (Micb.
1140 2995 1200 3067 vn).
1218 2996 1299 3062 Quod
1316 2995 1495 3061 dicitur,beu
1508 2995 1588 3062 mibi,
1605 3010 1662 3051 non
1680 3001 1727 3050 est
1742 2993 1854 3068 pnimo-

148 3078 338 3150 temptissimi
349 3078 493 3134 Crantoris
502 3078 771 3135 FiliumDomiuum
783 3083 916 3136 nostrum
929 3081 976 3137 le«
1027 3085 1116 3159 geniti
1134 3084 1221 3140 totius
1237 3089 1386 3152 creatura,
1404 3101 1462 3140 uon
1485 3087 1532 3140 eat
1544 3081 1708 3140 divinitatis
1722 3100 1790 3153 ron,
1806 3084 1852 3140 sed

149 3183 215 3223 sum
230 3166 390 3224 Christum.
405 3167 486 3231 Quod
502 3167 526 3222 si
542 3167 610 3240 quis
624 3166 826 3237 reluctatur‚et
841 3184 897 3224 noo
910 3157 1008 3224 vultG
1026 3173 1162 3230 humana
1176 3173 1291 3240 anima,
1309 3189 1398 3245 quam
1413 3173 1550 3245 suscepit,
1567 3171 1645 3228 unde
1668 3172 1760 3228 infert
1777 3189 1784 3229 τ
1802 3175 1854 3229 ileu

147 3255 217 3322 bec,
235 3271 299 3326 quse
315 3255 515 3328 exposuimus,
531 3254 612 3327 quasi
629 3255 810 3328 prophetiam
832 3257 971 3329 recipere,
1026 3264 1106 3333 mibi,
1118 3264 1213 3318 animo
1227 3263 1464 3333 mea,quiaperiit
1477 3268 1613 3317 reumtens
1627 3277 1645 3316 a
1659 3268 1754 3319 terra:
1769 3265 1797 3318 et
1809 3265 1855 3334 qui

147 3360 275 3417 quaeram
292 3346 328 3401 ab
343 3361 376 3401 eo
391 3362 444 3401 cur
456 3344 598 3418 scriptum
614 3349 668 3409 est,
685 3345 714 3401 in
731 3344 881 3418 trigesimo
896 3364 973 3403 anno
1026 3352 1147 3422 corripui
1162 3353 1235 3406 inter
1255 3350 1378 3406 homines
1392 3366 1448 3405 nan
1470 3353 1520 3405 cst.
1537 3348 1645 3405 Omnes
1658 3347 1690 3404 in
1710 3351 1854 3423 sanguine

145 3434 210 3490 vita
226 3433 382 3491 Ezechielis
396 3439 511 3507 apertos
526 3434 617 3491 tuisse
632 3433 729 3502 coelos,
746 3440 775 3490 et
786 3434 893 3492 vidisse
904 3452 971 3492 eum
1021 3439 1204 3512 judicantur,
1219 3432 1425 3511 unusquisque
1436 3437 1601 3510 proximum
1613 3452 1702 3503 suum
1718 3437 1850 3495 tribulat.

145 3539 196 3581 eas
217 3523 354 3591 visiones,
371 3541 434 3596 qua·
450 3524 480 3579 in
507 3523 581 3579 libro
597 3524 660 3594 ejus
683 3524 880 3580 continentur.
897 3525 970 3589 Quid
1027 3528 1090 3583 liae
1104 3526 1384 3584 idcircomemorata
1399 3526 1561 3598 suntquis
1575 3525 1616 3580 ait
1631 3524 1854 3598 propheteszbt

145 3613 219 3669 mihi
230 3614 347 3686 prodest
356 3629 500 3669 annorum
513 3629 665 3683 numerus,
677 3613 732 3668 nisi
744 3613 798 3668 hoc
807 3614 969 3683 utdiscsm,
1024 3631 1071 3687 epo
1085 3629 1163 3672 eram
1177 3618 1208 3671 in
1221 3616 1311 3672 medio
1324 3616 1496 3687 captiuitatis
1505 3616 1590 3686 jueta
1600 3613 1702 3687 damme
1713 3614 1825 3670 Cbobar
1843 3633 1850 3672 :

144 3701 971 3775 trigesimoannoetSalvatori‚etprophetoecmlosiuisse
1025 3705 1102 3777 quod
1129 3706 1337 3777 interpretatur
1364 3704 1518 3776 prauitudo.
1547 3701 1646 3760 Gravis
1672 3706 1772 3759 autem
1804 3711 1853 3760 est

144 3798 289 3849 mseratos
304 3797 333 3848 et
354 3792 536 3864 spiritalibus
558 3790 702 3863 spiritalia
724 3808 909 3864 comparans,
926 3809 971 3849 cn-
1023 3794 1114 3866 hujus
1128 3794 1226 3851 saeculi
1243 3793 1357 3861 fluvius,
1374 3794 1451 3850 sicut
1465 3797 1493 3849 et
1516 3791 1585 3849 alibi
1601 3794 1712 3850 sscmte
1727 3791 1851 3849 dicitur.

143 3897 285 3954 gnoscam
302 3881 449 3946 universa,
466 3898 529 3953 qum
546 3880 654 3952 scripta
670 3884 749 3949 sunt,
759 3881 889 3950 eiusdem
906 3897 970 3938 esse
1024 3883 1059 3938 Et
1069 3885 1082 3954 j
1088 3887 1155 3939 uxta
1164 3881 1314 3954 siuipliees
1325 3898 1440 3955 quoque
1455 3880 1607 3938 historiam
1618 3879 1760 3955 explicat:
1769 3883 1850 3952 jnxta

144 3970 193 4024 Dei
209 3969 385 4025 sermones?
400 3971 506 4040 Quippe
521 3969 603 4024 umba
617 3970 784 4039 sapientium
808 3978 838 4025 ut
851 3971 968 4041 stimuli,
1023 3969 1847 4042 eosvero,qnispirituliterScripturasaudiunt,deanima

143 4056 254 4125 etquusi
266 4056 339 4109 claci
349 4057 379 4110 in
388 4057 592 4124 oltumconfiai
602 4058 668 4128 quia
678 4059 903 4128 compupentibus
912 4057 971 4113 dati
1023 4060 1179 4132 significat,
1195 4076 1258 4128 qua
1269 4060 1298 4115 in
1314 4059 1378 4114 vitea
1391 4059 1477 4115 istius
1487 4057 1624 4114 inciderit
1637 4058 1786 4116 turbines.
1796 4063 1846 4117 Su-

142 4151 239 4197 sunta
264 4144 373 4211 pastore
395 4159 450 4199 uno
464 4144 548 4213 (Eccl.
562 4148 622 4211 nu).
640 4145 698 4216 Ego
713 4148 741 4200 et
761 4144 816 4200 hoc
831 4146 908 4216 quod
925 4146 967 4200 di·
1020 4163 1070 4218 per
1089 4148 1208 4216 flumina
1223 4148 1372 4219 Rabylonis
1386 4148 1427 4203 ibi
1445 4147 1574 4218 sedimus,
1590 4149 1617 4203 et
1631 4149 1771 4221 flevimus,
1786 4148 1846 4204 dum

142 4228 228 4298 citur,
244 4232 273 4285 in
289 4240 389 4301 quarte
403 4233 617 4304 mense,quinta
632 4220 968 4305 mensisjuxtapossibi·
1021 4235 1231 4291 recordaremur
1245 4236 1311 4292 Sion
1327 4252 1333 4292 :
1352 4238 1383 4292 in
1397 4236 1538 4306 salicibus,
1553 4236 1584 4291 in
1607 4237 1701 4294 medic
1714 4241 1845 4310 ejussus·

142 4317 254 4375 litatem
274 4336 379 4376 sensus
403 4321 460 4376 mai
482 4319 671 4392 investigans,
688 4335 828 4391 precere
853 4322 918 4386 Deo,
936 4326 969 4377 ut
1021 4324 1168 4392 pendimus
1191 4341 1296 4396 arpano
1317 4333 1421 4394 nosue,
1442 4325 1508 4396 quia
1521 4324 1584 4381 illic
1607 4326 1844 4398 interropauerunt

141 4407 272 4481 idipsum
285 4407 890 4482 possimintelligere,quodScriptururum
903 4411 967 4481 ejus
1020 4428 1079 4482 nos,
1100 4415 1148 4483 qui
1162 4416 1281 4485 captiuos
1295 4414 1435 4470 ducerent
1457 4413 1533 4470 888
1548 4429 1608 4481 nos,
1624 4414 1709 4470 uerbo
1733 4418 1843 4473 matus

141 4494 966 4570 congruitvoluntati.Novusunnusimmiuetjamludais,
982 4530 1005 4595 D
1020 4518 1083 4557 rum
1097 4502 1154 4574 (Ps.
1170 4503 1293 4574 cxxxvi).
1306 4502 1445 4559 istasunt
1455 4501 1842 4577 fluminaumytoniqjuxu

139 4590 169 4641 et
183 4586 298 4658 primus
312 4586 424 4643 mensis
439 4587 516 4660 apud
531 4602 581 4642 eos
596 4583 694 4642 anovi
710 4583 778 4639 unni
794 4589 965 4642 numeratur
1019 4607 1083 4663 quoe
1099 4591 1245 4654 sedentes,
1261 4593 1290 4644 et
1305 4589 1525 4647 reminiscentes
1536 4591 1636 4663 patrie
1651 4590 1841 4660 coelestie,lu·

140 4675 268 4731 exordio.
280 4675 383 4748 Agitur
395 4679 493 4733 autem
507 4674 616 4749 pascha
627 4674 664 4730 dc
674 4689 796 4728 numero
807 4674 872 4729 novi
884 4675 962 4732 anni.
1018 4684 1086 4753 gent
1101 4684 1189 4751 atque
1204 4677 1364 4750 deplorant,
1381 4678 1431 4735 ubi
1446 4679 1632 4751 suspendunt
1655 4696 1768 4754 organa
1782 4697 1838 4751 sus,

140 4766 314 4836 Principium
328 4767 465 4821 namium
479 4765 684 4821 uleuobiserit
699 4763 729 4817 in
743 4764 880 4819 merstem
895 4765 964 4820 unni
1017 4768 1048 4823 in
1063 4767 1203 4825 salicibus
1228 4766 1312 4839 Legis
1336 4770 1364 4822 et
1379 4767 1584 4841 mysteriorum
1609 4767 1671 4824 Dei.
1697 4769 1838 4844 Scriptum

40 4846 44 4854 “
140 4852 314 4925 (Euodus).
338 4853 381 4910 Ab
404 4854 461 4911 hoo
485 4871 562 4910 anno
582 4869 704 4909 numera
728 4851 800 4908 mibi
826 4855 963 4924 quartum
1017 4861 1062 4914 est
1075 4857 1105 4911 in
1122 4855 1249 4929 quodam
1265 4854 1350 4922 libro,
1366 4872 1424 4928 qua
1439 4855 1581 4929 salignam
1602 4872 1709 4914 omnes
1725 4857 1839 4915 credon-

139 4954 283 5012 meusem‚
299 4948 328 4999 ot
342 4941 473 5016 intellige
492 4942 674 5015 baptizatum
698 4942 798 4998 lesum
814 4941 843 4997 in
859 4947 964 5015 quarto
1018 4949 1062 5003 tes
1078 4944 1220 5017 accipiant
1237 4960 1385 5000 coronam.
1401 4944 1436 5001 Et
1449 4944 1478 5001 in
1500 4944 1575 5002 lsaia
1589 4945 1700 5003 dicitur
1715 4963 1723 5003 :
1739 4947 1841 5005 tlrietts

139 5041 240 5085 meuse
256 5030 321 5086 novi
337 5032 467 5089 anni.Eo
482 5031 561 5088 enim
573 5047 686 5098 ruense,
698 5029 750 5103 qui
765 5031 843 5103 apud
855 5031 963 5089 itoma-
1017 5038 1096 5109 quasi
1121 5038 1152 5092 in
1167 5033 1256 5091 medie
1278 5037 1522 5106 mactaremur
1544 5033 1624 5106 solie
1646 5052 1839 5113 superaquam

137 5256 305 5330 Hieronymi
320 5260 558 5334 interpretatione
573 5277 580 5317 :
596 5262 673 5318 lesus
686 5262 746 5316 erat
759 5258 872 5317 indutus
885 5267 962 5320 vesti·
1017 5268 1075 5340 ejus
1087 5268 1182 5337 suerit,
1194 5265 1375 5337 respondeant
1388 5281 1471 5337 quare
1479 5268 1598 5338 potuerit
1607 5268 1735 5340 spiritale
1749 5283 1843 5342 cerpus

138 5330 188 5384 bus
204 5329 329 5386 sordidis.
348 5333 423 5399 erod
438 5334 545 5404 peridem
569 5336 595 5387 et
612 5332 742 5387 adumsus
756 5347 800 5387 ecs
823 5334 900 5403 (aad,
916 5338 964 5406 qui
1017 5353 1073 5394 esse
1086 5337 1237 5402 sordidum,
1253 5341 1301 5391 aut
1317 5338 1449 5407 quomodo
1464 5338 1513 5394 boc
1535 5343 1762 5412 interpretentur,
1775 5339 1844 5414 qued

136 5403 239 5468 uepant
256 5402 401 5457 Dominum
414 5406 711 5470 nostrum,bumanum
720 5402 961 5477 babuisseccrpus,
1015 5412 1158 5482 posuimus
1173 5426 1179 5464 :
1195 5410 1272 5465 testes
1286 5412 1345 5463 crat
1359 5408 1472 5464 indutus
1495 5410 1613 5467 veribus
1627 5409 1776 5468 sordidis?
1791 5416 1843 5468 Pa·

136 5472 187 5525 sed
200 5472 383 5528 coetmtibuset
396 5476 660 5547 sperz'rallbussuisse
670 5479 835 5530 contectum.
848 5475 879 5531 Si
887 5480 963 5533 enim
1017 5480 1061 5537 ria
1087 5480 1174 5536 habet
1196 5484 1224 5535 et
1240 5478 1259 5533 l.
1275 5495 1296 5534 11
1311 5478 1344 5534 de
1367 5480 1516 5553 Principiis
1539 5498 1573 5538 oa
1596 5522 1602 5537 .
1618 5482 1646 5551 e,
1662 5485 1692 5538 et
1714 5481 1768 5538 lib.
1784 5483 1843 5541 viu

136 5539 170 5595 de
182 5542 345 5609 caestibus,
359 5549 385 5600 et
399 5545 575 5617 utiittilfalso
589 5545 764 5612 asseruntur
777 5545 924 5616 sideribus,
936 5553 963 5606 et
1016 5550 1102 5624 epist.
1123 5552 1158 5608 ad
1184 5551 1280 5620 Rom„
1295 5553 1324 5606 at
1345 5550 1395 5607 lib.
1420 5555 1522 5610 contra
1544 5499 1671 5623 (labsum,
1687 5569 1716 5613 c.
1735 5555 1764 5626 2,
1780 5569 1844 5630 que

135 5611 195 5668 ulio
217 5613 339 5683 quadam
362 5610 520 5676 sublimiori
543 5619 718 5693 spiritalique
739 5621 841 5677 natura
865 5635 963 5713 eorpus
1015 5621 1119 5683 laudat
1146 5622 1278 5697 liuetlue,
1293 5621 1473 5684 testimonia.
