3818 6104
86 323 163 393 litt
710 316 742 380 S.
765 310 919 380 uusuotl
942 305 1166 377 Bissonum
1717 297 1787 365 tlte

86 461 251 533 caularum,
267 460 414 521 deovibus
424 455 571 531 melequi,
581 451 743 528 intelligere
753 450 831 525 quod
842 464 910 505 oves
923 448 952 515 Α
967 444 1040 501 labit
1054 445 1085 500 in
1100 445 1202 500 vinum
1218 446 1246 499 et
1256 439 1435 498 ebrietatem.
1447 433 1656 509 vinumqucd
1666 430 1785 534 latificat

86 550 149 609 istc
162 551 297 611 homines
312 553 383 608 sint.
399 549 537 624 Sequitur
547 547 625 605 enim
637 561 644 601 :
657 541 910 601 tumultuabuntur
964 551 1014 591 cor
1028 532 1155 590 hominis
1172 533 1230 605 (Ps.
1242 533 1303 602 cru)
1316 549 1322 598 ;
1334 534 1363 587 et
1374 528 1548 585 ebrietatem
1559 542 1623 599 qna
1632 525 1786 582 inebriatus

87 640 296 699 umultiludiue
308 641 461 697 homiuum.
473 633 641 704 Tumultus,
651 650 705 692 vox
715 631 910 706 plurimorum
965 628 1009 679 est
1019 623 1088 688 Noe,
1105 626 1133 676 et
1148 621 1183 676 de
1198 636 1257 692 qua
1272 620 1396 675 dieitur:
1415 617 1554 673 Comedite
1569 615 1659 670 audet
1681 616 1785 682 ovete

87 733 143 801 est,
159 729 293 787 etnimiae
309 719 909 796 multitudiniselamorpariteremissus:
966 711 1146 768 inebriamur
1161 710 1250 780 (Cant.
1265 726 1293 776 v,
1309 708 1347 780 l).
1369 708 1446 764 m
1473 705 1542 762 Hac
1572 707 1678 803 autem
1697 718 1788 803 ‘omns

91 834 130 875 ne
147 817 327 875 aestimemus
342 817 431 873 unius
441 831 539 872 vocem
551 829 628 869 esse:
637 810 825 868 sedomnium
836 825 912 866 oom-
965 800 1066 858 laelitia
1080 804 1108 856 el
1118 800 1244 856 ebrietas
1258 798 1295 854 ed
1305 795 1558 870 comparationem
1569 795 1729 891 sapientie
1741 792 1789 863 lla,

90 923 223 977 munem,
239 905 423 964 laudantium
439 905 549 961 bonum
564 905 722 975 pastorem,
741 899 792 972 qui
821 899 914 954 ardna
967 907 1030 963 quae
1044 894 1077 945 ut
1087 890 1193 945 tluvius
1203 887 1350 944 caelestem
1360 879 1791 980 irrigatlerusalem3strllaest,

91 1012 215 1069 quaeque
227 993 466 1068 complanaverit,
484 997 513 1049 et
527 1007 581 1048 suo
592 989 747 1063 aequaverit
760 988 843 1062 pede,
855 988 913 1043 dux
967 984 996 1036 et
1010 983 1092 1052 gutta
1107 976 1285 1051 permodica.
1302 975 1361 1076 Nee
1375 974 1557 1074 dubitabunt
1576 975 1737 1071 sapientias
1750 969 1790 1025 lla

92 1083 314 1142 itineriseorum
326 1083 389 1156 ipse
399 1081 439 1139 sit
448 1080 575 1154 paradisi
583 1081 685 1151 janua,
697 1083 726 1135 et
740 1078 819 1133 dicat
832 1095 839 1133 ι
858 1080 914 1146 Epo
968 1067 1078 1125 stillam
1090 1067 1119 1122 in
1130 1066 1301 1163 hominibus
1311 1065 1468 1162 dissimili
1479 1061 1614 1136 lapidem
1633 1061 1792 1117 tbsetoeum

91 1188 155 1228 sum
179 1181 279 1244 porto:
304 1188 362 1245 qno
389 1171 444 1227 iter
472 1169 618 1224 dividente
633 1172 662 1223 et
681 1167 870 1240 precedente,
886 1169 916 1221 et
969 1157 1005 1212 de
1020 1159 1119 1211 monte
1129 1154 1193 1210 siue
1203 1154 1342 1254 manibus
1355 1152 1478 1224 legerint
1488 1151 1572 1223 (Due.
1585 1150 1632 1222 ιι),
1648 1152 1680 1205 et
1689 1151 1793 1250 tatnnm

94 1260 292 1335 (alvisporta,
300 1259 438 1317 transibit
452 1257 837 1332 persumeredulumpecus.
847 1255 914 1312 Pas·
969 1244 1020 1301 Dei
1029 1242 1412 1316 sapientiushominrbus,et
1423 1239 1582 1313 Apostolos
1591 1254 1794 1312 quoquerpscs

94 1353 244 1407 torautem
252 1350 306 1407 iste
314 1366 362 1406 rex
377 1352 421 1406 est
431 1353 459 1404 et
469 1345 712 1404 DominusUnde
724 1344 865 1417 sequitur.
884 1348 917 1401 ιιι
970 1350 1003 1390 ex
1019 1337 1101 1406 parit
1113 1332 1294 1406 ῡῠεῐιοιὶεθθ,
1310 1335 1338 1386 el
1352 1348 1386 1386 ox
1402 1334 1484 1402 parte
1498 1328 1792 1402 prophetasselldor.

95 1440 226 1497 transibit
235 1455 286 1496 ree
297 1455 394 1495 eorum
407 1453 502 1494 corum
516 1437 566 1502 eis,
580 1439 606 1492 et
621 1436 751 1491 Dominus
771 1435 801 1489 iu
829 1435 918 1505 eapite
971 1440 1031 1489 xui,
1046 1422 1084 1494 9).
1103 1426 1140 1476 De
1155 1421 1211 1477 hae
1224 1420 1314 1493 igitur
1328 1418 1480 1491 sapientia,
1496 1419 1596 1484 idest,
1609 1418 1650 1472 de
1666 1416 1795 1473 Siilleiu·

95 1545 200 1589 eorum.
210 1528 292 1594 Quod
302 1528 328 1585 si
338 1524 695 1585 voluerimushaeoomnia
710 1525 745 1580 de
754 1523 849 1596 primo
863 1523 918 1579 ad·
972 1511 1047 1569 deici
1065 1509 1164 1585 populi
1179 1511 1249 1582 (non
1264 1509 1343 1565 enim
1358 1508 1436 1564 venit
1450 1506 1507 1563 nisi
1524 1507 1563 1563 ad
1580 1522 1655 1563 oves
1676 1506 1795 1607 perditas

94 1624 184 1678 ventu
200 1618 266 1690 ejus
280 1617 421 1690 accipere,
445 1621 474 1673 et
500 1620 594 1672 totum
622 1612 712 1670 Jacob
723 1616 752 1669 et
780 1610 920 1682 reliquias
973 1601 1079 1656 d0mus
1094 1598 1191 1669 loisel)
1204 1602 1397 1697 congregatus
1412 1601 1457 1698 ost
1478 1596 1594 1698 ιιιοοιι
1622 1611 1725 1652 omnis
1750 1612 1794 1668 qur

95 1706 185 1766 lsrael
200 1707 275 1763 ace
289 1703 326 1762 ad
336 1703 504 1778 Apostolos,
514 1708 542 1760 et
552 1718 617 1758 eam
633 1700 739 1757 reterre
749 1697 917 1754 multitudi-
973 1689 1142 1763 supplantat
1156 1688 1242 1759 Esau,
1258 1690 1287 1743 et
1300 1691 1387 1759 eripit
1399 1689 1550 1758 prrmrtrva
1568 1699 1691 1785 ejusce
1718 1685 1793 1742 bene·

96 1811 249 1867 nomque
260 1793 290 1849 in
302 1792 423 1849 Actibus
436 1790 634 1864 apostolorum
645 1788 757 1846 salvete
769 1786 918 1843 estexlu·
974 1778 1140 1846 dictionem,
1157 1780 1185 1832 et
1199 1780 1356 1848 antequam
1372 1779 1509 1831 nascatur
1533 1774 1637 1830 adhue
1669 1792 1700 1830 ιιι
1723 1778 1795 1830 atem

97 1885 180 1954 deis,
195 1900 252 1940 non
263 1879 431 1940 abhorrebit
441 1897 458 1936 a
468 1875 917 1951 veritateexpositiotractatoris.
973 1867 1088 1941 positus
1103 1866 1234 1939 pluuium
1250 1864 1336 1938 pilosi
1352 1863 1450 1919 fratris
1465 1862 1589 1920 invadit.

96 1977 156 2032 Hos
167 1971 246 2029 enim
262 1986 329 2027 vere
339 1967 677 2042 congregavitllominus
688 1966 718 2022 in
734 1965 809 2021 ovile
819 1980 918 2034 suum,
1010 1956 1098 2012 LXX:
1115 1955 1179 2011 Com
1194 1954 1321 2010 omnibu
1334 1955 1485 2026 sacerrime
1498 1952 1661 2024 suscipiam
1676 1953 1796 2025 reliquias

98 2065 127 2120 ct
139 2060 238 2134 posuit
251 2060 282 2116 in
295 2058 392 2114 medio
408 2055 571 2123 caularum,
588 2059 616 2111 et
631 2055 699 2111 lecit
714 2055 768 2111 iter
783 2057 849 2110 aute
859 2070 919 2123 eos,
975 2046 1006 2102 de
1021 2045 1116 2100 lsrael.
1133 2044 1204 2100 Cum
1220 2042 1317 2115 inquit
1331 2040 1486 2098 crediderit
1500 2040 1640 2113 gentium
1667 2041 1794 2115 popalus,

99 2144 717 2214 etinduxitecsinllcelesiam,etfuitrex
740 2160 842 2201 eorum
871 2159 921 2199 co·
976 2138 1005 2190 ei
1017 2133 1113 2190 omnis
1125 2133 1205 2190 orbis
1220 2133 1255 2188 αὶ]
1273 2147 1367 2187 meam
1384 2130 1471 2188 suerii
1485 2130 1576 2186 fldem
1601 2131 1796 2197 adductus

100 2247 164 2296 ram
180 2236 233 2304 eis,
249 2240 278 2293 et
292 2238 337 2293 est
346 2235 489 2291 Dominus
504 2233 534 2288 in
550 2232 644 2305 capite
658 2249 760 2289 eorum
775 2232 805 2288 in
820 2248 923 2305 perpe·
977 2222 1129 2280 intraverit
1142 2222 1273 2295 gentium
1290 2219 1451 2293 plenitudo,
1469 2223 1540 2275 tunc
1555 2219 1652 2276 otiam
1678 2218 1795 2294 reliquie

100 2331 196 2385 tuum,
978 2311 1067 2369 lsrael
1082 2310 1283 2378 salvabuntur,
1295 2326 1353 2366 non
1365 2307 1420 2364 ille
1435 2307 1577 2380 reliquia,
1587 2308 1627 2364 de
1643 2309 1797 2382 quibusest

138 2414 227 2472 Lxxg
245 2413 365 2485 spirim
376 2413 475 2468 ammio
487 2411 673 2467 mendacium.
689 2410 812 2467 stillavit
830 2408 881 2465 tibi
895 2411 925 2465 in
980 2402 1122 2473 scriptum
1138 2400 1168 2455 in
1184 2400 1352 2472 Regnorum
1366 2396 1440 2453 libro
1451 2413 1459 2452 ι
1471 2398 1615 2472 Dereliqus'
1629 2399 1799 2471 mitisepteu

102 2506 198 2562 vinum
211 2506 238 2560 el
251 2502 422 2567 etdeuum,
433 2509 458 2557 et
467 2501 520 2557 erit
529 2500 561 2557 de
570 2500 748 2572 stillopopula'
762 2499 924 2570 hujuscon-
979 2492 1070 2548 millia
1083 2490 1216 2554 ulnarum,
1232 2489 1280 2561 qui
1293 2503 1348 2543 uon
1361 2494 1549 2543 ouruooeruut
1562 2503 1663 2556 genua
1678 2489 1746 2545 Baet
1758 2488 1800 2561 iffl

101 2591 255 2667 precandus
269 2590 479 2664 congregabitur
496 2590 587 2647 lacot.
603 2589 639 2661 (ι)
652 2588 726 2659 Non,
744 2593 776 2644 ut
795 2587 927 2661 plerique
981 2582 1046 2650 Req.
1062 2595 1121 2646 ω,
1139 2578 1194 2650 18).
1210 2578 1244 2632 Et
1256 2577 1292 2631 de
1307 2576 1414 2648 quibus
1426 2573 1554 2632 Paulus:
1570 2578 1645 2648 Ergo
1663 2584 1691 2634 ct
1704 2579 1734 2632 iu
1758 2578 1801 2634 isto

103 2681 259 2752 estimant,
275 2680 482 2751 spiritusetetit
495 2677 929 2749 mansuescuntque
980 2678 1101 2740 tempore
1114 2667 1237 2737 reliquie
1251 2665 1399 2722 secuudum
1420 2665 1580 2722 electionem
1599 2669 1706 2738 pratis
1730 2667 1802 2724 ulae

103 2766 929 2842 munum,1egendumest,quouGraeceiuturmecpe
980 2762 1135 2828 tuctaesuul
1151 2757 1240 2825 (Rom.
1256 2772 1296 2823 ιιι,
1312 2755 1375 2825 15);
1393 2753 1551 2826 dequibus
1566 2770 1664 2828 supra
1677 2755 1726 2812 bie
1747 2772 1802 2828 pro-

103 2861 201 2929 ἱστησε
215 2853 324 2932 penite,
338 2857 394 2915 hoo
409 2861 465 2926 est,
480 2855 511 2908 τὸ
521 2851 630 2929 ψεῦδος.
643 2856 794 2920 Quomodo
809 2855 928 2911 enimin
983 2855 1071 2929 pheta
1084 2857 1228 2909 testatur:
1246 2854 1278 2908 Et
1291 2853 1386 2909 ενιιιιε
1396 2851 1477 2908 stilla
1489 2853 1592 2924 pepedi
1605 2855 1803 2927 cujuscusqu-

103 2946 275 3005 vulneribus
289 2945 428 3019 putridis,
443 2961 479 3001 ne
494 2960 599 3000 cancer
613 2948 749 3016 serpatet
760 2947 929 3000 emortuum
983 2942 1093 3017 paudus
1107 2943 1316 3013 congregabitur
1328 2940 1419 2997 Jacob.
1435 2940 1491 2997 Sed
1507 2938 1566 2997 illae
1591 2941 1736 3016 reliquie,
1751 2960 1804 3016 que

106 3052 212 3110 corpus
228 3035 308 3093 vivas
324 3050 427 3092 carnes
450 3034 633 3106 depascatur,
664 3031 769 3088 modici
796 3036 931 3089 statuunt
985 3036 1141 3105 postquam
1155 3047 1257 3086 omnes
1273 3029 1401 3103 suscepti
1417 3030 1471 3101 [ιι.
1488 3036 1649 3104 susceptae]
1666 3032 1804 3101 fuerintin

107 3128 162 3202 [At.
178 3126 290 3197 secant]
306 3124 414 3181 vulnus
426 3128 455 3180 et
470 3127 560 3178 urunt
573 3124 712 3188 cauterio,
740 3117 786 3177 vel
812 3119 931 3193 pulvere
986 3121 1045 3177 line
1060 3119 1286 3192 suscipienture
1303 3119 1412 3175 ilecllt
1426 3118 1581 3190 dequibus
1596 3137 1680 3178 nunc
1697 3122 1804 3178 dicitnr:

107 3218 263 3286 καυστικῷε
279 3214 321 3270 ita
334 3212 440 3286 spiritu
457 3211 506 3268 Dei
532 3211 621 3266 tinem
640 3210 741 3282 posuit
756 3193 968 3276 ,mendacioc
988 3209 1057 3265 Cum
1071 3210 1198 3265 omnibus
1213 3210 1363 3282 suscipiens
1376 3209 1526 3280 suscipiam
1554 3210 1698 3282 reliquias
1722 3211 1802 3281 lucet,

110 3322 147 3363 ne
162 3304 241 3362 ultra
254 3300 381 3377 populus
394 3299 446 3357 Dei
464 3297 786 3371 pseudoprophetarum
814 3297 934 3354 vocibus
989 3299 1111 3368 utjuxta
1122 3298 1151 3353 id
1161 3299 1237 3369 quod
1249 3297 1435 3369 (elscriplum
1450 3301 1515 3353 est:
1533 3297 1727 3359 concludens
1740 3300 1803 3357 llecs

111 3390 394 3458 subvertatur.Quod
406 3392 504 3445 autern
514 3387 637 3460 spiritus
650 3391 711 3444 tem
722 3387 833 3443 innovo
845 3403 933 3458 quam
989 3387 1154 3444 omnessub
1166 3386 1803 3460 peccalo‚omnibnsmisereaturlllom.¹132).

113 3483 144 3539 in
159 3482 248 3539 veteri
263 3482 461 3549 Testamenta,
473 3477 652 3549 ubicumque
662 3476 935 3533 sineadditamento
1025 3477 1094 3533 Liui
1109 3493 1115 3532 :
1132 3477 1236 3533 Ponam
1251 3477 1418 3532 eversionem
1434 3491 1531 3530 eorum
1544 3478 1621 3533 sieut
1640 3494 1702 3534 ones
1714 3479 1742 3534 ie
1762 3480 1804 3532 tri-

113 3570 244 3644 ponitur,
259 3568 289 3624 in
304 3568 412 3625 bonnm
427 3568 539 3638 partem
555 3564 746 3638 intelligatur,
757 3570 786 3622 et
801 3580 877 3637 sape
891 3564 935 3621 di·
991 3566 1139 3622 tutatione.
1156 3563 1304 3636 Reliquias
1314 3564 1349 3620 de
1360 3563 1447 3620 lsrael
1456 3579 1530 3634 ques
1543 3569 1700 3640 postquam
1710 3580 1801 3622 omnes

112 3658 252 3728 ximus,et
263 3673 341 3713 nunc
352 3671 387 3713 ex
399 3659 480 3730 parte
491 3670 684 3728 pneumaque
695 3654 874 3710 ouidubium
885 3652 934 3710 sit.
990 3670 1154 3726 suscepero,
1171 3657 1460 3726 suscepturussum:
1490 3668 1572 3709 nune
1599 3653 1714 3712 interim
1739 3653 1803 3726 qnia

112 3749 227 3804 Fructus
237 3749 328 3802 eutem
336 3746 462 3818 spiritus,
473 3745 605 3812 elautus,
620 3743 823 3816 gaudiumque
835 3741 935 3815 (Galat.
990 3741 1083 3800 aversi
1093 3746 1186 3799 sunta
1196 3757 1364 3814 me,ponom
1376 3741 1406 3797 in
1418 3740 1623 3810 tribulatione,
1636 3748 1666 3800 et
1675 3759 1805 3817 coangus-

111 3853 140 3906 v,
156 3836 214 3908 22).
229 3836 285 3892 ut.-
302 3835 333 3891 δι’
344 3836 446 3907 spiritu
454 3835 582 3899 uiuimus,
597 3835 698 3906 spiritu
712 3842 738 3890 et
766 3833 936 3889 cumulemus
990 3832 1069 3897 tabo,
1085 3835 1114 3887 et
1129 3832 1234 3887 faciam
1246 3832 1357 3898 sedere,
1375 3830 1437 3887 sine
1452 3831 1617 3898 sacerdote,
1635 3834 1700 3891 sine
1722 3831 1803 3903 altari,

112 3925 191 3998 (ibid.
207 3940 247 3991 vv,
262 3924 319 3995 25).
335 3923 371 3978 ut
386 3920 475 3977 alibi:
492 3921 523 3977 Si
536 3929 628 3977 cutem
639 3922 741 3992 spiritu
751 3923 936 3994 operuocrue's
989 3924 1018 3975 et
1033 3919 1096 3975 sino
1111 3919 1253 3992 prophete
1266 3938 1273 3976 ι
1285 3923 1319 3975 ut
1333 3935 1420 3991 quem
1429 3936 1481 3993 per
1491 3919 1638 3978 honelieia
1649 3938 1708 3979 non
1719 3937 1804 4006 senu-

110 4011 354 4082 mortificuoerlttv,
371 4010 468 4065 vivetis
483 4013 572 4077 (llum.
588 4026 650 4080 vur,
668 4010 721 4081 13).
737 4010 773 4066 ut
788 4010 818 4066 in
847 4011 936 4068 veteri
991 4012 1069 4076 runt,
1087 4006 1250 4080 intelligant
1262 4024 1313 4080 per
1327 4007 1479 4081 supplicia.

112 4100 320 4158 Testamento:
339 4097 412 4152 oeus
423 4097 522 4167 fletum
531 4096 647 4169 populo,
672 4101 721 4170 qui
735 4108 774 4156 est
786 4102 816 4156 iu
839 4116 882 4169 eu,
911 4109 937 4157 et
1026 4097 1200 4166 LXX:Qucsi
1208 4113 1315 4168 precem
1325 4099 1354 4152 iu
1367 4097 1573 4154 mediocutiltic
1582 4114 1703 4156 eorum:
1713 4100 1749 4174 (d)
1757 4099 1804 4156 sut

110 4187 242 4258 spiritum
257 4184 312 4251 tis,
328 4185 375 4255 qui
388 4183 496 4239 acuunt
508 4201 569 4241 eum
583 4186 658 4257 (lsai.
674 4188 762 4259 ιιιιι).·
777 4188 855 4246 haud
881 4189 934 4246 du·
990 4186 1118 4252 auditur,
1133 4201 1243 4257 ponem.
1260 4186 1322 4243 Non
1339 4185 1447 4254 solum,
1462 4187 1693 4258 inquit,aversio
1704 4204 1802 4258 corum,

111 4273 194 4330 bium
209 4288 244 4331 ex
261 4272 494 4348 precedentibus
507 4273 578 4344 quin
593 4277 701 4332 terram
713 4276 867 4349 significet.
880 4278 936 4342 Qui
990 4291 1075 4348 quaa
1089 4290 1137 4330 me
1151 4274 1244 4330 aversi
1259 4278 1340 4341 sunt,
1357 4277 1573 4349 ponaturquasi
1586 4293 1661 4350 grex
1671 4279 1702 4335 in
1721 4278 1802 4335 tribu·

110 4362 190 4421 enim
205 4361 450 4421 calcanturrena
464 4378 561 4434 opera,
577 4363 741 4435 etpedibus
761 4366 825 4423 suis
839 4366 935 4438 subji·
988 4363 1116 4431 latione;
1132 4364 1183 4420 sed
1198 4368 1355 4436 postquam
1378 4364 1510 4421 tribulati
1537 4366 1660 4434 luerint,
1686 4368 1759 4425 m
1780 4369 1804 4421 et

110 4451 202 4522 ciunt,
218 4467 252 4508 ea
268 4451 371 4524 utique
387 4467 446 4507 non
461 4452 585 4523 malum,
600 4451 651 4507 sed
666 4452 776 4509 bonum
796 4454 935 4528 spiritum
989 4453 1131 4527 augustie
1146 4457 1264 4524 tempus
1277 4453 1464 4525 expleverint,
1480 4459 1631 4526 ponentur
1651 4457 1683 4513 in
1704 4456 1801 4529 requie,

110 4544 261 4598 merentur
272 4540 413 4613 accipere.
429 4539 604 4597 Econtrario
621 4539 849 4615 malusspiritus
860 4560 935 4601 sem·
948 4563 973 4631 D
988 4543 1108 4613 hoeest,
1119 4541 1148 4597 in
1165 4540 1255 4597 cubili
1272 4559 1337 4597 suo.
1354 4541 1389 4597 Et
1404 4547 1473 4598 tune
1485 4544 1538 4614 [ιι.
1556 4549 1650 4616 nune]
1666 4546 1701 4602 de
1719 4543 1802 4602 bomi-

110 4645 162 4703 per
171 4645 239 4686 eum
250 4629 450 4686 additamento
462 4628 579 4702 legitur,
590 4629 684 4687 utibi:
697 4630 765 4688 Cum
774 4640 867 4688 cutm
876 4635 934 4705 spi·
988 4630 1564 4703 nibusoommigrabuntettransoendent
1573 4632 1803 4692 humanecoodi·

108 4720 183 4776 riuos
199 4719 361 4775 immundus
375 4720 477 4774 exierit
491 4719 525 4775 αι
545 4720 655 4776 lomene
682 4719 767 4793 (ιιαιι.
796 4738 845 4788 ιιι,
877 4722 932 4794 ι3).
988 4721 1076 4777 tionis
1087 4718 1414 4793 statum,etimplebunt
1426 4721 1503 4793 quod
1515 4723 1803 4794 aequeordinatam

109 4807 144 4864 lit
158 4806 189 4862 in
202 4805 260 4863 alio
275 4804 355 4863 loco:
369 4808 521 4880 lucrepcort
530 4810 662 4880 spiritum
673 4809 847 4865 immundum
855 4809 932 4880 (tue.
987 4825 1022 4866 ee
1038 4808 1211 4877 homiuibus,
1226 4808 1289 4864 Non
1306 4807 1400 4865 solum
1415 4815 1512 4866 autem
1524 4809 1568 4865 illi
1583 4812 1721 4870 exsilient
1729 4811 1801 4870 eleb

110 4913 149 4969 rx,
159 4895 257 4968 estut
269 4911 276 4951 τ
287 4895 407 4968 Spiritu
416 4897 616 4954 malusiuoueit
629 4897 863 4971 Saul(llteq.xv1,
876 4898 932 4970 ll),
986 4897 1087 4966 ibunt;
1103 4899 1153 4954 sed
1167 4914 1270 4953 omnes
1280 4897 1316 4952 ad
1330 4914 1403 4968 quos
1419 4899 1451 4954 tit
1461 4899 1513 4955 Dei
1525 4916 1635 4969 sermo,
1653 4901 1740 4976 etqui
1754 4901 1799 4957 bu·

108 4987 138 5040 et
151 4982 441 5042 catorahissimilia.
458 4985 585 5058 Spiritus
595 5001 664 5059 ergo
679 4985 739 5056 Dei,
764 4987 813 5058 qui
843 4987 933 5044 linem
988 5002 1075 5043 mana
1089 4987 1159 5042 vitia
1173 4986 1373 5058 relinquentes
1384 4987 1634 5047 conversationem
1652 4987 1797 5047 divinitatis

109 5070 262 5130 mendacio
275 5072 374 5143 posuit
388 5073 417 5130 in
432 5073 707 5146 pseudoprophetis,
723 5075 786 5147 ipse
800 5075 853 5131 tibi
869 5075 933 5132 stil·
985 5076 1149 5144 imitantur,
1167 5079 1196 5132 et
1210 5075 1353 5131 audiunt:
1369 5079 1424 5146 seo
1439 5078 1510 5150 diri,
1523 5079 1569 5135 dii
1582 5082 1689 5148 estis,et
1702 5082 1797 5153 filiiu-

144 5211 187 5285 (a)
201 5212 312 5269 lterum
327 5212 486 5281 Victortus,
500 5217 583 5271 uiuet
594 5220 686 5287 portu,
701 5232 780 5272 exeo
796 5217 873 5289 quod
890 5218 933 5274 in·
1022 5221 1057 5290 (e)
1082 5222 1175 5275 Antea
1198 5221 1269 5289 erat,
1298 5219 1544 5291 supradiximus,
1569 5221 1797 5284 dissentientibus

109 5285 154 5342 tra
168 5299 176 5337 ε
193 5287 253 5356 Ipse
266 5284 343 5340 euim
355 5284 488 5343 boninus
501 5294 527 5343 et
539 5303 590 5344 ree
603 5291 629 5343 et
640 5290 735 5361 postor
748 5292 774 5344 et
788 5290 834 5344 oio
846 5293 886 5345 est
906 5298 932 5347 et
986 5306 1057 5345 mss.
1075 5291 1198 5362 ipsaque
1214 5289 1255 5345 rei
1269 5290 1400 5347 veritate.

106 5357 202 5428 porto.
1031 5362 1721 5434 dJHicquoqueverbasaoritextus,eesilieutes
1730 5368 1798 5425 uu·

143 5425 256 5494 (olous
267 5425 476 5498 subsequentis
486 5427 605 5500 capituli
619 5428 747 5503 sectione
761 5429 852 5486 altera
867 5446 932 5502 pro·
984 5434 1017 5487 ui
1036 5451 1076 5501 us,
1094 5450 1157 5505 qun
1174 5433 1280 5488 seriem
1294 5433 1525 5508 Hieronymiena
1537 5440 1734 5510 expositionis
1754 5441 1797 5495 in·

110 5499 261 5565 ponuntur
274 5497 372 5553 verba.
386 5497 452 5554 Cum
467 5500 593 5556 omuibus
606 5502 756 5572 susupieus
783 5503 932 5574 sumptum
985 5505 1150 5576 pediebaut,
1167 5509 1254 5577 atque
1270 5504 1394 5563 interius
1408 5523 1461 5563 suo
1475 5507 1539 5565 loco
1554 5507 1798 5583 proponuntur,ad

107 5565 242 5634 reliquias
271 5566 304 5622 de
322 5569 416 5636 lsrael,
431 5569 478 5625 hio
489 5570 598 5629 frustra
606 5577 635 5630 ct
645 5577 747 5629 eontra
756 5588 829 5629 mss.
841 5575 930 5632 fidem
985 5592 1058 5633 mss.
1075 5576 1164 5633 fidem
1180 5575 1363 5635 induximus.

107 5634 138 5694 iu
155 5633 243 5691 editis
253 5636 519 5710 subjungebantur.
