3818 6104
101 325 164 398 let
422 327 798 402 touubsrtmotlttt
818 335 859 400 ill
879 333 1133 403 tumuisset
1154 334 1230 403 tis.
1253 334 1290 417 V,
1315 337 1403 406 GAP.
1425 333 1507 408 xvi.
1729 335 1815 407 itt

101 466 229 540 betros
249 461 410 541 etiqbimles
431 484 529 526 corum
546 470 634 541 (Paul.
651 487 786 538 arxxvur,
803 472 848 538 31,
872 472 931 540 32).
946 472 972 538 A
989 488 1075 538 noan,
1092 477 1119 528 ct
1134 473 1346 538 Chaldaeorum:
1356 484 1383 532 et
1390 492 1478 549 aeque
1486 477 1516 532 iu
1529 475 1591 533 tetis
1598 471 1708 550 expleta
1715 489 1752 533 es.
1762 472 1816 532 Su'

101 556 140 615 Rs
151 559 184 614 ia
196 556 253 614 hoc
263 556 631 631 propbetascriptumsst:
648 561 764 616 terrast
776 560 928 634 peccaverit
985 576 1041 632 pra
1054 561 1199 634 scriptum
1215 567 1272 630 est,
1287 563 1452 622 Jerusalem
1471 565 1647 623 fornicatam
1662 580 1730 623 cum
1744 560 1816 625 lillis

97 648 174 704 niti
185 650 220 702 et
232 645 373 719 ddiaqeat
395 647 534 720 delictum,
549 649 697 705 extendam
709 666 824 705 manum
838 667 929 706 mecm
981 650 1096 722 AEgypti
1107 651 1216 708 vicinis
1232 652 1305 719 suis,
1322 652 1373 725 qui
1386 657 1456 710 sunt
1469 669 1643 727 magnarum
1661 653 1813 713 carnium:

96 751 187 809 super
199 751 270 802 um,
287 739 312 790 et
333 744 474 792 merum
488 737 693 804 firmamentum
715 741 797 810 pauit
811 742 883 810 eiua
900 743 929 795 et
981 736 1029 792 bic
1044 736 1136 794 altera
1150 740 1338 812 Assyriorum
1352 740 1485 798 vicinitas
1500 741 1656 799 indicatur.
1674 742 1709 799 itt
1723 757 1814 818 prop·

100 823 225 897 reliqua
241 823 274 879 ln
289 840 348 896 quo
363 825 534 897 querimus,
551 826 623 898 qnid
639 826 678 882 sit
692 826 769 883 inter
780 827 927 885 extensio·
980 811 1520 903 tereautrisquetradunturgentibus,
1534 831 1604 904 quia
1619 833 1813 904 utrarumque

99 929 173 970 nem
194 928 309 982 manus,
333 918 363 969 et
377 913 565 970 emissionem
581 915 656 985 ejus.
673 915 814 987 Loquitur
829 920 926 972 autem
981 913 1273 974 simulacruvenerati
1281 918 1623 991 sunt,iugredisntesqne
1633 919 1813 987 chaldeam,

101 1000 238 1058 &abolus
250 1001 287 1056 ad
302 1001 461 1058 Dominum
474 1019 481 1057 :
502 1004 708 1060 llt'ttemanum
717 1009 795 1061 taum
807 1008 834 1060 et
846 1008 929 1074 tange
980 1019 1045 1076 que
1061 1012 1105 1060 est
1119 1008 1198 1061 terra
1212 1006 1361 1075 chanaan,
1376 1007 1483 1064 imitati
1499 1011 1570 1064 sunt
1583 1023 1686 1065 eorum
1701 1010 1814 1067 emeres

101 1091 195 1148 menie
208 1105 270 1162 que
285 1089 384 1145 babet:
400 1092 457 1146 uisi
469 1092 500 1145 ia
518 1093 591 1163 {cete
606 1092 775 1149 benedixerit
790 1094 841 1150 tibi
856 1093 926 1167 (lob.
982 1091 1814 1170 quorumimperiosubjacebantseoundumtropologiam

98 1193 132 1245 rs,
147 1177 187 1248 5).
202 1178 386 1251 videturque
400 1179 473 1234 mibi
497 1179 575 1236 mitti
592 1197 710 1250 manus,
728 1182 764 1237 ad
779 1183 927 1255 probatio·
982 1180 1018 1236 de
1032 1181 1098 1237 aliis
1113 1183 1241 1254 peccatis
1261 1184 1298 1239 sd
1318 1182 1376 1240 alia
1394 1200 1471 1258 sepe
1496 1184 1670 1242 transimus.
1684 1187 1816 1267 Cumque

93 1282 168 1325 um
178 1283 283 1324 eorum
294 1268 404 1341 quibus
414 1268 560 1325 mittitur:
573 1269 688 1326 exiendi
698 1275 808 1341 auum,
821 1273 857 1329 ed
871 1289 930 1345 poe-
983 1285 1040 1325 non
1050 1270 1198 1342 egerimus
1207 1271 1337 1343 priorum
1347 1271 1491 1329 scelerum
1501 1273 1715 1346 peonitentiam,
1725 1272 1813 1352 aug'c·

93 1371 152 1413 aas
166 1371 274 1412 eornm
290 1355 343 1429 qui
357 1362 508 1414 merentur
520 1357 674 1431 supplicia.
693 1359 749 1415 Neo
768 1358 865 1416 solum
881 1376 928 1416 ex·
982 1373 1050 1414 mus
1065 1358 1170 1415 delicta
1183 1359 1307 1428 delictis,
1323 1364 1353 1417 et
1376 1359 1457 1418 nullo
1473 1377 1571 1418 errore
1587 1363 1743 1434 satiamur,
1759 1363 1812 1420 sed

94 1444 195 1500 musio
206 1443 392 1501 etimmiasio
403 1463 410 1514 ;
423 1447 474 1502 sed
485 1446 623 1519 expansio
634 1447 798 1504 mauusDei
809 1448 927 1523 dicitur,
983 1446 1068 1518 quasi
1083 1447 1152 1504 lune
1167 1446 1254 1521 longo
1270 1453 1299 1505 et
1321 1449 1447 1522 surrigit
1457 1440 1525 1522 jugi
1540 1449 1650 1519 ritule,
1665 1449 1813 1509 trahimus

37 1598 44 1610 Ι
95 1532 175 1590 lania
187 1549 361 1606 expersona
375 1534 491 1590 Domini
507 1534 725 1607 proclamante:
743 1538 806 1593 Tota
821 1538 865 1595 die
880 1554 928 1594 ete-
982 1538 1110 1607 peccata,
1127 1539 1156 1592 et
1179 1541 1387 1593 testamentum
1402 1541 1548 1603 nostrum,
1564 1537 1625 1595 sire
1639 1538 1813 1597 fornicatio·

96 1622 184 1695 μή
209 1639 312 1678 moeses
331 1639 408 1679 meua
430 1623 466 1679 od
488 1630 620 1696 poputum
642 1626 929 1692 concreditumst
982 1639 1050 1679 nem
1059 1623 1289 1697 multiplicamus
1304 1625 1335 1682 in
1348 1625 1577 1693 terradbcruaoe,
1591 1627 1812 1700 queinterpre·

95 1710 330 1768 meseum
345 1713 410 1781 (lau.
427 1729 492 1780 axv,
506 1713 545 1785 2).
561 1713 686 1770 Sanctus
701 1730 818 1787 quoque
833 1714 929 1771 levare
981 1716 1073 1781 tatur,
1088 1717 1168 1784 quusi
1181 1714 1336 1787 fluctuatio,
1351 1718 1380 1771 et
1394 1731 1461 1772 oum
1478 1714 1630 1783 chaldeis,
1648 1715 1698 1793 qui
1716 1715 1812 1790 stipsi

95 1805 237 1857 amatur
261 1816 380 1867 manus,
405 1801 560 1873 Scriptura
574 1802 708 1858 dicente:
732 1804 855 1860 Elevatio
870 1820 927 1860 mo-
982 1801 1136 1857 uobiscum
1152 1807 1268 1869 sonant,
1295 1804 1376 1874 quasi
1389 1802 1530 1861 monto
1555 1803 1642 1874 (Ptol.
1657 1817 1754 1872 mm,
1770 1803 1809 1878 3).
1867 1846 1871 1853 .

93 1905 164 1946 m
186 1904 316 1946 mestrem
341 1891 514 1961 sacrificium
529 1893 717 1962 vespertinum
732 1893 787 1955 (Pa.
808 1908 871 1961 cxc,
887 1895 926 1965 2).
982 1889 1164 1962 Semperque
1177 1890 1300 1963 vestigia
1314 1891 1459 1948 babemus
1473 1891 1504 1947 ic
1519 1891 1593 1958 saio,
1604 1878 1809 1969 etnumque‘m

95 1977 230 2036 Sublatis
243 1981 345 2035 summ
369 1976 510 2051 legitimis
527 1978 575 2035 Dei
591 1996 609 2035 a
623 1980 731 2053 populo
746 1981 926 2048 iudeorum,
982 1992 1141 2048 possumus
1155 1979 1261 2035 dcere:
1286 1980 1382 2035 statuit
1395 1994 1482 2052 supra
1494 1986 1602 2051 petram
1620 1979 1700 2052 pedes
1722 1992 1807 2037 oseca

93 2065 926 2141 iutemgemuseosquarnhabeautlegisobservantiam.
982 2065 1812 2141 lleretioorumquepravitatibussubiicimur,quihsbebt

96 2151 241 2213 bursinas
251 2154 368 2212 sublato
383 2155 492 2227 templo
503 2160 590 2228 atque
606 2157 746 2213 subverso
756 2159 858 2214 offerre
868 2175 926 2215 non
981 2153 1209 2213 similitudinem
1218 2157 1471 2214 demonumtsive
1483 2157 1557 2230 ipsis
1564 2157 1763 2226 Demcntbca,
1772 2157 1809 2215 de

98 2247 245 2317 possunt:
260 2243 524 2300 necadulterarum
536 2245 685 2317 lapidatio,
697 2251 927 2320 oeterorumque
981 2244 1090 2316 quibus
1107 2245 1215 2301 Paulus
1229 2245 1349 2302 scribit:
1362 2250 1423 2303 iton
1436 2246 1564 2302 aenaea
1574 2261 1669 2319 pupae
1678 2247 1808 2303 edemus

102 2332 260 2390 minum
272 2332 337 2406 lege
352 2348 492 2390 maressa
506 2333 634 2390 exerceri
649 2340 754 2407 potest,
770 2340 799 2392 et
812 2338 926 2392 vacatio
980 2347 1092 2390 comm
1105 2337 1132 2389 et
1145 2337 1317 2405 respuerem,
1333 2334 1380 2390 sed
1393 2335 1542 2391 udaeam
1555 2339 1673 2391 tectores
1682 2335 1808 2392 leuctra·

100 2423 188 2479 usn
201 2437 278 2479 auno
284 2420 481 2488 remissionis,
492 2426 523 2478 et
532 2426 635 2480 cetera
646 2423 863 2495 hujuscemodi.
873 2425 927 2480 Da·
979 2437 1043 2476 rum
1057 2423 1186 2494 istorum,
1200 2423 1345 2479 aduersam
1355 2423 1516 2494 spiritualia
1531 2424 1665 2496 aequitiae
1681 2424 1712 2479 ιἰι
1726 2424 1806 2481 aeu-

100 2513 150 2567 tur
159 2509 297 2567 suumin
309 2510 424 2567 animas
435 2510 598 2567 odientium
610 2527 642 2568 se
655 2512 785 2569 filiarum
797 2512 926 2570 Palesti-
979 2510 1067 2566 stibus
1081 2511 1189 2583 (Epiros.
1206 2527 1244 2577 rr,
1267 2510 1322 2582 12).
1603 2513 1605 2517 ’

99 2597 338 2671 ιιιιιω,ᾳιιιιιᾱο
348 2598 477 2656 traditur
489 2599 743 2671 Palestinis,quos
754 2601 923 2658 indiffersn-
1015 2598 1107 2670 (Vere.
1123 2600 1167 2670 30,
1184 2599 1241 2671 31.)
1264 2600 1296 2655 ln
1309 2614 1361 2671 qao
1374 2599 1511 2656 mundabo
1525 2612 1572 2656 cor
1591 2605 1679 2669 imm,
1695 2601 1737 2656 cit
1749 2600 1803 2656 bc·

99 2687 352 2761 tarSeptuaginta
360 2687 658 2760 alienigenosvocant:
675 2704 748 2760 quas
764 2689 925 2764 intelligere
978 2689 1072 2743 minus
1093 2689 1175 2760 Deus,
1190 2704 1252 2744 eum
1271 2690 1359 2759 socias
1373 2689 1433 2746 bate
1456 2690 1554 2746 omnio
1568 2702 1652 2761 opere
1673 2688 1802 2747 mattula

98 2792 271 2849 memus,
283 2775 375 2833 urbes
383 2775 427 2832 vel
439 2775 546 2848 oppida
557 2776 726 2834 Palestinae.
739 2777 845 2835 Nostra
856 2795 926 2851 quo·
979 2778 1174 2846 meretriciam
1183 2779 1325 2850 procacis?
1338 2777 1554 2848 Quiusubricoto
1563 2777 1805 2851 estepanorteeet

96 2863 348 2939 quatercentum,
361 2865 386 2922 si
410 2865 641 2937 praeterierimus
659 2867 847 2923 ceremonias
865 2868 924 2938 Dei,
979 2867 1012 2921 io
1025 2869 1114 2939 eapite
1127 2869 1219 2923 omnia
1233 2869 1297 2938 oiae,
1312 2867 1485 2923 crescebant
1493 2871 1571 2926 tuem
1586 2868 1677 2938 [comi
1685 2867 1717 2923 iu
1726 2868 1804 2924 amai

96 2958 260 3015 amunta
285 2953 374 3011 inerit
395 2957 581 3026 mauusejus
599 2971 769 3028 supernos,
785 2956 926 3014 etublata
978 2953 1089 3027 piabo:
1112 2971 1162 3012 aec
1182 2959 1256 3028 [coto
1279 2972 1307 3013 es
1331 2957 1410 3027 quast
1433 2958 1567 3013 merebit
1591 2955 1703 3027 toedio
1725 2957 1801 3012 111

96 3047 203 3103 comta
216 3041 293 3116 legia
307 3042 502 3115 observantia,
517 3044 650 3100 tradetur
664 3043 782 3101 illiabus
796 3045 924 3102 Palaesti·
978 3060 1081 3116 cogens
1094 3047 1223 3116 entium.
1241 3045 1329 3101 LXX:
1352 3044 1424 3114 Quid
1442 3046 1547 3117 faemos
1560 3044 1637 3101 medi
1660 3047 1718 3114 tue,
1733 3044 1805 3101 dicit

98 3148 139 3190 ne
152 3136 185 3191 et
200 3148 262 3188 non
286 3131 366 3188 liliis.
382 3131 482 3205 Neque
506 3132 586 3190 euim
601 3133 730 3204 primum
754 3133 923 3191 tortioribus
979 3132 1087 3189 Adonai
1100 3134 1316 3202 demittentem
1330 3134 1806 3206 tmubaetomoteoperumalie·

97 3220 254 3296 suppliciis
266 3221 423 3289 tradimur,
438 3221 490 3279 sed
499 3222 586 3294 juxta
600 3226 784 3294 peccatorum
800 3222 926 3295 qualita-
942 3208 963 3275 G
981 3222 1022 3276 ris
1036 3223 1237 3292 [amiectimet
1249 3221 1473 3295 imperterriti-1⁴
1486 3227 1514 3280 et
1523 3222 1697 3297 umacus:
1708 3222 1805 3295 teipit-

96 3313 166 3379 leus,
192 3309 402 3367 interioribus:
426 3317 459 3366 ut
482 3311 607 3384 correpti
623 3310 653 3366 in
681 3312 799 3377 minori,
815 3313 928 3384 majora
981 3312 1051 3368 citer
1064 3313 1096 3366 iu
1111 3311 1282 3379 timbattsda
1306 3311 1434 3382 :quondo
1443 3309 1809 3384 adiilcmtttepaacrtaum

96 3398 286 3458 manum
302 3402 449 3456 tormenta
462 3399 599 3455 vitemus.
610 3399 793 3466 Pbilistbiim,
805 3401 859 3457 hoc
870 3406 925 3469 est,
982 3401 1012 3454 iu
1024 3400 1163 3471 principio
1178 3401 1266 3455 omui:
1282 3401 1346 3470 viae,
1358 3404 1384 3455 et
1400 3401 1578 3456 tustmtcom
1590 3399 1807 3472 ltebdtnomiti

99 3489 259 3558 lentini,
275 3488 373 3561 prima
385 3487 551 3546 litterarum
558 3494 639 3561 purte
651 3493 775 3561 mutata,
787 3491 928 3563 iuterpre
980 3489 1073 3561 platea
1082 3505 1091 3554 :y
1104 3492 1130 3544 et
1142 3505 1197 3545 coa
1210 3490 1292 3560 fideti
1301 3489 1381 3562 quasi
1392 3489 1698 3558 meretnssceouqrequet
1707 3490 1808 3544 merce·

98 3580 200 3636 unm
212 3576 464 3649 suceessorum
480 3577 540 3635 sive
554 3580 681 3649 sructura
697 3579 794 3650 [l'orte
808 3580 927 3651 acturo}
983 3577 1039 3633 dea.
1055 3578 1198 3649 Quodque
1221 3576 1319 3633 dixere
1340 3577 1547 3649 Septuaginta:
1574 3580 1606 3639 st
1628 3579 1768 3649 [amicale
1780 3590 1808 3633 cs

96 3669 150 3725 ber
162 3683 233 3740 quae
249 3665 437 3738 significatur
448 3666 607 3723 tradendos
622 3682 677 3724 nos
690 3667 862 3724 adversariis
878 3682 928 3740 po-
984 3667 1132 3737 tripit'cs'ter
1145 3667 1174 3721 iu
1190 3665 1303 3736 filiabus
1317 3666 1382 3737 tuit,
1397 3665 1427 3720 in
1443 3664 1582 3720 liebraioo
1597 3680 1656 3720 non
1671 3663 1807 3735 habetur,

96 3753 269 3823 mutus,
284 3769 350 3826 quea
376 3755 514 3812 biberunt
537 3755 573 3810 de
595 3754 686 3812 calice
710 3755 876 3829 Babylonis,
901 3759 931 3813 et
984 3769 1037 3809 nee
1051 3752 1177 3810 aliorum
1194 3755 1390 3825 Interpretum
1407 3751 1553 3824 quispiam
1570 3751 1678 3824 posuit.
1689 3751 1808 3806 Ἐπιπο-

97 3846 285 3911 emerunt,
301 3848 331 3900 et
345 3857 572 3915 quarumopera
584 3859 722 3915 perversa
732 3847 812 3900 sunt.
825 3845 929 3903 'ianta-
985 3845 1105 3917 ρητικῶς
1121 3842 1309 3914 (enecuere)
1325 3845 1423 3898 autem
1438 3840 1500 3896 hec
1514 3839 1615 3897 omnia
1634 3839 1670 3897 ad
1685 3839 1808 3898 lemae

98 3948 160 4004 que
183 3930 366 3988 eritmisere
389 3929 555 3988 ierusalem
579 3931 721 4004 correptio
743 3936 831 4004 atque
846 3932 928 4005 igno·
984 3930 1042 3987 lem
1058 3930 1189 4002 loquitur
1204 3930 1382 4002 Deus,quod
1399 3929 1531 3985 invenire
1547 3944 1606 3984 non
1621 3928 1725 3998 velem,
1748 3932 1808 4002 qu'o

103 4017 211 4087 mnia,
227 4021 259 4075 ut
275 4019 453 4078 erubescant
475 4019 564 4076 etiam
579 4021 658 4077 110
672 4019 744 4093 ipsu
756 4021 929 4079 adversarie
985 4021 1174 4093 egrotantem
1189 4021 1218 4075 et
1233 4017 1410 4075 seminecem
1418 4017 1514 4090 possit
1523 4028 1626 4074 curare
1636 4008 1808 4075 medicami-

102 4110 266 4182 petsstatcs
285 4124 375 4181 super
390 4111 560 4165 nostrorum
576 4109 780 4182 magnitudine
795 4116 929 4181 peccato·
985 4124 1022 4164 ne
1035 4126 1042 4176 ;
1056 4109 1139 4179 juxta
1152 4107 1226 4164 illud
1249 4107 1327 4178 quod
1343 4107 1447 4164 scribit
1470 4107 1580 4164 isaias:
1599 4107 1672 4175 occid
1680 4115 1722 4164 eet
1736 4107 1808 4180 qaod

100 4214 179 4257 rum.
196 4197 282 4266 Quod
296 4212 351 4253 uos
365 4196 549 4269 interpretati
574 4213 678 4253 sumus
693 4199 781 4270 juxta
795 4199 929 4271 Symma·
984 4196 1065 4254 dctut‘
1080 4197 1154 4253 ultro
1166 4198 1256 4267 lucere
1271 4198 1360 4254 viueae
1371 4211 1440 4253 owe
1459 4204 1486 4253 et
1498 4211 1553 4252 oon
1573 4196 1685 4267 jecerim
1699 4197 1727 4252 ei
1741 4195 1807 4267 tlte.

99 4286 202 4354 mum,
216 4286 373 4342 mitrato:
384 4284 546 4342 'theodotio
561 4284 658 4357 ipsum
673 4286 794 4343 verbum
809 4287 929 4343 Hebrui·
983 4303 1012 4352 v,
1029 4286 1056 4357 i)
1069 4288 1080 4341 l
1093 4286 1128 4341 lit
1142 4288 1232 4342 Osee:
1251 4284 1322 4354 Quid
1336 4286 1387 4341 tibi
1397 4287 1509 4356 sotim,
1521 4282 1750 4357 Ephraimtqus'd
1764 4284 1810 4355 fe·

99 4391 167 4434 cam
177 4373 280 4448 posuit
287 4374 325 4446 (u)
335 4391 436 4430 mursa
444 4373 539 4445 (bnt).
548 4373 781 4431 Sublatisautem
791 4391 928 4432 caeremo·
982 4377 1057 4430 cicm
1066 4373 1125 4444 tibi,
1141 4375 1212 4431 luda
1222 4378 1235 4428 i
1245 4374 1433 4430 Mbemordia
1445 4378 1537 4429 cestra
1551 4374 1631 4444 qacsi
1649 4371 1807 4429 belesme·

101 4464 162 4523 siis
172 4462 370 4536 Deiapopulo
383 4463 564 4530 iudeorum,
576 4462 676 4519 ndnos
686 4479 753 4520 cum
765 4464 928 4521 sacerdotio
984 4465 1082 4531 tutiora,
1105 4469 1130 4519 et
1153 4465 1234 4536 quasi
1251 4479 1296 4519 ros
1310 4477 1392 4518 necue
1412 4463 1599 4534 pertransient
1621 4460 1699 4534 (Osee
1711 4477 1752 4530 ιι,
1768 4460 1806 4534 ll.

100 4552 209 4612 malt
222 4555 254 4610 et
275 4549 432 4624 legislatio,
458 4550 572 4608 dicente
596 4553 762 4624 Scriptura:
780 4553 928 4621 Constitue,
943 4573 967 4639 D
986 4549 1152 4607 idololatria
1165 4551 1243 4606 enirn
1259 4554 1311 4607 tua
1324 4549 1420 4605 nonin
1436 4548 1562 4616 occulto,
1583 4549 1633 4607 sed
1649 4546 1809 4605 totaliter·

102 4641 227 4708 nmine,
252 4640 438 4712 inuisiorem
459 4655 542 4711 saper
565 4656 610 4697 eos
634 4642 721 4709 (Paci.
747 4657 786 4709 ιιι,
812 4642 868 4710 21).
893 4642 928 4697 lit
982 4644 1042 4696 late
1056 4639 1214 4695 commissa
1224 4643 1279 4705 est,
1291 4642 1325 4695 ut
1339 4639 1368 4694 in
1383 4638 1643 4694 omnibusviarum
1655 4634 1810 4710 principiis

103 4730 136 4788 iu
150 4727 208 4786 alio
218 4729 298 4788 loom
323 4730 420 4802 tepea
431 4744 504 4802 poue
517 4729 602 4798 mibi,
623 4731 748 4799 Durine,
765 4732 794 4785 in
821 4731 867 4786 cic
881 4738 930 4787 tuo
983 4732 1012 4784 et
1026 4727 1162 4799 compitis
1176 4742 1300 4800 poneres
1314 4743 1391 4794 aras,
1407 4731 1437 4782 et
1457 4726 1566 4794 basim,
1586 4724 1647 4781 sive
1660 4722 1809 4782 excelsum

100 4818 189 4891 tent.
202 4834 281 4888 uss,
295 4816 352 4890 ll).
982 4821 1078 4882 tuum,
1090 4817 1125 4870 de
1136 4832 1194 4887 qua
1203 4816 1441 4888 supradiximus,
1450 4815 1560 4871 iaceres
1570 4815 1599 4869 ia
1609 4813 1690 4869 omni
1700 4811 1808 4885 platea

134 4907 231 4980 (Vera.
245 4908 293 4977 28,
311 4906 368 4979 .)29
382 4906 415 4962 Et
423 4907 566 4978 semicoro
578 4921 606 4963 es
620 4908 651 4961 in
661 4907 929 4980 fitiisdsayrioram:
983 4905 1041 4961 Nec
1057 4903 1172 4960 imitata
1186 4908 1231 4961 est
1246 4903 1368 4960 callidas
1382 4902 1561 4975 meretrices,
1574 4918 1638 4975 que
1651 4901 1747 4959 solent
1756 4902 1811 4960 dil·

100 5102 140 5158 es,
151 5102 204 5144 sac
220 5086 264 5145 sie
275 5099 306 5141 es
328 5085 442 5142 emto.
457 5085 490 5140 st
506 5084 699 5157 multiplicasti
718 5087 930 5158 temtationem
984 5086 1129 5141 amatores
1139 5082 1176 5138 ad
1184 5081 1330 5138 insanium
1340 5095 1505 5153 provocare.
1514 5077 1582 5137 sive
1592 5081 1678 5152 iusta
1686 5080 1810 5154 septua-

102 5183 179 5235 tm
192 5177 226 5232 ie
239 5178 317 5233 imo
334 5173 469 5231 Cbouaca
480 5189 545 5229 eam
559 5173 704 5243 discideret,
727 5183 753 5231 et
765 5190 817 5232 uec
830 5178 871 5231 sie
884 5191 929 5231 su·
983 5173 1083 5245 ginta:
1100 5171 1162 5227 Nou
1174 5169 1255 5226 luisti
1265 5169 1349 5242 quusi
1359 5168 1498 5225 meretrix
1507 5184 1691 5243 congregans
1698 5184 1810 5227 merca·

102 5267 173 5325 aaa
190 5279 231 5322 es.
249 5261 336 5322 LXX:
358 5262 446 5334 impie
457 5263 547 5332 eabe,
563 5266 589 5320 et
611 5265 751 5335 scrutato
768 5279 797 5320 es
817 5265 847 5319 in
858 5262 930 5333 filios
983 5261 1046 5326 des,
1063 5260 1113 5317 sed
1129 5259 1237 5316 dedisti
1254 5275 1318 5330 que
1343 5257 1473 5330 accipere
1488 5257 1643 5330 debueras,
1660 5262 1694 5315 ut
1708 5272 1763 5314 nea
1778 5257 1810 5315 in

102 5355 199 5422 lese:
213 5354 242 5412 d
253 5366 306 5410 see
317 5352 358 5410 eie
370 5353 475 5408 tutius
487 5367 532 5409 ee:
544 5355 570 5408 ei·
584 5353 726 5422 fornicato
739 5367 779 5419 es,
794 5360 820 5408 et
834 5367 888 5408 noa
904 5366 931 5409 es
984 5366 1018 5408 eo
1033 5349 1110 5422 quod
1130 5349 1272 5406 fornicata
1286 5363 1329 5413 es,
1355 5351 1384 5403 et
1400 5350 1501 5404 secuta
1524 5348 1683 5415 demones,
1708 5360 1811 5406 eonas

102 5444 225 5517 repleto:
235 5450 261 5498 et
267 5440 464 5513 multiplicasti
476 5444 638 5497 tetamento
646 5443 692 5497 tuo
705 5441 742 5496 cd
752 5439 931 5497 tenomdba·
986 5437 1179 5511 protegereris
1194 5434 1312 5503 auxilio,
1329 5435 1382 5491 sed
1399 5435 1487 5492 variis
1502 5450 1643 5508 oppressa
1656 5433 1811 5508 captivita-

138 5659 180 5730 (α)
193 5655 380 5715 maneus
395 5668 462 5711 cum
476 5655 533 5726 iod.
549 5654 733 5726 intermedio,
748 5665 822 5717 anit
836 5673 842 5727 ;
858 5660 903 5713 est
917 5656 1016 5713 autem
1030 5667 1137 5711 cemma
1153 5650 1362 5726 utplurimum
1376 5648 1515 5724 cogitatio
1530 5648 1561 5706 in
1576 5646 1703 5710 malam.
