3818 6104
730 272 763 342 S.
786 273 944 343 sussen
964 274 1187 344 monentur

1737 272 1786 339 til

96 416 229 476 immoin
246 412 409 489 negatione.
426 411 573 487 Quidquid
589 412 667 469 enim
683 412 853 485 loquuntur,
871 429 920 468 ue·
935 413 963 479 Α
977 418 1022 468 ter
1036 413 1192 469 simulasse
1206 411 1386 481 videatur,ea
1399 410 1546 487 sapientia
1561 427 1628 484 quse
1645 408 1787 468 destruitur

98 506 282 581 gatio‚immo
299 503 484 559 mendacium
497 507 541 559 est
553 521 559 559 :
571 508 600 559 et
611 503 794 559 circumdant
808 519 875 557 eum
891 502 921 557 iu

96 597 175 663 dolo,
191 595 251 651 sive
262 594 292 648 iu
303 593 452 664 impietate
462 593 568 648 domus
583 590 670 647 lsrael
686 596 773 659 3dum
787 591 922 646 universa

98 704 160 759 qna
176 683 327 751 simulant,
345 682 448 737 artifici
470 698 605 738 sermone
619 684 808 753 componunt,
823 686 851 735 et
866 680 921 735 im-

97 775 233 848 pietatem
244 772 515 844 loquuuturconlre
528 769 797 826 Dominum.lndas
813 775 920 840 autem,

96 863 151 920 boo
162 867 216 930 est,
232 861 276 916 vir
290 859 515 925 aeclesiasticus,
532 876 588 915 non
605 857 746 930 superbit,
763 875 820 913 non
837 857 920 912 intla-

96 957 145 1008 tur
160 957 273 1007 tumore
288 948 433 1014 haeretico,
450 948 500 1004 sed
528 947 702 1002 humiliatur
721 962 788 1002 eum
812 949 877 1014 ttae,
894 950 922 1001 et

96 1058 163 1098 eum
180 1045 348 1096 sanatorum
361 1036 449 1092 choro
467 1036 560 1092 tidelis
573 1040 617 1092 est
631 1041 660 1091 et
675 1037 832 1091 robustus:
850 1037 920 1090 dum

96 1129 219 1186 aditioat
230 1129 350 1184 domum
363 1143 446 1181 suam
459 1143 546 1198 super
558 1131 747 1196 petramque
759 1124 840 1180 nulla
852 1129 922 1178 lem-

95 1222 207 1291 pestate
218 1216 369 1289 quatiatur
378 1214 580 1286 (hatto).txx
596 1213 687 1269 mullo
699 1212 783 1268 aliter
795 1217 921 1267 transtu·

977 502 1076 570 alteo,
1093 518 1183 574 qnam
1198 505 1226 556 ot
1253 501 1411 573 Apostolus
1439 500 1575 573 praeoipit
1590 497 1787 564 deelinaudsrn,

978 591 1097 648 dicens:
1118 591 1221 656 l'e'dete,
1236 607 1271 646 ne
1286 592 1349 662 qais
1363 606 1409 645 vos
1436 590 1615 662 depraedetur
1626 605 1678 659 per
1691 587 1789 657 philon

977 682 1070 752 phium
1084 690 1110 737 et
1124 682 1234 735 inanem
1249 680 1444 749 seductionem,
1460 678 1618 736 seeundum
1634 676 1792 733 traditiones

976 771 1129 837 doctrinam,
1145 769 1294 825 sariendam
1321 768 1457 825 elementa
1474 768 1575 823 mundi
1590 766 1707 839 (coroa.
1724 782 1752 833 u,
1765 766 1790 836 s).

977 859 1068 915 Sedet
1079 858 1176 915 oleum
1188 858 1280 913 sertin
1292 857 1523 930 eEgyptomsire
1533 856 1791 927 mereaturtllgypti

976 947 1161 1019 sapientiam,
1176 946 1386 1002 Ecclesiastiois
1401 946 1523 1017 cupiens
1547 945 1677 1000 miseere
1693 945 1792 1016 dogne

976 1036 1054 1092 tibus
1070 1036 1166 1092 oleum
1183 1035 1340 1105 unctionis,
1371 1052 1429 1106 quo
1451 1034 1644 1107 ungebantur
1660 1032 1791 1105 prophete

976 1143 1008 1181 ae
1023 1126 1199 1192 sacerdotes,
1216 1141 1274 1197 quo
1287 1124 1474 1196 ungebantur
1488 1128 1518 1178 et
1533 1126 1697 1195 regesfloo
1712 1122 1792 1177 oleun

976 1214 1084 1270 babent
1098 1220 1127 1270 et
1142 1214 1246 1281 saneti,
1263 1214 1298 1269 de
1314 1214 1422 1285 quibus
1436 1212 1564 1268 dicitur:
1596 1211 1670 1268 Filii
1684 1213 1727 1266 tui
1739 1213 1793 1266 suu

95 1305 211 1362 lerunt:
228 1306 307 1376 quod
323 1309 351 1359 et
366 1303 504 1376 Ephraim
520 1308 549 1359 et
563 1304 669 1359 domus
685 1305 770 1358 lsrael
787 1307 814 1357 et
828 1303 921 1357 ludas
974 1305 1243 1361 norellsroliearum
1258 1304 1419 1358 incircuitu
1439 1317 1537 1356 mensae
1551 1303 1610 1355 tuae
1627 1304 1688 1371 (Ps.
1704 1316 1793 1368 euru,

95 1393 342 1450 eiroumdederint
356 1397 444 1447 Deum
470 1393 499 1447 in
512 1392 663 1448 mendacio
677 1397 705 1447 et
716 1392 745 1446 in
761 1391 920 1463 impietate,
976 1395 1013 1465 l).
1030 1393 1064 1448 Et
1074 1392 1150 1447 bona
1161 1391 1236 1447 oliva
1248 1390 1278 1445 in
1289 1408 1348 1463 qua
1363 1391 1486 1446 oleaster
1497 1394 1600 1445 noster
1610 1388 1742 1444 insertus
1752 1392 1793 1444 est

95 1488 124 1539 et
138 1487 224 1538 luntre
240 1480 450 1538 elementiaesit
465 1486 539 1537 Deus
551 1487 649 1537 utnon
661 1481 697 1536 ab
713 1480 754 1536 eis
768 1480 922 1535 abscindat
975 1481 1113 1547 Quamvis
1128 1487 1227 1536 antem
1243 1484 1385 1536 conentur
1408 1478 1536 1534 haeretiei
1552 1477 1673 1533 veritati
1690 1478 1795 1533 miseere

94 1587 178 1643 spem
190 1570 295 1627 salutis
309 1589 315 1639 ;
327 1571 377 1626 sed
395 1575 551 1642 cognoseat
566 1569 674 1636 illos‚et
688 1573 806 1641 paratus
826 1568 921 1623 sitvo·
976 1569 1273 1637 mendacium,oleum
1293 1568 1378 1640 aquis
1393 1572 1421 1623 et
1432 1568 1543 1623 celeris
1559 1565 1756 1622 humentibus
1767 1570 1796 1620 at

95 1675 160 1715 aare
178 1658 470 1732 populumsauetum
499 1665 527 1713 et
550 1659 690 1730 populum
704 1657 763 1727 Dei,
778 1656 826 1728 qui
843 1672 922 1711 nune
975 1676 1032 1731 que
1049 1658 1228 1730 liquentibus
1244 1658 1333 1713 rebus
1345 1674 1402 1712 uon
1418 1661 1514 1728 potest
1529 1654 1796 1727 copularisemper

94 1748 244 1820 impietate
257 1764 410 1820 perversus
420 1752 472 1803 est.
489 1747 577 1802 Juxta
589 1745 778 1817 tropologiam
793 1761 920 1816 quoqne,
975 1749 1080 1804 veritas
1096 1764 1185 1817 supra
1200 1751 1255 1814 est,
1287 1747 1483 1817 deorsumque
1509 1745 1717 1800 mendacium.
1736 1745 1794 1800 186

95 1836 168 1892 velle
185 1840 275 1891 Deum
290 1839 319 1891 et
333 1834 485 1890 haereticos
513 1833 630 1901 salvari,
656 1838 684 1888 ot
707 1833 920 1889 ecclesiasticus
975 1837 1083 1892 Omnes
1109 1835 1170 1890 alim
1186 1835 1309 1907 speeies,
1327 1835 1424 1900 idest,
1445 1833 1583 1903 hareses,
1601 1850 1669 1905 quae
1685 1848 1742 1889 uon
1756 1832 1795 1887 ha·

94 1928 272 1998 peccatores,
289 1929 317 1979 et
333 1939 435 1979 omnes
450 1940 503 1978 suo
518 1921 659 1978 vocabulo
675 1921 849 1994 nuncupari.
866 1921 921 1986 Qui
975 1926 1055 1992 bent,
1075 1930 1106 1979 nt
1120 1922 1358 1992 diximus,oleum
1374 1922 1652 1993 veritatis,possunt
1668 1921 1726 1977 sibi
1739 1920 1796 1976 mis·

95 2017 194 2068 autem
209 2027 274 2066 vere
290 2014 410 2066 sanetus
433 2015 488 2077 est,
517 2027 574 2066 non
599 2010 762 2065 circumdat
785 2013 875 2065 Deurn
891 2009 920 2064 in

95 2100 258 2168 mendacio,
276 2099 325 2155 sed
343 2099 371 2153 in
389 2098 520 2168 veritate,
548 2097 704 2154 Psalmista
719 2098 850 2155 dicente:
867 2100 921 2155 Po·

95 2197 152 2245 tens
167 2206 205 2257 es,
221 2190 357 2245 bertine:
374 2197 399 2243 et
415 2190 516 2244 vendas
532 2195 580 2244 tuu
596 2189 626 2243 in¹
639 2188 760 2243 circuitu
775 2196 820 2244 tuo
835 2188 921 2260 (Psal.

99 2278 286 2349 mnarum).

133 2368 212 2439 (Cap.
224 2366 284 2421 Xll.
301 2396 334 2405 -
358 2368 440 2421 Vers.
459 2365 496 2436 l.)
507 2365 639 2437 Ephraim
661 2367 747 2437 poscit
763 2374 882 2430 ventum,
898 2367 923 2421 et

95 2457 220 2528 sequitur
233 2461 332 2522 sestam
347 2473 356 2510 :
372 2461 427 2510 tota
455 2454 499 2510 die
526 2455 703 2510 mortuarium
721 2464 748 2511 et
771 2457 925 2510 uastitatem

97 2546 285 2618 multiplicat:
302 2551 327 2599 et
336 2544 423 2616 [vadus
433 2560 495 2599 curn
519 2544 640 2616 Assyriis
650 2546 735 2599 iniit:
751 2549 779 2600 et
790 2544 880 2600 oleum
894 2544 924 2597 in

98 2637 246 2707 AEppptum
272 2634 389 2706 [erebai.
420 2632 506 2688 LXX:
532 2634 665 2704 Ephraim
688 2637 779 2689 autern
793 2635 924 2704 pessumas

95 2725 380 2796 spiritus,proseoulus
394 2725 541 2776 estensium
551 2739 561 2775 :
576 2721 687 2777 triadis
703 2723 799 2777 tironia
814 2725 840 2777 et
856 2736 925 2776 traua

96 2812 331 2882 multiplicavitet
344 2813 536 2864 testamentum
557 2826 620 2864 cnm
635 2811 754 2882 Assyriis
768 2811 883 2882 pepigit,
898 2813 927 2865 et

97 2899 189 2955 oleum
200 2899 228 2952 in
244 2900 360 2968 AEpppto
373 2896 557 2952 mercabatur.
575 2903 662 2952 Saura
679 2902 777 2953 narrat
791 2896 923 2968 historia,

98 2985 242 3041 Menehen
258 3000 355 3057 regem
375 2984 474 3051 lsrael,
491 3001 561 3057 pace
590 2986 667 3041 laeta
687 3002 753 3040 cum
769 2988 870 3055 Assur,
888 2985 924 3041 ab

97 3073 238 3147 AEgyptiis
249 3072 392 3128 auxilium
408 3072 575 3145 postulasse
587 3075 635 3145 (lv
651 3075 714 3145 Rep.
728 3074 784 3145 xv),
800 3075 878 3129 ess
894 3079 923 3129 et

976 2014 1076 2083 oeri,el
1090 2015 1125 2068 de
1141 2013 1275 2085 pluribus
1290 2029 1381 2067 unum
1398 2010 1473 2066 effici
1490 2027 1613 2082 eorpus.
1629 2010 1688 2065 Sed
1704 2010 1793 2066 harum

976 2102 1074 2158 oleum
1104 2102 1179 2173 quod
1210 2102 1338 2156 defertur
1366 2100 1394 2154 in
1424 2100 1596 2172 AEgypturn,
1628 2104 1658 2154 et
1680 2099 1794 2154 deterre

977 2196 1078 2248 saneta
1100 2191 1135 2245 ad
1165 2188 1325 2245 Pharaonis
1354 2205 1442 2260 regna
1463 2188 1628 2258 descendit,
1646 2188 1793 2244 detestatur

977 2280 1130 2354 propbeta,
1146 2280 1267 2335 dicens:
1292 2279 1387 2335 illesam
1400 2279 1548 2350 peccatoris
1583 2293 1641 2332 non
1658 2279 1792 2349 imperaret

977 2373 1059 2442 copul
1072 2384 1163 2423 vntum
1176 2368 1233 2439 (Ps.
1250 2383 1313 2432 exn,
1328 2365 1367 2430 5).

1013 2458 1106 2529 (lars.
1116 2457 1163 2526 2,3
1173 2465 1200 2511 et
1211 2459 1305 2527 seqq.)
1320 2455 1458 2511 laeticiam
1473 2468 1536 2524 erpo
1551 2454 1668 2510 Domini
1681 2452 1735 2523 (Al.
1748 2453 1789 2521 bn)

978 2564 1041 2604 oum
1055 2546 1128 2603 tuda
1140 2563 1149 2599 .·
1160 2549 1185 2600 el
1204 2546 1326 2600 visitatio
1340 2560 1424 2612 serpet
1446 2544 1552 2610 tarob,·
1568 2544 1653 2610 iunio
1667 2546 1726 2599 trias
1738 2543 1788 2609 eius,

978 2639 1088 2709 etjneta
1103 2635 1310 2689 adinventiones
1325 2635 1383 2704 ejus
1394 2631 1485 2687 reddet
1501 2628 1557 2703 (sl.
1576 2632 1701 2703 reddere)
1723 2633 1755 2686 ei.
1766 2631 1787 2684 ln

979 2727 1055 2780 utero
1070 2724 1259 2795 supplantavit
1273 2723 1388 2793 [rot-rem
1397 2737 1479 2775 suurn
1492 2723 1533 2774 :et
1545 2721 1576 2774 in
1585 2720 1787 2791 tortitudinem

978 2813 1098 2869 directus
1112 2819 1151 2868 est
1164 2829 1225 2866 eum
1240 2811 1345 2881 angelo,
1370 2814 1397 2864 et
1425 2809 1544 2864 irnaluit
1573 2809 1609 2864 ad
1628 2809 1786 2880 angelumet

979 2905 1146 2971 contortatus
1160 2904 1199 2955 est
1209 2917 1218 2955 :
1228 2900 1312 2969 [levit.
1325 2907 1351 2953 et
1365 2899 1472 2968 repa-eit
1485 2914 1560 2964 enrrr,
1578 2899 1608 2952 in
1622 2898 1716 2953 Belliel
1729 2899 1786 2951 inre

979 2994 1020 3046 ntt
1035 2992 1136 3055 esemel
1151 2990 1190 3042 iti
1204 2990 1307 3043 loeutus
1331 2992 1370 3042 est
1384 2988 1533 3054 scabiarum,
1550 2996 1576 3041 et
1590 2988 1722 3042 Dominus
1735 2988 1786 3041 teu

979 3081 1158 3137 terrestrum.
1176 3079 1304 3133 Dominus
1319 3079 1477 3131 memoriale
1502 3077 1570 3146 ejus,
1587 3079 1614 3130 et
1629 3084 1657 3131 tu
1671 3077 1706 3131 ad
1720 3076 1787 3130 man

96 3163 151 3219 hoc
166 3163 297 3234 estquod
316 3179 393 3217 nune
403 3162 520 3230 dieitur,
533 3162 669 3235 Ephraim
681 3179 797 3234 pascere
807 3168 918 3234 ventos,
935 3152 956 3219 C
976 3178 1052 3225 tuum
1066 3169 1248 3224 conuertens:
1264 3166 1483 3222 misericordiam
1497 3169 1524 3222 et
1534 3166 1678 3238 judicium
1690 3163 1785 3229 castili,

96 3250 126 3306 id
142 3255 251 3323 est,spe
265 3268 338 3305 vana
354 3267 386 3306 se
401 3250 543 3323 deripere,
569 3250 711 3323 sequique
730 3253 768 3324 (a)
783 3249 919 3323 salsura,
975 3262 1002 3314 et
1017 3274 1097 3328 spera
1123 3259 1152 3311 tn
1168 3257 1220 3311 ltro
1235 3260 1281 3311 tuo
1294 3271 1409 3327 seraper.
1433 3255 1519 3310 Lxl':
1548 3256 1582 3309 Et
1594 3257 1738 3327 judicium
1751 3255 1786 3310 tte

97 3338 151 3394 hoo
164 3344 218 3410 est,
234 3344 381 3408 attenuet
395 3339 437 3394 iro
453 3340 488 3395 ad
514 3339 676 3410 Meridiem,
693 3338 826 3411 nihilque
841 3339 920 3396 aliud
975 3349 1051 3402 mirso
1068 3344 1120 3418 (ΑΙ,
1137 3346 1255 3417 Domini)
1279 3360 1341 3400 cum
1367 3344 1451 3414 teuta,
1481 3349 1510 3399 at
1539 3344 1687 3400 ulciscatur
1712 3343 1787 3403 lacot,

96 3444 182 3502 agere
198 3433 259 3484 tota
283 3427 330 3484 dia
353 3428 410 3484 nisi
427 3429 482 3485 sibi
496 3428 627 3484 illudere.
643 3429 757 3484 Etdnru
771 3429 829 3484 huo
839 3427 920 3484 illuc·
972 3438 1055 3508 juxto
1070 3437 1128 3490 aias
1143 3435 1212 3503 eius,
1235 3442 1260 3489 et
1271 3435 1357 3505 justo
1371 3432 1578 3488 adinventiones
1592 3435 1653 3505 ejus
1667 3432 1752 3488 reddet
1764 3430 1788 3486 ei.

97 3534 154 3590 que
164 3517 490 3585 discurrat,rastitatem
501 3517 718 3573 etoversionem
728 3516 789 3572 suis
800 3518 922 3574 urbibus
976 3527 1008 3582 tu
1020 3533 1096 3580 utero
1110 3523 1294 3595 supplantans)
1317 3524 1432 3592 fratrem
1457 3537 1538 3575 suum
1562 3527 1589 3577 ee
1607 3524 1638 3576 ῑη
1653 3522 1741 3577 taem
1752 3533 1789 3574 sut

97 3624 270 3680 praeparare.
285 3609 388 3662 Annon
406 3610 451 3662 est
475 3607 596 3662 vastitas
622 3611 710 3678 atque
726 3606 922 3673 mondaeinm,
975 3614 1126 3687 praepatute
1141 3613 1232 3676 lienes
1248 3612 1417 3680 confortatas
1444 3619 1483 3664 est
1511 3626 1576 3666 cam
1593 3611 1786 3680 anpetnotpo·

97 3695 244 3769 pepigisse
260 3695 353 3751 loedus
370 3712 437 3750 eum
451 3695 592 3767 Assyriis,
618 3699 645 3750 et
659 3694 756 3751 oleum
773 3693 877 3750 tulisse
891 3695 922 3748 iu

97 3784 253 3857 AEgyptum
264 3785 277 3839 ‘l
288 3780 489 3859 συνεκδοχικῶς
506 3801 522 3838 a
533 3789 613 3857 parte
624 3784 810 3855 totum,quod
825 3783 924 3838 videli-

97 3876 142 3927 eet
153 3889 274 3928 munera
284 3873 425 3945 AEgyptiis
436 3872 641 3929 miserittieet
652 3873 772 3944 quidam
784 3871 924 3929 arbitren-

97 3964 146 4015 tur
156 3961 429 4032 quodnequuquam
439 3960 468 4015 in
480 3961 600 4034 AEgypto
613 3960 708 4016 oleum
720 3961 864 4033 gignitum
873 3960 923 4016 sed

97 4047 344 4118 pretiosissimum
361 4048 487 4106 missum
501 4066 564 4105 esse
575 4050 611 4104 ab
622 4050 859 4122 Ephraim,eujus
870 4053 925 4104 ter-

97 4133 268 4189 raSamaria
279 4134 333 4190 olei
343 4135 526 4191 fertilissima
534 4137 680 4193 estPorro
692 4138 854 4194 seeundum
866 4143 923 4193 tro·

98 4220 244 4294 pelagiam
252 4223 488 4280 omnesheeretiei
497 4225 623 4296 pessimo
637 4226 802 4282 denienum
819 4226 924 4298 spiritu

98 4309 295 4378 eontinentur,
312 4313 348 4367 de
378 4330 435 4385 quo
459 4316 488 4368 et
504 4313 531 4368 in
549 4314 687 4384 apostola
703 4314 844 4386 scriptum
860 4319 922 4371 est:

978 3703 1029 3758 tuit
1041 3720 1049 3755 :
1060 3704 1192 3772 (leserunt
1204 3703 1231 3754 ct
1245 3699 1385 3770 deprecati
1398 3708 1461 3753 sunt
1474 3714 1534 3753 me:
1547 3700 1576 3752 in
1588 3693 1709 3755 domolus
1722 3697 1787 3750 iaet-

977 3794 1077 3847 nerunt
1092 3806 1145 3856 me,
1161 3797 1187 3845 et
1201 3790 1244 3844 ibi
1257 3788 1361 3842 dietum
1376 3792 1415 3842 est
1428 3787 1463 3842 ad
1478 3803 1539 3842 eos:
1567 3787 1790 3843 Darninasauten

978 3881 1047 3934 Deus
1062 3880 1231 3949 astripotens
1245 3877 1299 3931 oril
1313 3876 1476 3930 ertemariute
1491 3875 1590 3945 ejurat
1605 3878 1681 3930 tuin
1696 3876 1745 3929 Dee
1758 3880 1792 3928 tut

978 3964 1373 4031 consederis,misericordiam
1384 3967 1410 4019 et
1418 3963 1557 4035 judicium
1572 3963 1683 4019 custodi
1691 3982 1701 4018 .·
1716 3970 1740 4017 et
1752 3977 1791 4032 up·

977 4058 1131 4128 propinqua
1148 4056 1199 4109 Deo
1214 4063 1261 4109 tao
1275 4069 1389 4124 serrrper.
1406 4051 1545 4125 Ephraim
1561 4052 1656 4108 semel
1672 4052 1794 4125 pascente

979 4147 1121 4209 venisset
1136 4146 1274 4212 sequente
1303 4141 1498 4207 mendacium,
1516 4141 1614 4212 quiin
1633 4146 1744 4197 tantam
1758 4151 1793 4193 ve·

979 4232 1023 4287 nit
1036 4229 1205 4297 amentiam,
1218 4235 1249 4284 ut
1263 4229 1337 4284 inter
1350 4231 1424 4285 duas
1444 4233 1545 4301 gentes
1556 4228 1741 4286 adversarias
1754 4227 1794 4282 du·

979 4321 1045 4377 hius
1069 4320 1236 4388 fluctuaret,
1260 4318 1369 4374 faciens
1396 4334 1496 4390 pacem
1524 4334 1591 4373 oum
1618 4317 1756 4391 Assyriis,
1775 4313 1794 4369 el

25 4424 28 4431 ·
97 4400 231 4457 Aduersus
240 4402 401 4473 spiritualia
411 4403 544 4473 nequitie
559 4403 589 4456 in
597 4401 751 4458 celestibus
766 4404 872 4475 (Epltes.
883 4422 923 4470 vr,
979 4410 1076 4467 oleum
1092 4413 1212 4481 portans
1228 4407 1257 4462 in
1273 4408 1520 4479 AEgyptummune
1536 4406 1612 4461 mihi
1628 4423 1715 4463 omne
1726 4401 1792 4477 iudi·

99 4490 193 4562 10).Et
205 4490 377 4547 immundus
387 4492 509 4564 spiritus
519 4507 586 4547 oum
597 4491 699 4547 exierit
709 4493 745 4547 ab
758 4492 886 4560 homine,
897 4498 925 4551 et
940 4520 963 4585 D
979 4500 1058 4557 oium
1074 4503 1118 4554 est
1134 4513 1200 4553 oum
1211 4496 1329 4563 ludaei
1346 4496 1470 4551 visitatio
1486 4495 1690 4568 superlaeob.
1702 4494 1794 4550 Visite·

98 4581 229 4652 requiem
246 4596 303 4636 non
320 4580 471 4650 invenerit,
501 4586 611 4653 septem
637 4581 711 4637 alios
736 4582 857 4653 spiritus
873 4602 922 4641 ne·
979 4589 1088 4646 tionem
1106 4592 1204 4642 autem
1217 4589 1301 4640 vocat
1312 4583 1428 4657 tlagella
1449 4590 1536 4656 atque
1551 4584 1745 4657 supplicia,ul
1758 4575 1795 4654 qui

99 4669 217 4742 quiores
233 4685 264 4725 se
279 4668 333 4724 sibi
361 4670 489 4742 copulat,
504 4676 533 4727 et
548 4670 583 4726 ad
599 4670 755 4742 pristinam
771 4672 925 4728 revertitur
977 4676 1115 4749 Ephraim
1132 4673 1268 4741 reddidit,
1285 4673 1363 4745 qnod
1389 4675 1565 4743 merebatur,
1582 4673 1668 4729 lude
1684 4684 1795 4744 quoque,

99 4759 218 4814 domum
235 4758 377 4831 (tuaxu).
388 4760 498 4832 Spiritu
514 4761 602 4832 igitur
616 4760 745 4832 pessimo
760 4767 925 4833 sequuntur
978 4764 1028 4837 qui
1044 4765 1079 4819 de
1094 4763 1279 4819 tarobertus
1295 4766 1339 4817 est
1353 4762 1474 4829 semine,
1489 4762 1591 4817 reddat
1603 4763 1691 4833 juxta
1705 4761 1765 4817 vias
1778 4760 1797 4814 st

99 4845 233 4916 salsave,
244 4847 273 4902 id
289 4848 517 4917 est,ariditotem,
533 4848 592 4904 sive
607 4854 718 4904 trentam
727 4854 861 4920 urerrtem,
874 4850 924 4922 qui
974 4856 1059 4926 juxta
1076 4851 1295 4908 adinventiones
1310 4867 1391 4919 suas,
1417 4851 1467 4923 qui
1482 4868 1540 4905 non
1558 4856 1675 4906 lantum
1691 4849 1797 4907 tonuiu

100 4937 264 4993 contrarius
280 4936 401 4994 lloribus
416 4943 471 5007 est,
486 4943 515 4995 et
534 4936 731 5011 germinantia
745 4943 850 4995 eunota
864 4939 924 4994 dis·
979 4958 1075 4998 errore
1090 4941 1230 5013 deceptus
1240 4943 1327 5007 estet
1342 4938 1472 4995 humane
1487 4939 1615 4994 oonoidit
1631 4938 1798 5010 tragilitute;

101 5025 206 5097 perdit,
223 5029 283 5081 tota
299 5026 345 5081 die
357 5027 457 5084 inania
471 5042 618 5097 vacuaque.
635 5032 774 5092 sectatur,
791 5043 843 5083 nee
859 5043 924 5098 pro-

100 5113 163 5186 prio
190 5130 287 5170 errore
302 5120 455 5172 contentus
484 5118 539 5185 est,
562 5116 612 5170 sod
630 5115 738 5171 multos
752 5114 924 5186 discipulos,

101 5201 191 5256 immo
207 5202 329 5257 comites
344 5220 403 5258 sum
415 5205 552 5260 vanitatis
561 5203 728 5275 errorisque
738 5203 924 5276 multiplicat.

104 5289 207 5344 Foedus
220 5305 337 5360 quoque
351 5291 420 5346 laeit
434 5308 501 5347 enm
513 5291 779 5364 assyriisquorum
790 5292 925 5365 prineeps

102 5381 147 5431 est
162 5393 266 5434 sensus
282 5385 455 5450 magnus‚ut
468 5396 659 5453 quaecumque
673 5379 798 5450 finxerit,
813 5381 926 5453 sapien·

979 5031 1029 5087 sed
1039 5029 1224 5102 inquisivitet
1235 5027 1382 5084 adinvenit
1394 5027 1424 5084 in
1436 5028 1544 5100 quibus
1556 5033 1691 5100 pensaret
1701 5034 1731 5083 et
1745 5040 1804 5082 rue·

979 5123 1032 5177 ret.
1044 5118 1166 5189 Exponit
1180 5121 1277 5172 autem
1293 5120 1404 5187 quanta
1418 5117 1495 5173 bees
1510 5115 1674 5184 ludas,hoo
1688 5123 1744 5182 est,
1760 5114 1804 5171 Ja-

980 5209 1033 5264 eob
1049 5204 1202 5277 acceperit,
1219 5208 1247 5259 ot
1258 5204 1288 5259 in
1299 5209 1381 5276 patre
1396 5204 1474 5260 lilius
1490 5204 1672 5273 nominatur,
1689 5202 1809 5260 veteris*

980 5313 1037 5369 que
1053 5294 1219 5350 recordatur
1231 5292 1408 5360 historiae,ut
1422 5299 1450 5350 et
1466 5294 1516 5350 Dei
1530 5292 1810 5364 miserirordiaerge

980 5384 1111 5451 laoob,et
1125 5381 1204 5438 illius
1220 5387 1321 5438 eontra
1348 5383 1505 5439 Dominum
1525 5380 1637 5438 duritia
1651 5397 1807 5455 eognosca-

104 5495 165 5551 ἐπικ
184 5499 308 5556 desines:
326 5503 460 5561 Manlau.
476 5503 597 5566 retinuit
611 5504 750 5561 vitiosum
764 5501 926 5580 ἐπαράτων.

139 5517 180 5638 (ai
189 5568 270 5626 Unus
279 5570 584 5649 Palatinnatpaqnod
594 5575 672 5634 idern
682 5580 777 5634 sonat.
795 5576 828 5633 m
837 5578 1022 5655 panlqpost,
1039 5577 1072 5631 lt
1081 5593 1137 5635 non
1150 5588 1209 5649 est;
1225 5577 1275 5651 al,
1291 5579 1344 5636 Aut
1358 5596 1413 5638 non
1427 5585 1466 5638 est
1480 5581 1605 5650 trastilos,
1626 5583 1685 5637 ete.
