3840 6098
332 285 705 351 eohnnnrnalonttlt
727 285 768 347 tlt
789 283 943 349 tenneli
963 283 1092 349 LIBER.
1114 284 1200 348 ene.
1222 286 1262 349 ll.
1587 286 1648 371 9⁷⁰.

81 417 407 491 serationiddenvdl.
427 419 501 491 Ergo
525 420 576 491 qui
599 419 765 492 incastiga-
781 421 805 486 Α
823 434 911 488 quum
942 417 1106 474 sacerdotes
1129 435 1181 490 pro
1210 418 1317 492 populo
1346 418 1493 491 deprecati
1522 427 1601 489 sunt,
1617 425 1647 479 et
1675 398 1681 408 .

81 504 767 580 ins,etjejuaioatqueeleemosyoisdieitseage·
822 505 976 561 dixerunt:
993 510 1078 563 Parce
1092 507 1215 575 Domine,
1242 509 1342 580 populo
1365 512 1421 574 too,
1438 511 1573 566 eineder
1588 510 1646 568 he·

81 595 196 661 entiam,
209 595 317 651 frustra
328 596 380 651 hoc
391 612 526 651 sermone
544 595 697 667 promittit,
711 594 767 650 nisi
822 595 1045 651 reditotemtuam
1056 597 1085 650 in
1098 599 1281 668 opprobrium,
1294 597 1418 669 fecitque
1429 598 1555 671 populus
1566 599 1644 671 quod

81 699 112 739 ur
120 683 156 739 de
166 683 254 739 cubili
264 701 328 751 suo,
338 690 367 738 et
377 688 510 739 sanctum
523 683 768 755 purumquejeJ‘n-
823 687 998 754 praeceptum
1013 688 1067 752 est,
1087 689 1118 738 ut
1131 685 1324 741 sanctificaret
1334 685 1494 758 jejunium,
1504 686 1645 759 predica·

81 769 145 829 dieu
155 772 267 845 expleat
278 771 455 844 poenitentia.
465 772 606 844 Quodque
617 772 764 843 sequitur:
823 776 866 824 ret
880 771 1071 839 curationem,
1087 779 1275 846 congregaret
1291 775 1343 841 [at.
1368 776 1492 847 cogeret]
1514 775 1646 832 multitu·

81 861 204 916 titutum
218 869 243 916 ct
257 862 348 916 altare
360 859 512 932 plorabant
535 860 699 928 Sacerdotes,
717 877 767 932 pro
821 860 931 923 dinem,
943 861 1139 916 sanetificaret
1149 861 1319 927 Ecclesiam,
1337 863 1456 936 eligeret
1468 880 1565 931 senes,
1575 881 1643 937 pur-

89 947 161 1005 LXX
175 949 342 1020 crepidinem
370 948 552 1020 interpretati
577 954 665 1004 sunt:
682 949 767 1022 Sym·
822 946 904 1003 vulos
913 952 941 1003 et
949 953 1086 1021 sugentes
1100 950 1190 1005 ubera
1206 955 1403 1024 congregaret,
1416 956 1444 1007 ot
1458 953 1644 1024 egrederetur

81 1037 116 1113 [el
125 1034 295 1108 spondiazon
307 1056 312 1092 :
325 1037 429 1109 Aquila
438 1033 577 1111 npdiopoe
591 1053 597 1091 ι
609 1037 767 1093 Theodotie
822 1053 947 1109 sponsus
960 1036 996 1092 de
1006 1036 1094 1093 cubili
1117 1055 1180 1104 suo,
1197 1043 1225 1093 et
1235 1056 1344 1110 sponsa
1354 1041 1388 1095 de
1399 1040 1527 1096 thalamo
1537 1057 1599 1112 suo,
1616 1045 1645 1098 et

81 1127 173 1183 rrhum
184 1126 357 1182 Hebraieum
370 1110 767 1198 posuitumulnhlrrhquam
823 1136 1009 1197 nequequam
1019 1127 1098 1181 carni
1110 1131 1139 1182 et
1147 1127 1298 1199 voluptati,
1310 1129 1359 1184 sed
1372 1129 1475 1185 anime
1488 1134 1517 1185 et
1527 1131 1645 1187 lletihus

82 1216 155 1289 sores
169 1214 269 1286 templi
283 1215 472 1286 porticumque
489 1231 646 1285 possumus
661 1214 766 1269 dieera.
823 1213 1005 1270 inservirent.
1022 1215 1130 1270 letatus
1143 1219 1183 1271 est
1198 1218 1327 1272 Dominus
1342 1226 1542 1287 terremsuam,
1554 1234 1644 1290 quam

81 1319 138 1377 pue
153 1303 206 1374 [rt.
223 1303 313 1374 quod]
329 1303 530 1359 sacerdotibus
552 1302 701 1374 precipiat
716 1302 766 1374 qui
822 1302 904 1374 prius
920 1304 1004 1374 quasi
1020 1302 1145 1359 alienam
1161 1309 1386 1378 contempserat,
1400 1310 1428 1361 et
1438 1307 1647 1378 passussnerat

81 1391 157 1449 sistri
173 1391 299 1457 Domini,
316 1397 349 1447 ut
363 1391 477 1463 plorent
497 1391 572 1446 inter
585 1389 768 1462 templumet
822 1389 1077 1447 leeustavastante
1088 1390 1231 1464 populari,
1242 1393 1427 1450 etintantum
1444 1395 1573 1468 pepercit
1583 1413 1645 1468 poe·

81 1483 90 1539 t
103 1479 202 1537 dicant
217 1496 283 1535 eum
294 1477 449 1550 Apostolo:
468 1479 539 1551 Quis
554 1479 728 1549 infirmatur,
742 1482 768 1533 et
822 1477 995 1546 nitentibus,
1012 1484 1044 1535 ut
1056 1497 1106 1536 eos
1121 1480 1225 1553 dignos
1242 1498 1296 1537 sua
1323 1483 1513 1554 responsione
1527 1484 1643 1556 laceret,

81 1567 227 1639 infimam?
242 1570 302 1640 orris
316 1567 534 1637 scandalizatur,
545 1575 570 1622 et
581 1583 691 1637 eponon
702 1581 769 1621 uror
822 1565 997 1639 diceretque,
1010 1568 1149 1640 quoniam
1160 1586 1263 1626 omnes
1275 1570 1373 1643 lruges
1384 1576 1505 1640 vestras,
1517 1571 1643 1642 locusta,

82 1672 122 1728 11,
138 1656 184 1727 29)
198 1659 210 1711 i
224 1657 276 1710 Et:
293 1656 371 1710 itere
384 1671 446 1711 cum
460 1655 596 1724 [tentibus.
615 1655 767 1726 Locusque
822 1654 961 1724 bruchus,
979 1657 1142 1729 rubigoque
1152 1659 1295 1715 vastavit:
1322 1659 1386 1715 ideo
1397 1660 1472 1716 dabo
1485 1660 1566 1716 vobis
1581 1662 1642 1718 tru-

81 1744 219 1802 rnitentiae
245 1747 274 1798 et
302 1743 489 1812 confessioni,
520 1743 663 1814 templum
680 1748 724 1797 est
737 1746 804 1843 etB
821 1747 964 1812 mentum,
976 1747 1004 1799 et
1016 1751 1117 1801 eaetera
1128 1763 1191 1816 quae
1206 1747 1348 1819 propheta
1369 1749 1517 1820 describit,
1528 1755 1556 1805 et
1570 1749 1645 1806 ultra

81 1833 210 1904 locetque
225 1831 295 1903 quid
313 1832 409 1888 dicere
436 1830 560 1887 debeant
588 1831 765 1897 sacerdotes,
818 1848 870 1887 ves
881 1849 938 1887 non
953 1834 1293 1905 tradameaptivitati.Dt
1304 1837 1646 1909 AssyriumatqueChal·

82 1921 188 1979 omodo
199 1920 527 1992 Dominumdeprecari:
540 1926 633 1985 Parce,
641 1920 763 1986 Domine,
819 1920 913 1976 deum
930 1921 979 1993 qui
995 1922 1031 1976 ab
1047 1922 1184 1994 aquilone
1199 1924 1251 1991 [rt.
1267 1941 1285 1979 a
1299 1924 1455 1997 Babylone]
1472 1930 1526 1991 est,
1543 1926 1646 1999 procul

81 2010 184 2082 inqui
213 2010 331 2081 quando
361 2008 507 2080 peccabat,
532 2008 764 2063 vocabaturnen
819 2009 1055 2077 laeiamavobis,
1069 2011 1104 2066 de
1116 2027 1172 2082 quo
1183 2027 1273 2083 supra
1284 2014 1427 2085 scriptum
1445 2015 1646 2083 eameriatus

84 2103 154 2157 tuus
166 2117 173 2153 :
185 2114 263 2153 nuuc
273 2101 430 2170 postquam
455 2096 573 2152 recessit
585 2095 700 2166 avitiis,
715 2112 764 2167 up·
818 2098 924 2153 multus
938 2104 964 2153 et
978 2100 1072 2169 sortis,
1092 2100 1164 2156 m
1182 2109 1245 2156 onte
1259 2103 1360 2172 [taciem
1374 2105 1436 2170 ejas
1451 2104 1644 2174 ionisoeranr,

83 2186 210 2263 populus
226 2192 304 2242 tuus.
321 2187 353 2240 lit
367 2201 402 2240 ne
430 2185 477 2241 des·
491 2184 680 2241 haereditatem
691 2191 767 2239 tuam
819 2189 912 2257 etpost
925 2202 990 2241 eum
1002 2202 1124 2243 exurens
1137 2189 1261 2258 plemma,
1283 2192 1363 2260 quari
1377 2199 1500 2263 aspectus
1514 2207 1647 2262 equorum

81 2276 178 2343 imum,
194 2283 224 2330 ut
239 2274 415 2330 dominentur
430 2275 470 2328 eis
480 2274 613 2328 nationes.
624 2273 764 2344 Apertum
819 2277 941 2345 aspectus
956 2289 1059 2330 eornm.
1078 2279 1112 2330 nr
1124 2276 1272 2346 aspellam,
1288 2276 1393 2349 inquit,
1417 2295 1481 2334 eum
1495 2280 1526 2334 in
1541 2287 1647 2336 terrem

81 2365 213 2437 mequod
225 2362 343 2419 latebat.
355 2361 483 2434 Populus
504 2361 582 2415 enim
593 2359 641 2414 ille
656 2358 766 2415 multus
820 2362 989 2434 solitudinis,
1012 2367 1040 2417 et
1070 2363 1169 2434 primm
1199 2368 1295 2435 partes
1310 2365 1390 2422 illius
1405 2368 1509 2422 eadent
1521 2366 1550 2421 in
1566 2384 1646 2424 mare

86 2452 136 2526 qui
148 2469 238 2523 supra
249 2451 303 2506 sub
315 2466 417 2518 erucae,
430 2453 459 2504 et
472 2448 600 2516 locusta,
612 2446 765 2513 etbruehi,
821 2449 977 2518 Orientale,
994 2454 1023 2506 et
1038 2451 1211 2522 posteriores
1236 2452 1266 2507 in
1296 2470 1376 2510 mare
1397 2455 1601 2523 novissimum,
1617 2459 1647 2512 et

81 2538 485 2611 nisdesariptusestnomine,
496 2536 767 2592 nuncmanilestios
821 2538 957 2595 ascendet
972 2538 1131 2610 letorejus,
1148 2539 1245 2609 idest,
1262 2541 1312 2610 qui
1328 2542 1363 2596 ab
1389 2542 1532 2613 Aquilone
1547 2546 1602 2610 est,
1616 2547 1646 2598 et

81 2626 765 2697 tenditur:Utdomincntur,inquit,eisnationer.
822 2626 954 2698 putredo,
971 2626 1041 2698 quia
1069 2629 1193 2698 superbe
1213 2627 1281 2698 egit.
1309 2629 1390 2700 Saepe
1404 2631 1572 2705 commonui
1588 2631 1644 2687 sub

81 2713 766 2788 teminopprobriumhaereditasDomino,quan-
820 2714 1011 2770 translatione
1040 2714 1219 2770 locustarum
1249 2716 1375 2772 describi
1401 2717 1543 2790 impetum
1559 2719 1646 2774 Chal·

81 2806 145 2865 erint
157 2805 302 2870 hostibus,
314 2810 341 2859 et
360 2803 486 2858 dixerint
504 2802 656 2857 nationes:
670 2801 719 2857 Det
728 2803 767 2856 est
821 2803 961 2870 deorum,
978 2818 1035 2874 quo
1049 2803 1150 2869 iudaea
1163 2808 1276 2859 vastata
1291 2810 1343 2860 est.
1362 2805 1462 2877 ltaque
1476 2811 1572 2862 servat
1586 2823 1647 2863 me·

81 2912 126 2966 tm,
138 2911 224 2966 quem
236 2893 292 2948 sihi
306 2891 470 2964 presulem,
484 2906 570 2961 quem
584 2889 766 2945 delensorem
820 2891 974 2962 taphoram
989 2890 1019 2945 in
1035 2889 1164 2961 reliquis,
1178 2896 1207 2946 et
1216 2893 1302 2962 juxta
1326 2892 1415 2948 situm
1432 2894 1586 2965 provincias
1602 2895 1645 2952 sie

81 2983 373 3040 ebanttPessumus
388 2979 519 3034 nationes
541 2975 724 3050 interpretari
739 2978 767 3031 ct
820 2978 1059 3051 loquitur,quasi
1077 2979 1186 3034 nonde
1207 2979 1352 3044 hostibus,
1380 2982 1429 3035 sed
1460 2982 1495 3037 de
1522 2981 1646 3039 locustis

83 3072 126 3128 ias
136 3075 304 3142 potestates,
318 3086 380 3139 quae
395 3067 535 3138 quamdiu
547 3083 604 3120 non
617 3066 694 3120 194
704 3063 765 3136 agi·
822 3070 927 3122 reterre
938 3065 1079 3122 videatur.
1091 3067 1182 3121 Etiam
1198 3068 1305 3123 nostris
1317 3069 1498 3139 temporibus
1514 3071 1643 3127 vidimus
1733 3059 1735 3063 Α

80 3159 235 3224 sitentiam,
248 3131 802 3224 dominanturnostri,eteuprehrantC
821 3154 939 3227 agmina
964 3153 1143 3210 locustarum
1172 3160 1279 3210 terram
1303 3157 1406 3212 terisse
1421 3156 1565 3222 Judacam,
1581 3174 1645 3231 quas

81 3253 109 3304 t:
127 3248 177 3304 Dii
190 3251 230 3303 est
244 3246 315 3300 Deus
329 3261 424 3300 eorum
435 3246 448 3300 i
461 3242 553 3298 iudei
569 3241 659 3298 istum
671 3241 766 3297 lecum
822 3247 923 3314 postea
938 3242 1135 3298 misericordia
1150 3243 1265 3298 Domini
1282 3245 1356 3299 inter
1370 3246 1547 3302 vestibulum
1563 3251 1592 3303 et
1605 3246 1646 3303 el-

81 3340 102 3394 ιι
121 3336 225 3408 Magog
252 3334 389 3398 referunt,
419 3330 596 3387 saevissimas
626 3330 767 3397 nationes,
821 3331 1026 3400 tare,hocest,
1051 3331 1234 3386 intererueis
1259 3338 1287 3386 et
1298 3335 1520 3391 resurrectionis
1535 3335 1645 3403 lecum,

81 3424 183 3482 ultimo
211 3428 341 3494 tempore
369 3427 469 3476 eontra
485 3419 574 3474 lsrael
590 3419 692 3473 dicunt
705 3434 769 3474 esse
823 3418 1647 3492 sacerdotibusetpopulisDominumdcprecantibusat·

81 3532 96 3586 t,
118 3512 272 3583 dequibus
291 3510 406 3583 plenius
432 3507 569 3563 scribitur
582 3507 610 3561 in
626 3506 767 3562 Ezechiel.
824 3523 881 3579 que
896 3504 1080 3562 dicentibus:
1097 3506 1181 3560 Perre
1195 3507 1294 3577 populo
1319 3511 1375 3571 tuo,
1392 3511 1475 3560 vento
1496 3512 1644 3579 surgente,

92 3603 125 3658 18
139 3601 234 3674 seqq.)
249 3601 356 3655 Zetatus
370 3606 409 3652 est
424 3597 553 3652 Dominus
563 3599 666 3650 terram
677 3611 766 3661 suurn,
824 3596 854 3651 in
871 3612 950 3650 mare
965 3593 1093 3665 primum
1111 3597 1138 3648 et
1151 3594 1344 3648 novissimum
1364 3593 1548 3665 Praeeipitatoe
1564 3597 1645 3650 suut.

81 3691 331 3763 opopumpeum
346 3685 483 3757 respondit
498 3685 627 3739 Dominus
655 3686 681 3737 et
695 3682 767 3739 dirit
825 3685 903 3741 Maro
914 3682 1040 3753 primum
1053 3681 1129 3752 qued
1142 3681 1227 3750 juxta
1238 3680 1423 3736 solitudinem
1440 3688 1492 3751 est,
1518 3681 1648 3755 etvergit

81 3795 127 3836 te:
141 3781 206 3834 Eece
221 3793 267 3848 epo
281 3778 392 3831 mittam
408 3775 484 3830 uobis
504 3774 673 3843 trumentum
685 3777 711 3825 et
728 3772 767 3826 ui·
826 3772 861 3827 ad
878 3771 1036 3836 Orientem,
1053 3768 1124 3823 illud
1141 3767 1279 3839 intellige.
1298 3769 1326 3823 in
1343 3785 1400 3840 quo
1425 3767 1480 3823 luit
1499 3769 1647 3840 quondam

81 3868 164 3934 Dum,
180 3876 206 3921 et
221 3865 396 3936 replebimini
408 3879 448 3933 eo,
460 3864 486 3917 et
496 3876 550 3915 non
561 3859 628 3913 date
639 3859 770 3914 cosultra
825 3859 950 3915 sodoma
973 3860 1002 3913 et
1012 3854 1184 3924 Gomorrha,
1194 3855 1306 3910 adama
1321 3861 1349 3910 ct
1374 3855 1502 3923 Seboim,
1516 3857 1553 3928 (t)
1569 3855 1648 3928 quod

81 3973 123 4013 um
138 3959 167 4012 iu
183 3954 329 4029 pentibus:
345 3954 445 4007 etcum
464 3950 513 4021 qai
526 3948 560 4003 ab
572 3948 706 4019 darrilone
720 3949 768 4013 est,
827 3963 904 4003 nunc
920 3947 1067 4002 llortuurn
1083 3944 1262 4010 nominatur,
1274 3944 1395 4014 eoquod
1410 3941 1491 3999 nulla
1503 3944 1539 3998 ihi
1552 3943 1649 4000 vivant

81 4043 281 4112 ammaonte,
298 4050 324 4096 et
344 4040 481 4111 enpeilom
496 4054 558 4093 eum
573 4038 602 4092 in
613 4037 771 4092 terramin-
827 4034 998 4092 animantia.
1014 4033 1091 4088 Mare
1107 4037 1203 4087 autem
1220 4031 1425 4099 novissimum,
1448 4031 1501 4087 hoc
1518 4032 1595 4103 quod
1610 4032 1649 4087 ad

81 4132 232 4191 desertam:
246 4132 330 4202 [ories
347 4128 443 4199 [Vulg.
468 4126 580 4197 taciem]
606 4125 664 4196 ejus
679 4131 770 4179 corrtra
827 4125 1011 4182 Occidentem
1022 4126 1077 4187 est,
1087 4125 1116 4175 et
1126 4119 1203 4191 quod
1214 4120 1296 4175 ducit
1307 4120 1335 4174 in
1345 4121 1551 4192 AEgpptumin
1563 4121 1650 4194 eujus

81 4214 771 4291 nitate,etentremmnejasadrnorenooissimum:
827 4211 1035 4278 littoreGaaa,
1064 4215 1092 4265 et
1114 4207 1249 4277 Ascalon,
1279 4213 1445 4281 azotusque
1460 4211 1489 4264 et
1503 4209 1606 4281 loppe,
1622 4207 1652 4262 et

81 4309 282 4382 letfeiorejas,
300 4310 326 4363 et
345 4304 470 4360 nscetdet
492 4303 774 4372 petrapertusiense
827 4305 968 4367 Caesarea,
997 4303 1025 4355 et
1051 4301 1159 4353 caetere
1189 4298 1276 4353 urbes
1304 4296 1459 4352 maritime
1487 4296 1548 4351 sitm
1570 4298 1649 4351 sunt.

82 4399 140 4468 uie]
150 4397 263 4469 superte
277 4396 342 4464 epit.
370 4394 458 4447 Lxx:
489 4393 520 4445 at
545 4391 648 4446 notatus
663 4395 703 4445 est
721 4391 773 4444 Do·
829 4392 959 4461 Cumque
971 4387 1069 4443 littora
1079 4386 1234 4458 utriusque
1246 4385 1456 4441 marisacervis
1468 4389 1650 4439 mortuarum

81 4502 161 4542 nram
175 4501 263 4551 suam,
290 4486 315 4537 et
342 4481 463 4552 pepercit
487 4477 591 4550 populo
617 4494 677 4545 suo,
692 4486 718 4533 et
730 4493 773 4533 re·
789 4497 812 4561 D
829 4479 1019 4543 locustarum,
1035 4492 1109 4546 quas
1124 4490 1208 4545 aquae
1222 4478 1422 4539 evomuerant,
1447 4470 1650 4543 implerentur,

81 4574 211 4638 lominus,
227 4574 252 4628 et
266 4571 342 4626 dinit
355 4569 455 4642 populo
476 4583 543 4622 suo:
569 4568 633 4621 Eece
646 4582 695 4637 epo
709 4566 772 4620 mit·
829 4567 1060 4641 putredoearum
1072 4568 1100 4618 et
1111 4563 1182 4618 letor
1192 4562 1338 4617 intantum
1361 4561 1465 4615 noxius
1485 4559 1549 4624 luit,
1561 4561 1594 4613 ut
1604 4572 1651 4613 ae·

81 4682 93 4723 r
104 4665 276 4736 praeteritum
286 4657 578 4726 eteinumetoleum,et
585 4654 776 4726 implebimini
828 4673 890 4713 rem
901 4669 1017 4727 queque
1026 4654 1235 4722 corrumperet,
1247 4654 1276 4704 et
1287 4648 1453 4720 pestilentia
1463 4653 1523 4703 tam
1534 4647 1651 4717 Jumen·

91 4767 147 4809 nea
159 4749 231 4804 dedo
244 4764 288 4803 uos
304 4748 380 4802 ultro
402 4745 577 4816 opprobriam
601 4745 631 4798 in
640 4743 775 4814 penitens,
829 4753 925 4802 torum
938 4758 1026 4814 quam
1039 4738 1192 4794 hominum
1204 4737 1382 4810 gigneretur.
1394 4738 1508 4802 Onerat
1521 4732 1654 4790 eruditus

81 4841 107 4899 ti
115 4840 149 4896 ob
160 4838 294 4909 Aquilone
303 4840 341 4891 est
352 4833 517 4903 repellema
531 4832 615 4902 uotis,
624 4840 649 4886 et
663 4831 776 4886 educam
828 4835 919 4890 lector
935 4828 984 4885 uhi
999 4828 1054 4884 hoc
1073 4829 1158 4897 juxta
1174 4825 1302 4880 litteram
1331 4826 1439 4880 lactum
1459 4822 1497 4879 sit
1518 4822 1556 4877 de
1568 4818 1654 4876 Chal·

81 4944 175 4987 errum
184 4940 248 4998 quae
258 4934 297 4980 est
308 4926 368 4980 sine
379 4939 462 4993 aqua,
474 4932 499 4976 et
512 4920 778 4991 disperdnmfacicm
831 4919 902 4976 daeis
912 4918 926 4972 ‘i
937 4917 998 4970 Non
1010 4914 1102 4970 multo
1115 4917 1178 4984 post
1191 4917 1319 4982 tempore
1342 4928 1429 4982 quam
1455 4911 1515 4965 heco
1531 4907 1653 4982 prophe·

81 5016 284 5088 aareprimum
296 5023 322 5068 et
346 5012 500 5083 posteriora
522 5010 580 5079 ejus
592 5010 621 5062 in
640 5025 717 5062 mare
731 5022 778 5063 no·
831 5012 892 5064 tata
907 5009 986 5072 sunt,
1003 5001 1149 5074 siquidem
1161 5000 1191 5054 in
1208 4999 1282 5054 lsaia
1295 4997 1430 5070 legimus,
1448 5003 1565 5053 centum
1577 5000 1655 5052 octo-

81 5121 118 5160 n:
134 5107 161 5158 et
175 5101 301 5158 ascendet
312 5102 383 5172 fetor
397 5101 467 5171 rjus,
482 5102 507 5153 et
526 5095 652 5151 ascendet
664 5094 779 5166 putredo
833 5097 914 5170 ginta
926 5093 1055 5165 quinque
1066 5088 1160 5145 millia
1170 5087 1371 5144 Chaldaeorum
1388 5089 1443 5141 sub
1454 5103 1520 5158 rege
1532 5083 1657 5140 Ezechia

81 5193 191 5250 ueniam
205 5190 382 5262 magnificata
410 5195 473 5242 sunt
500 5201 584 5258 opera
609 5184 679 5254 eius.
695 5187 778 5239 Post·
832 5185 862 5241 in
874 5199 933 5238 una
945 5183 1029 5236 nocte
1040 5177 1142 5250 angelo
1154 5176 1287 5232 saviente
1299 5190 1438 5248 pereussa
1448 5174 1521 5246 (lsai.
1538 5171 1654 5244 xxxin).

81 5368 176 5426 tlatini
193 5385 265 5425 mss.
283 5364 438 5441 πρόπυλον,
456 5364 532 5437 qnod
549 5363 627 5417 idem
643 5366 737 5417 sonat.
833 5364 937 5434 potest;
953 5374 989 5412 ue
1003 5352 1153 5412 coarmata
1167 5351 1285 5432 quidem,
1311 5352 1444 5423 paruique
1471 5349 1619 5405 vermiculi
1631 5355 1659 5406 et

81 5458 115 5498 ex
152 5446 234 5514 gerat
245 5440 273 5493 in
287 5436 511 5494 Commentariis
521 5435 549 5489 in
562 5431 704 5488 Ezechiel.
716 5448 779 5503 cap.
834 5431 979 5503 anguillae,
990 5431 1125 5483 eice’teru
1134 5424 1569 5492 animantium,sioeserpcntiam
1578 5435 1659 5492 pene·

81 5457 198 5568 rlfdss:
217 5514 357 5580 lineasque
373 5509 447 5563 nihil
463 5505 532 5580 quod
545 5506 639 5577 spiret,
655 5512 682 5559 et
694 5505 782 5577 possit
834 5522 878 5574 ra,
889 5515 1005 5580 qnorum
1016 5497 1105 5566 inopis
1123 5494 1282 5576 corpuscula
1305 5509 1447 5564 pessumas
1471 5508 1560 5574 reone,
1575 5507 1659 5566 quam

81 5627 89 5658 ,
100 5597 164 5660 pre
176 5583 369 5641 amaritudine
382 5580 470 5638 nimia
481 5581 512 5637 in
526 5578 574 5637 tec
584 5575 783 5655 merirrperiri
834 5575 958 5637 nomina.
972 5567 1045 5629 vira
1058 5582 1122 5645 qua
1137 5581 1167 5624 m
1181 5564 1260 5625 hune
1273 5562 1371 5627 locum
1386 5566 1615 5633 observaremus.

115 5709 246 5779 Panos.
269 5708 365 5778 xxv.
1457 5690 1494 5765 u
