3840 6098
113 310 176 375 277

406 310 779 378 couuaaraatoattu
803 312 840 375 ΙΝ
864 308 1112 376 attentabat
1136 312 1211 376 LlB.
1235 312 1286 376 tx.
1311 314 1396 377 Chi).
1419 308 1528 378 xxtx.

1759 306 1820 376 Dii

104 440 202 504 mum
215 446 324 504 habeat
334 445 411 504 inter
425 447 523 505 decem
535 448 598 505 dies
608 465 677 506 nna:
690 450 767 506 unde
777 449 844 506 etin
856 449 934 523 pria·
947 450 975 514 Α
990 446 1101 505 luorum
1114 449 1237 522 squamis
1252 449 1323 522 (siva
1335 450 1449 523 penate)
1460 451 1524 522 tais,
1540 456 1568 507 et
1587 447 1734 508 retraham
1744 446 1771 507 tt
1785 446 1819 506 dt

105 535 183 610 cipio
200 537 351 594 Geneseos
367 554 424 594 non
440 544 485 595 est
499 539 609 595 dictum
624 557 629 594 :
646 541 756 595 Factam
769 543 807 595 est
826 554 934 610 uespere

106 630 229 683 amane
245 626 306 682 dies
318 628 422 699 prima,
439 629 490 684 sed
518 645 574 684 aaa
598 631 674 699 (Gerr.
699 631 727 701 ι),
746 633 778 683 ut
801 629 933 684 eamdem

106 715 183 772 diem
197 715 311 772 revolvi
325 732 442 789 semper
457 719 575 773 doceat:
592 719 727 774 eumdem
743 718 874 773 ordinem
890 717 934 772 in·

106 809 147 862 ter
161 804 267 860 decem
282 805 420 872 decadas,
432 805 488 861 hoc
499 810 552 874 cst,
564 807 764 869 centenarium
778 822 935 862 nnmerum

106 893 241 950 decimus
262 911 406 950 numerus
434 895 605 966 possidebit,
629 896 706 968 quod
732 896 768 951 ad
788 896 934 951 victimam

106 999 200 1056 agnus
214 983 394 1049 assumitur,
412 988 443 1038 ut
456 984 624 1040 immoletur
637 985 684 1041 dio
705 985 933 1056 quartadecima,

105 1077 192 1144 atque
206 1071 267 1127 hoc
282 1071 372 1127 moda
389 1089 483 1145 usqne
498 1074 532 1129 ad
549 1072 629 1130 mille
644 1074 780 1130 etdecem
797 1073 935 1143 millia,ct

105 1166 222 1217 centum
238 1160 348 1227 millia,
365 1166 394 1216 at
409 1160 486 1217 ultra
502 1180 552 1234 per
566 1163 690 1219 decadas
715 1180 783 1219 suaa
799 1180 935 1219 numero·

104 1267 169 1306 rum
184 1250 260 1306 ordo
275 1251 418 1320 procedit.
435 1256 505 1306 Post
528 1252 674 1308 decimum
698 1257 795 1309 antem
811 1270 933 1324 annum,

103 1339 215 1396 mensis
233 1339 433 1395 duodecimus
448 1342 575 1412 ponitur,
587 1342 769 1413 utperiectus
779 1342 934 1398 duodecim

102 1427 309 1502 apostolorum
327 1444 360 1483 ac
376 1428 584 1500 prophetarum
598 1431 701 1503 (quiin
717 1448 776 1487 uno
787 1431 935 1487 volumine

102 1517 307 1588 eontinentur]
324 1533 468 1573 numerus
495 1519 723 1576 demonstretur.
750 1521 837 1577 Porro
851 1521 936 1591 juxta

102 1605 187 1675 LXX,
201 1604 340 1662 decimus
354 1606 465 1662 mensis
480 1608 531 1678 qai
546 1608 686 1665 Hebraico
706 1609 871 1682 appellatur
892 1626 938 1664 ra.

990 539 1078 595 madio
1093 541 1244 610 fluminum
1258 548 1366 595 tuorum
1380 559 1389 594 :
1406 550 1431 596 et
1444 542 1568 596 uniuersi
1575 543 1663 613 pisces
1679 541 1816 611 tuisqaa·

991 631 1044 685 mis
1059 632 1112 685 tuis
1125 629 1310 685 uutltaercbuut.
1342 631 1373 684 Et
1400 631 1546 702 projiciam
1575 630 1646 698 (sive
1670 627 1816 701 monam)

993 718 1030 790 (a)
1040 722 1066 774 te
1077 718 1204 774 tatemer
1214 718 1285 789 (sive
1300 722 1331 774 iu
1345 719 1491 791 desertum)
1502 738 1512 774 :
1527 723 1553 774 et
1568 735 1660 774 ornnes
1673 720 1820 789 piscosita-

993 809 1080 887 atiais
1094 809 1144 873 tui,
1159 824 1241 880 saper
1254 810 1356 878 sacrem
1370 813 1455 864 terra
1481 807 1552 878 (sive
1566 809 1656 877 compi
1670 809 1723 879 tui)
1742 806 1821 864 cades

996 894 1048 951 Nec
1061 897 1210 967 colliqeris‚
1226 912 1313 968 aeque
1336 897 1562 967 caaqraqaberis:
1584 896 1677 951 bestiis
1698 903 1781 954 terrae
1796 902 1821 952 et

995 985 1151 1040 volatilibus
1164 986 1225 1041 ca’ti
1239 985 1302 1041 dedi
1314 994 1338 1041 tc
1353 986 1388 1041 ad
1403 985 1598 1041 (laborandam.
1615 987 1648 1040 tt
1660 987 1747 1041 sciam
1761 1001 1819 1041 om·

994 1090 1043 1130 aas
1057 1075 1226 1130 habitatores
1241 1078 1364 1147 AEqqpti,
1380 1076 1446 1147 quia
1461 1091 1509 1144 eqo
1529 1091 1590 1130 sum
1604 1075 1755 1130 Dominus:
1768 1089 1819 1145 pro

994 1178 1025 1218 eo
1038 1163 1107 1233 qaod
1117 1166 1207 1234 fractus
1222 1179 1249 1219 as
1263 1165 1333 1234 (sive
1347 1164 1437 1233 sitisti)
1449 1163 1560 1219 baculas
1571 1162 1820 1236 (siveairqaararr

995 1252 1098 1320 diuam)
1113 1253 1205 1308 domati
1219 1254 1312 1318 lsrael„
1324 1252 1674 1325 qaaadaapprebeuderuat
1684 1252 1756 1325 (sive
1769 1267 1819 1322 up·

993 1342 1152 1415 pretendit)
1168 1351 1192 1397 te
1208 1360 1294 1398 anana
1308 1340 1819 1413 saatl'ulg.tacetsaa],ctcoafractus

993 1446 1031 1501 es,
1047 1435 1073 1486 et
1088 1432 1215 1487 larcrasti
1224 1432 1484 1488 amuaabamerum
1493 1439 1627 1497 coram‚et
1635 1430 1818 1486 innitentibus

993 1521 1032 1576 eis
1047 1536 1128 1591 super
1142 1528 1177 1587 ta,
1191 1523 1373 1576 comminatus
1384 1528 1422 1575 est
1433 1524 1460 1574 ct
1473 1519 1625 1574 dissolvisti
1629 1519 1638 1590 (
1642 1519 1702 1574 sive
1709 1519 1818 1589 coatra-

994 1609 1070 1679 qistr)
1084 1624 1175 1664 amnes
1187 1624 1377 1664 reuesaorum.
1387 1606 1646 1663 Studiobrevitatis
1657 1607 1816 1662 editionem

101 1708 174 1752 arra
190 1695 298 1766 (mn),
316 1698 345 1750 et
361 1694 438 1766 apud
453 1695 601 1769 AEgyptios
615 1691 689 1766 cubi,
701 1699 778 1771 epnd
790 1698 938 1756 Romanos
995 1702 1152 1769 utramque
1168 1697 1338 1765 miscemus,
1356 1697 1404 1752 ubi
1422 1714 1479 1752 non
1497 1695 1622 1753 multum
1640 1696 1718 1752 iuter
1731 1712 1762 1752 se
1777 1695 1820 1751 di·

99 1784 260 1840 incamus
275 1780 398 1849 dicitur,
408 1796 441 1838 eo
452 1783 531 1855 quod
547 1784 624 1856 apud
636 1784 703 1840 illos
714 1784 783 1840 anni
800 1786 937 1858 eitjauda
995 1790 1140 1858 sarcpant.
1156 1785 1292 1858 Alioquin
1302 1785 1628 1858 ubimagnadiversitas
1639 1790 1693 1855 eat,
1705 1789 1815 1842 utram·

101 1871 179 1929 omni
195 1869 300 1928 calore
317 1869 434 1926 sublato
449 1870 564 1927 hiberni
580 1872 698 1945 trigoris
714 1875 842 1931 continet
857 1874 935 1961 prip-
990 1891 1047 1948 que
1062 1875 1264 1948 proponimus.
1281 1875 1356 1931 Dicit
1385 1879 1484 1932 autem
1511 1879 1613 1931 contra
1638 1873 1819 1931 Pharaonem

101 1964 241 2034 npatnm.
258 1959 321 2016 Boc
335 1959 372 2015 de
387 1960 518 2015 numeris
527 1961 635 2018 dixisse
647 1963 784 2019 sufficiat.
794 1963 935 2020 Ceterum
990 1965 1153 2037 principem
1168 1965 1292 2038 AEgypti,
1308 1969 1338 2021 et
1352 1965 1407 2022 sub
1423 1965 1518 2038 figura
1540 1965 1605 2036 ejus
1620 1979 1760 2036 magnam
1776 1962 1819 2019 lo·

99 2047 169 2104 illud
184 2048 233 2104 vet
255 2047 386 2104 maxime
400 2049 609 2119 requirendum
625 2055 681 2121 est,
703 2057 800 2108 utrum
821 2053 883 2126 ipse
899 2054 936 2110 sit
989 2054 1090 2125 quitur
1105 2058 1289 2125 potestatem,
1305 2052 1351 2109 cui
1366 2054 1508 2128 AEgyptus
1523 2053 1633 2108 tradita
1659 2051 1754 2108 estad
1771 2067 1820 2107 re·

98 2136 211 2194 Pharao
228 2136 330 2210 quiin
346 2137 455 2207 Exodo,
471 2143 501 2193 et
516 2138 599 2210 lsaia,
615 2144 643 2196 ct
663 2141 800 2206 demmin,
817 2146 846 2197 et
867 2143 935 2198 liee-
990 2142 1130 2214 gendum,
1146 2147 1175 2198 et
1190 2141 1384 2199 nihilominus
1396 2142 1528 2216 superbit
1541 2146 1642 2199 contra
1653 2141 1818 2199 Creatorem

99 2226 184 2296 ahiel,
201 2225 371 2298 multisque
386 2225 452 2282 aliis
467 2226 497 2281 in
512 2226 594 2294 loeis,
607 2229 680 2283 utin
696 2230 817 2286 Cautico
837 2231 933 2287 Canti—
991 2248 1090 2299 sunm,
1107 2231 1163 2286 sibi
1192 2231 1423 2288 dominationem
1453 2236 1536 2286 terre
1561 2231 1729 2302 vendicans,
1747 2233 1819 2287 etse

99 2332 201 2374 aarum
221 2315 420 2373 nominatur:
437 2316 580 2387 Equitatai
594 2333 653 2374 meo
668 2321 698 2374 ia
712 2321 845 2376 curribus
867 2320 937 2376 Pba·
991 2319 1144 2377 colendam
1159 2320 1299 2393 AEgyptiis
1315 2320 1451 2392 gentibus
1468 2321 1599 2376 tradens.
1618 2320 1819 2393 Loquiturquo

101 2408 197 2462 noers
208 2405 375 2461 assimilavi
390 2408 416 2459 te
427 2407 558 2476 proxima
569 2423 630 2463 mea
645 2406 736 2479 (Cant.
754 2409 844 2479 r):an
861 2408 936 2466 alius
986 2409 1459 2481 juxtasitumprovinciae,quasi
1488 2409 1523 2464 ad
1549 2425 1657 2481 regem,
1679 2409 1757 2480 quod
1787 2408 1818 2463 in

102 2498 190 2567 atque
205 2491 315 2548 alius‘l
330 2492 512 2565 videturque
527 2493 599 2550 mihi
617 2513 674 2552 non
690 2513 755 2552 esse
781 2514 869 2564 unus,
886 2498 936 2553 sed
991 2499 1047 2554 Nili
1064 2497 1255 2553 inundatione
1268 2498 1404 2562 condiat,
1433 2501 1462 2553 et
1488 2496 1603 2569 pluvias
1618 2497 1654 2551 de
1673 2495 1744 2552 coelo
1759 2512 1819 2551 non

103 2582 179 2655 apud
194 2581 353 2655 AEgyptios
368 2581 423 2638 hoc
445 2582 586 2640 vocabulo
613 2584 808 2642 demonstrari
825 2586 937 2658 regiam
992 2602 1169 2659 magnopere
1184 2587 1552 2656 desideret‚auctoremque
1564 2583 1610 2641 sui
1622 2585 1754 2656 seipsum
1765 2599 1820 2656 pu·

103 2671 381 2746 dignitatem,sicut
391 2672 633 2742 apudllomanos,
644 2691 765 2730 cesares
779 2678 807 2730 et
821 2675 937 2748 augusti
992 2680 1044 2737 tet.
1060 2674 1104 2733 vel
1121 2675 1236 2740 ssrrvios,
1253 2675 1307 2730 hoc
1322 2679 1377 2742 est,
1393 2671 1543 2748 διωρυχὰς,
1556 2677 1584 2729 et
1597 2672 1739 2730 rivosNili
1755 2689 1773 2729 a
1787 2689 1819 2729 se

104 2776 185 2834 reges
206 2776 315 2816 eorum
331 2759 516 2832 appellantur
532 2778 549 2816 a
572 2762 667 2834 primo
687 2763 755 2819 Caio
770 2765 893 2832 Cessare,
910 2769 938 2820 et
992 2763 1084 2818 iactas
1095 2764 1221 2834 jactitet.
1237 2764 1315 2820 aaa
1330 2764 1405 2834 Non,
1424 2762 1532 2834 inquit,
1544 2761 1687 2835 Angelum
1703 2761 1819 2817 mittam

105 2849 238 2906 mundo
254 2847 392 2920 adoptivo
408 2850 473 2919 ejus
497 2849 662 2918 Octauiano,
680 2850 729 2923 qui
757 2857 857 2924 postea
879 2854 936 2908 Au·
992 2852 1054 2923 sed,
1069 2868 1085 2907 o
1102 2852 1188 2907 draeo
1205 2868 1321 2924 magne.
1333 2851 1384 2923 qui
1399 2851 1490 2907 cubas
1506 2855 1535 2906 et
1550 2851 1661 2907 resides
1672 2850 1702 2906 in
1718 2850 1815 2906 medio

104 2942 210 3012 gustus
221 2937 451 2993 estnomiaatus
463 2940 937 3014 :etapudSyros,Antiochi‚npud
992 2940 1149 2996 fluminum
1165 2944 1294 3006 tuorum,
1311 2940 1374 3012 ipse
1389 2941 1424 2996 ad
1440 2945 1469 2996 te
1492 2939 1607 2996 veniam
1622 2939 1817 3013 puniendum.

104 3025 220 3091 Panas,
234 3024 396 3094 Arsacidas,
413 3026 490 3098 apud
506 3027 693 3094 Philisthiim
715 3029 894 3097 abimelech,
911 3041 939 3086 et
977 3035 1090 3086 ¹elusus
1104 3046 1136 3086 es
1148 3030 1227 3086 enim
1243 3030 1357 3085 dicere:
1388 3029 1471 3085 Meus
1490 3034 1535 3085 est
1559 3028 1643 3084 Nilus
1659 3028 1776 3099 flamus,
1791 3031 1820 3085 et

105 3120 167 3187 pust
181 3113 386 3170 Alexandrum
397 3115 427 3169 in
460 3119 583 3189 AEgypto
612 3117 762 3172 Ptolemaei
791 3118 937 3190 usquead
993 3119 1362 3192 egomeiconditorsum:
1390 3117 1524 3190 rcl‚ipse
1548 3117 1600 3174 ieci
1623 3118 1819 3191 humumque

105 3203 307 3277 Cleopatram,
324 3219 382 3274 qua
409 3203 484 3259 uicta
496 3205 573 3277 apud
586 3206 712 3274 Actium,
731 3207 872 3280 AEgyptus
887 3209 975 3277 lio-ss
994 3208 1091 3265 omnis
1105 3209 1244 3281 AEgyptns
1260 3208 1408 3280 irrigatur.
1425 3208 1557 3280 Cumque
1578 3223 1694 3275 venero,
1710 3223 1818 3279 ponam

108 3308 196 3349 ma
209 3296 259 3348 est
274 3291 352 3346 iacta
366 3290 522 3364 provincia.
533 3294 607 3365 Ergo
618 3293 647 3349 in
662 3296 885 3365 presentiarum
897 3296 934 3351 ad
990 3297 1104 3354 irenam
1121 3296 1151 3353 in
1167 3296 1294 3353 maxillis
1309 3296 1384 3352 tuis:
1403 3296 1463 3352 sive
1486 3296 1685 3369 constringam
1704 3295 1818 3367 laqueis

108 3396 226 3439 smum
242 3379 504 3451 unumquemlibet
531 3399 629 3455 regem
659 3385 769 3456 AEgypti
792 3401 888 3440 sermo
904 3385 938 3440 fit
990 3404 1023 3443 os
1038 3392 1133 3454 tuum,
1148 3403 1205 3458 qno
1217 3386 1373 3458 magnifice
1387 3384 1565 3458 loquebaris,
1578 3385 1818 3441 etomnessocios

109 3470 237 3536 Domini,
260 3469 313 3540 qni
328 3468 538 3541 interpretatur
557 3467 761 3541 (tremetossie,
783 3474 939 3544 iuter-sector
992 3492 1025 3531 ac
1041 3477 1130 3531 duces
1145 3480 1222 3542 tuos,
1239 3491 1313 3547 quos
1329 3474 1424 3545 pisces
1439 3479 1531 3543 vocat,
1548 3473 1695 3530 adherere
1710 3472 1816 3528 faciam

108 3559 246 3616 videlieet
262 3558 449 3627 attereretur,
470 3558 604 3631 etgladio
620 3566 726 3617 cuncta
739 3562 896 3617 concidens
910 3566 940 3618 et
993 3566 1107 3636 pennis,
1123 3562 1166 3618 vel
1182 3561 1316 3635 squamis
1331 3561 1400 3629 tuis,
1425 3567 1458 3617 ut
1482 3564 1630 3617 extractus
1653 3561 1815 3630 eDumine,

110 3645 256 3704 ᾱὶνίἀοιιε.
274 3646 356 3713 Quod
370 3648 455 3719 juxta
469 3649 608 3720 mysticos
626 3648 793 3705 intellectus
812 3651 938 3706 reioren-
992 3653 1166 3725 projiciaris,
1183 3651 1243 3707 sive
1259 3649 1558 3723 deponarisNimium
1574 3649 1688 3705 enimte
1704 3648 1816 3705 extule-

110 3735 179 3792 anm
193 3741 242 3792 est
259 3735 297 3791 ad
311 3751 377 3791 eam
392 3740 575 3808 potestatem,
589 3737 635 3793 cui
651 3739 784 3810 subjecta
799 3744 844 3794 cst
858 3743 941 3812 AEgy-
993 3758 1041 3797 ras
1056 3742 1085 3796 in
1102 3742 1225 3796 deserto.
1243 3741 1277 3794 llt
1305 3739 1391 3793 cades
1419 3753 1508 3808 super
1529 3737 1633 3792 faciem
1650 3737 1756 3808 campi,
1773 3733 1818 3792 vel

113 3830 187 3897 μοι.
202 3824 367 3896 Nunquam
382 3824 460 3881 euim
488 3825 576 3881 homo
609 3827 729 3883 auderet
742 3827 857 3883 dicere:
876 3843 941 3883 mea
993 3836 1077 3887 terrae
1090 3834 1156 3899 tua,
1173 3844 1206 3884 eo
1222 3828 1298 3899 quod
1315 3828 1455 3899 AEgyptus
1480 3824 1655 3897 campestris
1669 3825 1820 3897 provincis

113 3920 179 3970 aaut
192 3914 276 3972 m
292 3912 424 3982 llumina,
439 3917 468 3970 et
481 3931 534 3988 ego
559 3914 611 3971 ieci
637 3915 697 3982 illa,
714 3932 767 3972 nec
786 3918 873 3972 draco
889 3935 939 3990 ap·
995 3919 1043 3976 sit.
1060 3919 1118 3973 Nec
1126 3915 1278 3988 colligetur
1288 3917 1574 3985 cadaverinum‚nec
1584 3914 1820 3988 congregaberis,

114 4003 274 4076 pelleretur
288 4018 424 4075 magnus,
441 4008 470 4059 et
496 4004 600 4060 sedens
624 4004 654 4060 iu
671 4007 767 4061 medio
783 4006 938 4062 lluminum
995 4008 1093 4075 idest,
1111 4022 1296 4077 nequaqnam
1322 4003 1465 4076 sepeliris,
1486 4003 1536 4060 sed
1561 4002 1662 4060 bestiis
1680 4008 1709 4060 et
1723 4003 1824 4061 volati-

114 4109 233 4150 morum
247 4110 257 4159 ;
274 4092 417 4164 AEgyptus
430 4097 527 4149 autem
540 4094 682 4149 Hebraico
692 4093 856 4166 appellatur
870 4112 940 4151 ues-
995 4096 1074 4152 libne
1084 4093 1148 4151 coeli
1159 4095 1234 4149 dabo
1243 4098 1272 4149 te
1287 4093 1496 4160 devorandum,
1509 4096 1540 4148 ut
1552 4108 1618 4148 cum
1627 4092 1689 4148 hac
1699 4092 1825 4149 viderint

114 4198 182 4238 um
196 4182 341 4255 (ntum),
353 4185 381 4237 et
393 4180 423 4236 in
435 4180 567 4254 linguam
579 4186 709 4239 nostram
720 4183 842 4239 vertitur
851 4180 943 4257 equit·
996 4185 1026 4240 ia
1040 4190 1067 4239 te
1084 4190 1090 4256 t
1096 4185 1120 4252 b)
1132 4200 1196 4239 mea
1207 4183 1321 4254 judicie
1336 4185 1500 4254 perpetrata
1510 4181 1689 4237 habitatores
1699 4180 1822 4254 AEgypti,

115 4263 206 4340 bem,
226 4270 590 4338 coanqasmasvidelicetet
605 4272 809 4342 tribulantem,
822 4272 871 4344 qui
887 4272 943 4328 sibi
997 4275 1174 4345 cognoscant
1190 4271 1267 4343 quod
1278 4271 1340 4343 ipse
1354 4269 1409 4326 sim
1426 4270 1576 4326 Dominus.
1587 4270 1652 4325 Hac
1665 4268 1823 4325 autemtibi

115 4358 223 4415 subditi
234 4362 311 4415 sunt
320 4372 328 4411 ι
337 4362 366 4413 et
380 4372 437 4413 non
454 4355 606 4415 dimittens
622 4360 722 4416 oculos
736 4360 773 4416 ad
789 4360 893 4416 coelum
906 4360 945 4415 le·
998 4359 1282 4432 evenient‚quoniam
1295 4358 1544 4432 populnmmeum
1555 4358 1701 4414 lsraeltuo
1713 4355 1822 4413 auxilio

116 4462 177 4504 aare
191 4447 248 4504 aed
262 4446 350 4517 juxta
364 4445 554 4519 Evangelium
578 4453 608 4504 et
631 4449 797 4521 exemplum
812 4448 945 4505 mulieris
999 4450 1151 4522 decepisti,
1164 4454 1196 4504 ut
1211 4463 1397 4519 nequaqnam
1407 4447 1437 4501 in
1449 4451 1505 4502 Deo
1519 4452 1648 4502 creatore
1659 4445 1777 4512 suo,sed
1791 4444 1822 4500 in

117 4533 202 4608 illius,
219 4551 317 4608 quam
332 4534 433 4590 decem
448 4540 477 4592 et
492 4539 555 4592 octo
566 4537 795 4594 annisdiabolus
810 4538 945 4594 incurva·
1000 4545 1028 4596 te
1042 4538 1230 4595 confiderent.
1245 4536 1386 4592 l'uistieis
1397 4534 1521 4591 baculus
1544 4534 1723 4590 arundineus
1738 4535 1825 4605 juxta

116 4629 202 4696 amc,
219 4639 342 4696 semper
374 4624 410 4679 ad
434 4629 551 4680 terrena
573 4625 748 4698 demergens
771 4628 846 4698 (Luc.
870 4626 944 4698 mn).
999 4628 1107 4684 Isaiam
1118 4628 1194 4698 (lsai.
1208 4625 1284 4697 xxx),
1297 4623 1340 4680 vel
1360 4625 1441 4696 virga
1468 4628 1607 4695 vacua,et
1622 4622 1825 4679 calamusira·

117 4712 278 4770 Videamus
292 4712 386 4785 igitur
399 4729 465 4785 quie
476 4713 515 4769 sit
525 4715 715 4772 comminatio
725 4721 826 4772 contra
840 4717 946 4773 Phara·
1000 4714 1224 4790 gilissimus‚cui
1235 4713 1393 4769 innitentes
1402 4711 1743 4785 cassumdeprshendere
1755 4726 1825 4782 pra·

118 4817 198 4859 anem
213 4806 246 4858 ct
261 4817 380 4858 amnem
395 4802 561 4875 AEgyptum.
1000 4804 1164 4870 sidium,ita
1178 4806 1211 4858 nt
1226 4801 1465 4866 incumbentibus
1479 4800 1538 4856 illis
1555 4799 1772 4872 frangereris,ct
1783 4797 1825 4854 la·

150 4891 251 4961 (Vera.
267 4888 286 4943 3
306 4889 383 4961 seq.)
396 4889 462 4960 ane
477 4905 526 4959 eqo
539 4890 574 4945 ad
588 4895 624 4957 te,
640 4891 748 4948 Pharao
761 4909 811 4948 rec
825 4896 944 4966 AEqqpti,
1001 4908 1114 4949 cerarcs
1131 4891 1297 4960 humerum,
1309 4895 1337 4946 et
1353 4905 1543 4962 manumque
1556 4887 1834 4955 tenebaris,etdum·

121 4976 196 5035 draco
210 4992 328 5053 meque,
343 4979 393 5050 qai
406 4977 490 5037 cubas
505 4979 577 5048 (sive
590 4980 675 5053 sedes)
697 4983 727 5036 ia
747 4982 835 5038 medio
854 4984 946 5052 fluuii·
1000 4981 1030 5036 in
1044 4986 1073 5037 te
1088 4981 1268 5048 secunaum,
1281 4975 1826 5034 comminuerentnromneslnmbieo·

121 5066 464 5131 muorammtdicis:
493 5067 565 5124 fleas
592 5077 632 5124 est
653 5070 808 5140 tluadaqct
828 5073 947 5147 cqascci
1001 5087 1066 5125 rum
1082 5068 1250 5125 cadentium
1265 5067 1295 5122 in
1311 5071 1430 5135 terram,
1447 5069 1476 5121 et
1491 5082 1543 5138 pro
1556 5065 1664 5121 auxilio
1680 5064 1827 5137 accipien-

120 5156 312 5229 metipsum
334 5155 408 5228 (sive
421 5158 488 5230 cos).
512 5157 545 5212 ttt
563 5173 667 5229 ponam
690 5159 801 5227 fresiam
815 5160 887 5232 (sive
902 5161 945 5215 la·
1000 5157 1074 5213 tium
1088 5157 1219 5214 vulnera.
1235 5157 1405 5211 Haoautem
1416 5169 1468 5225 per
1476 5154 1677 5226 metaphoram
1689 5154 1828 5210 dicantur

122 5245 400 5318 nuntiamus-iltis
410 5247 476 5314 tuas,
487 5249 514 5303 et
524 5246 947 5319 aqqtutinabopisccstlumiaam
1000 5247 1085 5319 quasi
1106 5247 1141 5303 ad
1159 5261 1255 5318 regem
1270 5243 1394 5316 AEgppti
1410 5259 1443 5298 eo
1458 5243 1536 5315 quod
1558 5246 1588 5298 et
1600 5242 1663 5315 ipsa
1678 5239 1828 5316 provincia

151 5440 189 5511 (a)
203 5438 321 5495 Victor.
335 5443 361 5497 te
375 5441 407 5495 in
421 5440 561 5497 drudam
575 5441 647 5514 (sive
661 5443 799 5514 vetamur)
814 5447 839 5499 at
854 5459 947 5500 omues
1000 5444 1208 5517 preponenda.
1225 5440 1333 5497 Eadem
1350 5438 1461 5494 ratione
1473 5453 1540 5494 mox
1549 5437 1620 5512 legit
1632 5456 1638 5493 :
1650 5441 1704 5514 Pro
1713 5452 1744 5492 eo
1754 5436 1829 5508 quod

122 5512 215 5580 pasces,
234 5515 291 5566 etc.
309 5528 315 5578 ;
331 5527 366 5594 ‘2¹
390 5528 424 5569 eo
449 5511 560 5569 scilicet
571 5515 648 5586 quod
664 5515 791 5571 uelociter
804 5518 858 5568 τῶν
877 5515 946 5571 lxx
1001 5518 1083 5590 suisti
1102 5515 1171 5580 (sive
1186 5516 1273 5583 factus
1288 5512 1326 5581 as)
1342 5510 1454 5566 baculus
1467 5510 1638 5566 arundincus
1662 5509 1733 5581 (sive
1748 5510 1829 5579 airqa

124 5583 212 5639 versio
228 5580 280 5648 ait,
299 5584 560 5653 qurrsddiderunt‚
590 5584 616 5639 έν
643 5586 686 5638 τόν
701 5605 733 5642 ει.
760 5591 794 5641 ta
811 5587 948 5643 Desertum
1002 5585 1282 5656 arundiaealdomai,
1299 5589 1352 5638 otc.

124 5666 184 5714 vcro
198 5652 375 5728 Hieronymi
387 5657 521 5715 axHebr.
533 5605 804 5731 atzmufbacqne
818 5658 890 5717 adeo
905 5657 949 5715 illi
1038 5658 1076 5730 (b)
1089 5657 1172 5729 Apud
1188 5656 1314 5728 Dabam,
1326 5668 1386 5712 mco
1401 5651 1503 5724 iudicia
1519 5658 1687 5728 perpetrata.
