3840 6098
105 274 184 345 ilss'l
728 272 759 337 S.
784 270 938 336 essaei—1
960 270 1183 336 lllllllDNYldl
1735 267 1812 336 tm

103 414 306 485 interrogatur
320 424 455 482 persona,
471 406 576 480 region,
590 405 779 475 iter,civitas:
796 409 829 461 ut
843 403 934 462 arrhis
948 409 975 475 Α
1026 403 1119 475 (Vere.
1135 402 1192 475 ll.)
1206 405 1245 459 Et
1258 403 1393 463 discescit
1416 403 1455 464 ad
1479 421 1564 462 eam:
1591 402 1662 478 quid
1674 403 1810 476 mm

105 504 299 576 cognoscatur
314 503 343 554 et
357 514 446 554 causa
459 496 649 554 discriminis.
738 538 744 556 .
986 493 1048 559 tibi,
1061 494 1135 549 401
1155 497 1180 548 et
1193 494 1308 550 cessabit
1320 510 1430 552 morea
1455 494 1558 552 nobb?
1571 496 1639 568 qaia
1650 508 1732 550 ocare
1746 491 1808 563 itd,

141 590 234 662 (vers.
248 589 287 661 9.)
305 592 338 645 Et
352 587 429 643 discit
443 585 480 642 ad
508 602 555 641 eos
568 603 577 640 .·
606 585 740 641 Hebraeas
752 599 803 654 cca
816 597 888 650 sam,
902 587 930 637 et
984 584 1011 637 et
1025 582 1229 639 intumescebat.
1249 582 1318 639 LXX
1333 602 1340 640 :
1353 589 1388 641 aa
1397 583 1526 641 dixerant
1539 583 1577 640 od
1588 599 1666 650 eoas,
1681 581 1752 654 qaid
1765 581 1810 639 titi

104 680 255 736 Dominam
264 679 352 735 Deum
362 678 427 733 caeli
436 691 487 746 epo
496 677 594 741 timeo,
603 674 653 747 qsai
661 674 733 747 tecit
744 687 825 727 mare
835 679 862 727 et
871 671 931 727 ari·
983 673 1157 742 taciemoset
1169 672 1288 743 obiacet
1301 689 1383 730 more
1391 690 1409 728 a
1417 674 1516 730 nobis?
1529 674 1600 746 qaia
1612 687 1694 730 naam
1709 673 1810 739 ibat-a

105 768 186 824 dam.
198 765 269 821 LlDl
282 782 288 821 :
299 767 336 821 lit
348 763 424 820 discit
434 764 477 820 ad
485 780 532 821 eos
541 783 550 818 .·
560 767 665 820 Servus
673 762 792 818 Domini
798 776 850 831 epa
856 775 929 828 sum,
983 761 1236 829 sascttabatmaais
1245 762 1353 832 tlactus.
1366 762 1522 834 Proptertc
1537 761 1621 832 dicis,
1632 764 1750 828 santos,
1759 760 1809 819 tlu-

104 863 132 912 et
143 853 306 912 Deomcoeti
315 852 453 927 seccato,
463 850 854 927 quisccitmoreetaridam.
866 848 930 904 Non
984 851 1059 914 ctus,
1076 865 1166 917 mare,
1177 850 1308 923 gurgites
1318 850 1500 909 concitatos?
1513 850 1677 924 exposuisti
1693 861 1809 909 caluam

104 944 370 1015 dixit,Judceusego
381 941 677 1013 sum,quodscissura
688 937 929 995 decemtribuum
983 936 1091 1004 morbi,
1108 938 1205 995 indica
1214 939 1359 996 sanitatis.
1372 940 1412 997 Da
1421 957 1456 997 eo
1471 939 1550 1012 quod
1561 942 1665 997 contra
1680 956 1737 999 nos
1747 954 1809 999 aar·

104 1052 121 1091 a
137 1034 251 1091 duabus
267 1031 374 1106 populo
390 1046 496 1087 nomen
523 1029 684 1102 imposuit:
714 1028 777 1095 sed,
792 1027 929 1083 Hebraea
983 1024 1025 1098 git
1039 1042 1130 1094 mare,
1147 1027 1340 1101 intelligimus
1356 1029 1430 1085 iram
1446 1045 1510 1086 essa
1524 1027 1728 1101 susceptionis
1746 1033 1809 1089 aaa.

104 1139 182 1191 sum,
198 1121 253 1178 hoc
267 1125 313 1177 est
326 1119 457 1195 asperia,
469 1120 621 1186 transitor,
635 1118 711 1174 sicut
725 1121 754 1173 at
768 1114 927 1183 Abraham,
983 1113 1013 1170 Si
1029 1114 1115 1188 culpa
1126 1119 1172 1172 ast
1185 1118 1262 1186 quod
1288 1118 1484 1191 suscepimus,
1508 1118 1578 1190 qaid
1595 1118 1695 1175 iacere
1709 1134 1810 1190 possa·

105 1211 154 1284 qui
169 1210 265 1267 dicere
279 1212 411 1282 poterat:
429 1209 542 1266 Aduena
562 1224 626 1265 sam
640 1223 695 1279 epa
708 1209 736 1262 et
749 1205 927 1275 peregrinas,
982 1204 1397 1272 mus,neDominusirascatur
1406 1206 1700 1281 iqaidsaciemastibi
1712 1206 1752 1280 (a)
1761 1206 1810 1264 boo

104 1301 178 1358 sicat
192 1315 288 1357 omnes
297 1305 396 1370 patres
411 1297 468 1352 arei
481 1298 539 1366 (Ps.
560 1312 676 1364 xxxvru,
691 1294 758 1363 l3):
773 1293 881 1366 dequo
896 1291 928 1349 in
981 1296 1035 1360 est,
1051 1291 1262 1351 interficiemus
1277 1295 1329 1352 te?
1343 1296 1391 1352 sed
1407 1295 1503 1353 cultor
1514 1312 1546 1355 es
1562 1295 1701 1354 Domini:
1717 1308 1810 1353 sem·

105 1385 426 1462 aliopsalmoscribitur
436 1383 928 1454 :Transieraotdepenteiageatem
981 1380 1103 1438 bimus?
1117 1383 1168 1439 scd
1183 1383 1276 1440 Deum
1291 1383 1379 1457 sugis.
1393 1383 1533 1442 Nostrum
1548 1389 1592 1442 ast
1607 1386 1743 1459 prebere
1752 1400 1811 1443 ma·

103 1487 132 1535 et
145 1478 178 1534 de
192 1491 281 1551 regno
296 1476 336 1532 ad
349 1474 486 1548 poputum
502 1477 629 1532 atteram
642 1475 698 1546 (Ps.
715 1489 768 1540 c1v,
785 1472 841 1540 13).
853 1471 929 1545 Moy·
982 1486 1038 1527 nus
1050 1494 1057 1540 ;
1067 1470 1137 1543 quid
1153 1471 1477 1545 fierijubcas,tuumest
1491 1474 1648 1548 imperare,
1665 1473 1809 1549 quotam

103 1584 160 1636 ses,
177 1564 447 1638 Troascom,inquit,
461 1573 490 1620 et
518 1563 615 1621 uidebo
630 1563 767 1620 visionem
780 1567 852 1618 banc
864 1578 927 1618 ma·
982 1559 1113 1630 quiescat
1129 1576 1219 1633 mare,
1233 1562 1311 1634 quod
1327 1579 1405 1619 nunc
1434 1562 1579 1619 creatoris
1602 1562 1681 1620 iram
1696 1576 1752 1621 sno
1765 1567 1809 1621 ta·

102 1655 303 1729 oaomtdaod.
321 1670 362 1722 111,
378 1652 417 1725 3).
432 1653 468 1708 llt
495 1653 653 1710 Dominum
679 1653 771 1708 Deum
795 1649 859 1707 coeli
874 1666 928 1723 ego
982 1663 1062 1705 more
1077 1652 1210 1706 testatur,
1227 1650 1391 1723 Statimque
1406 1651 1563 1711 historicus
1576 1666 1702 1710 causam
1712 1652 1811 1727 jungit

102 1746 211 1803 timeo:
228 1760 286 1802 non
298 1744 367 1799 deos
377 1759 452 1815 quos
462 1742 614 1810 invocatis,
626 1746 655 1798 et
665 1741 716 1814 qui
727 1740 838 1798 salvare
849 1741 926 1796 400
942 1782 966 1848 Β
982 1736 1149 1795 istiusmodi
1165 1740 1347 1812 questionis,
1363 1755 1457 1812 mare,
1478 1739 1589 1813 dicere,
1605 1741 1678 1808 ibat,
1694 1749 1724 1799 et
1736 1743 1809 1799 iata·

103 1851 161 1892 non
176 1835 310 1906 possunt,
326 1831 377 1888 sed
394 1831 486 1887 Deum
502 1831 575 1901 caeli,
588 1831 638 1902 qni
652 1846 733 1887 mare
747 1829 815 1885 iecit
826 1833 855 1885 et
869 1829 927 1885 ari·
979 1827 1132 1884 mescebat.
1146 1827 1220 1895 Ibat,
1233 1833 1266 1885 ut
1275 1830 1396 1901 jussam
1407 1831 1501 1887 meret
1511 1846 1518 1886 ι
1529 1829 1591 1887 ibat
1605 1829 1807 1888 invindictam

102 1925 181 1980 dom.
197 1921 288 1988 Mare,
304 1920 333 1975 iu
348 1936 407 1993 quo
420 1918 518 1991 sugio;
535 1920 658 1989 aridam,
672 1920 708 1975 de
718 1935 777 1992 qua
790 1917 879 1991 fugio·
892 1918 928 1974 llt
980 1915 1095 1972 Domini
1106 1917 1152 1972 sui
1166 1933 1172 1972 :
1185 1916 1256 1988 ibat,
1266 1934 1444 1991 persequens
1454 1918 1610 1992 fugitivam
1622 1919 1805 1993 prophetam.

102 2011 250 2084 eleganter
262 2009 299 2066 ad
323 2007 542 2064 distinctionem
570 2007 672 2074 maris,
688 2023 747 2063 non
771 2011 858 2073 terra,
875 2006 926 2062 sed
981 2006 1374 2079 lotumescebatautemper
1397 2007 1806 2083 singulamomentatcmpo·

103 2099 184 2155 arida
199 2099 396 2168 nuncupatur.
413 2096 447 2151 Et
471 2095 501 2150 iu
517 2094 598 2152 brevi
623 2095 821 2152 universitatis
836 2095 928 2151 lactor
981 2110 1058 2165 rum,
1070 2098 1098 2149 et
1108 2095 1193 2165 quasi
1204 2095 1302 2151 nautis
1313 2096 1507 2164 morantibus,
1520 2096 1550 2152 in
1561 2095 1673 2154 fluctus
1684 2098 1806 2171 majores

103 2187 276 2252 ostenditur,
288 2185 338 2258 qui
349 2184 452 2241 etcoeli
466 2186 606 2242 Dominus
618 2192 672 2252 est,
683 2189 815 2256 etterras,
830 2189 859 2240 et
869 2200 929 2240 ma·
980 2183 1189 2254 suscitabatur,
1205 2189 1238 2239 ut
1266 2185 1432 2242 ostenderet
1459 2184 1601 2242 ultionem
1617 2186 1764 2244 creatoris
1776 2203 1806 2244 aa

102 2277 154 2333 rie.
171 2275 317 2341 Quaeritur
331 2279 439 2346 autem,
451 2275 597 2347 quomodo
611 2291 676 2331 vere
686 2275 783 2331 dicare
797 2289 927 2345 compro·
981 2271 1097 2327 differre
1114 2288 1171 2327 non
1187 2288 1282 2344 posse.

102 2366 206 2422 betur:
223 2364 375 2421 Dominum
392 2367 482 2419 Deum
504 2366 569 2420 celi
591 2380 645 2437 epa
668 2365 765 2430 timeo,
780 2379 846 2419 cum
862 2363 927 2434 ejus
1016 2359 1806 2433 (vara.12.)etdteeaoeos,aotttreme,ermaaaene

102 2457 245 2527 precepta
259 2470 316 2509 non
328 2451 423 2508 iaciat.
435 2453 497 2508 Nisi
511 2453 585 2510 forte
596 2452 835 2526 respondeamus,
848 2451 925 2523 quod
981 2447 1078 2522 (Vulg.
1095 2453 1171 2506 tacet
1184 2451 1240 2522 me)
1255 2452 1286 2506 io
1300 2467 1390 2522 snare,
1406 2457 1435 2507 et
1448 2452 1570 2510 cessabit
1580 2468 1667 2510 arare
1682 2471 1700 2510 a
1714 2453 1806 2511 cobis.-

101 2548 130 2601 et
142 2545 307 2616 peccatores
322 2540 445 2598 timeant
460 2540 564 2609 Deum,
589 2557 799 2612 servorumque
814 2539 853 2596 sit
868 2557 926 2596 non
979 2539 1038 2595 scio
1046 2538 1122 2593 euim
1131 2537 1312 2611 (Vulgaddit
1324 2541 1383 2612 ega)
1394 2542 1464 2612 quia
1474 2547 1646 2614 propterme
1655 2550 1807 2617 tempestas

102 2632 233 2705 diligere,
248 2629 299 2688 sed
316 2629 437 2698 timere;
456 2646 638 2702 quamquam
649 2630 679 2686 in
693 2630 748 2687 hoc
762 2629 825 2685 loco
838 2629 928 2685 timor
980 2627 1681 2701 sarpanaseu(Vu1g.oenu)soperorabam:
1694 2630 1809 2688 Dtdtsit

101 2739 154 2795 pro
170 2721 249 2778 cultu
266 2718 359 2791 possit
373 2717 508 2792 intelligi.
519 2720 605 2790 juxta
622 2735 743 2775 sensum
759 2734 860 2775 eorum
876 2717 927 2790 qui
978 2716 1541 2787 tonasatcoarctaremesembriam
1553 2722 1716 2789 iamare,ct
1723 2720 1810 2796 asise

102 2810 273 2875 audiebant,
292 2811 321 2864 et
337 2806 432 2863 adhuc
447 2807 623 2878 ignorabant
637 2808 740 2863 Deum.
981 2815 1026 2861 cet
1039 2822 1123 2862 errare
1137 2823 1156 2861 a
1170 2807 1269 2862 vobis:
1291 2822 1343 2877 epo
1365 2809 1441 2863 enim
1467 2811 1535 2866 aaut
1548 2811 1758 2883 sarapropter
1769 2824 1810 2867 ase

137 2896 230 2967 (Vere.
247 2896 304 2966 10.)
319 2895 519 2951 Detimaemat
532 2896 590 2951 ciri
601 2897 701 2951 timore
711 2912 831 2968 magno,
843 2904 871 2951 et
880 2895 928 2952 eti·
980 2896 1085 2965 tinctus
1096 2896 1194 2966 magui
1208 2900 1311 2951 contra
1321 2912 1368 2952 nos
1381 2905 1456 2953 suat.
1469 2899 1575 2954 Contra
1585 2914 1633 2956 me
1648 2903 1809 2972 tempestas

100 2986 252 3042 seruatos
261 3000 336 3050 eam,
348 2984 415 3057 qaid
430 2983 588 3058 bocsecists
598 2987 610 3038 t
621 2982 817 3055 deposcerunt
829 2983 926 3057 (Vulg.
982 2983 1111 3050 detonat,
1129 3000 1176 3039 me
1191 2984 1304 3056 querit,
1322 2985 1508 3058 naufragium
1522 2987 1608 3043 vobis
1622 2987 1767 3056 minatur,
1780 2990 1810 3044 nt

99 3073 307 3145 eopaooeraat)
317 3073 393 3127 enim
402 3073 461 3129 ciri
469 3073 544 3144 quad
555 3089 575 3129 a
588 3074 669 3142 facie
681 3073 791 3129 Domini
800 3073 926 3147 teperet,
983 3089 1029 3128 me
1040 3073 1200 3145 prehendat
1211 3092 1220 3128 :
1233 3090 1278 3130 me
1289 3074 1460 3146 prehendet,
1471 3079 1504 3131 ut
1515 3092 1580 3132 mea
1590 3080 1687 3133 morte
1697 3076 1808 3134 uratia.

101 3165 170 3238 qaia
183 3164 365 3220 indicaverat
375 3161 426 3216 eis.
438 3160 507 3216 LXX
518 3177 526 3216 ι
537 3165 573 3217 Et
585 3163 745 3217 timuerunt
756 3162 812 3218 ciri
825 3163 929 3219 timore
944 3147 966 3214 G
984 3161 1169 3234 Scic,inquit,
1178 3164 1248 3235 quio
1261 3167 1378 3235 propter
1387 3181 1431 3220 me
1445 3173 1599 3235 tempestas
1615 3165 1676 3223 baec
1688 3166 1809 3240 grandis

100 3267 219 3322 cranao,
231 3255 260 3307 et
269 3250 406 3306 dicerunt
421 3248 459 3306 aet
469 3266 543 3319 eam,
559 3249 690 3321 quidhoc
699 3251 794 3321 fecisti
802 3255 815 3305 t
826 3251 929 3322 Copae
983 3261 1033 3306 est.
1052 3251 1113 3308 Non
1129 3252 1232 3323 ignoro
1244 3251 1273 3306 in
1290 3268 1384 3308 meam
1396 3269 1511 3326 paenam
1524 3253 1674 3311 elementa
1687 3253 1808 3323 turbari,

100 3345 205 3396 cerunt
216 3339 291 3394 eatur
301 3338 438 3411 viriqaod
446 3340 670 3410 atacieDomiai
678 3339 841 3412 supeream
851 3341 929 3413 qaod
983 3339 1085 3396 mundi
1102 3356 1167 3395 esse
1181 3341 1395 3407 contusionem,
1408 3341 1481 3398 mibi
1493 3342 1589 3412 irasci,
1606 3343 1637 3400 in
1648 3360 1703 3402 vos
1712 3345 1807 3403 sevire

101 3429 256 3486 iudicasset
269 3428 321 3484 eis.
337 3426 470 3483 Historias
486 3428 555 3484 ordo
571 3433 767 3501 preposterus
781 3433 842 3486 eet:
860 3429 929 3502 quia
983 3427 1170 3500 naufragium
1182 3429 1299 3486 :Ductus
1309 3429 1364 3502 ipsi
1380 3430 1525 3503 imperant
1539 3431 1673 3501 vobisut
1684 3448 1732 3490 ma
1742 3433 1806 3490 mit·

101 3518 179 3575 anim
194 3521 307 3590 poterat
322 3515 390 3584 dici,
408 3515 489 3572 nulla
517 3533 607 3573 causa
636 3516 751 3574 timoris
767 3518 832 3586 fuit,
845 3535 881 3575 ax
893 3535 928 3575 eo
982 3517 1050 3574 tatis
1066 3516 1094 3572 in
1112 3533 1201 3574 mare.
1218 3518 1247 3574 Si
1263 3535 1314 3591 ego
1331 3534 1448 3575 sensero
1464 3523 1685 3593 tempestatem,
1700 3538 1750 3580 vos
1764 3538 1806 3578 se·

101 3608 178 3680 quod
195 3607 238 3662 eis
254 3605 406 3661 confessus
421 3609 475 3670 est,
491 3605 614 3662 dicens:
643 3606 778 3664 llebraeas
792 3623 841 3677 ego
855 3624 927 3674 sam,
982 3606 1161 3680 cuperabitis
1175 3605 1428 3678 tranquillitatem.
1445 3608 1479 3664 Ε)
1492 3608 1803 3682 animadvertendam·

100 3700 129 3752 et
143 3697 289 3751 Dominam
303 3695 389 3749 Deam
403 3694 464 3749 coeti
479 3710 529 3765 epo
553 3696 647 3760 timeo,
669 3696 719 3767 qai
731 3697 798 3767 tecit
811 3712 889 3751 mare
902 3699 928 3752 et
983 3697 1052 3751 riter
1061 3694 1579 3769 sugitivinostrimagnanimitas,non
1590 3699 1802 3774 tergiversatur,

100 3785 210 3842 aridam
222 3802 229 3840 :
239 3783 338 3839 statim
350 3783 534 3839 subnectitur
544 3783 622 3855 qaod
635 3783 742 3840 idcirco
754 3785 926 3851 timuerunt,
982 3802 1039 3842 non
1051 3784 1230 3853 dissimulat,
1239 3802 1296 3841 non
1307 3790 1394 3858 negat
1407 3804 1414 3855 ;
1427 3788 1477 3843 sed
1490 3787 1541 3859 qui
1550 3790 1708 3847 consessas
1717 3789 1809 3846 inerat

102 3873 172 3947 quia
186 3873 229 3930 eia
240 3872 428 3942 indicaverat,
442 3887 473 3927 se
490 3870 604 3927 Domini
616 3872 715 3944 lugere
726 3877 926 3946 conspectum,
981 3875 1017 3932 dc
1028 3875 1107 3947 iuga,
1119 3891 1234 3946 poenam
1245 3874 1368 3931 libenter
1378 3875 1513 3945 assumit,
1522 3893 1554 3934 se
1563 3878 1693 3952 cupiens
1705 3878 1809 3954 perire,

101 3962 208 4034 atejus
223 3959 561 4032 noalecissepracepta.
580 3961 708 4034 Denique
720 3967 889 4029 causantur,
899 3967 929 4019 et
981 3979 1018 4019 ne
1033 3967 1151 4035 propter
1165 3979 1197 4020 se
1220 3967 1249 4018 et
1276 3965 1372 4019 caleri
1388 3968 1518 4037 pereant,
1546 3970 1577 4022 ct
1604 3968 1642 4023 ad
1660 3971 1807 4041 paccatum

101 4050 221 4107 dicunt:
238 4047 303 4121 qaid
317 4047 367 4102 boc
376 4048 490 4119 fecisti?
504 4048 531 4103 id
548 4053 603 4115 est,
620 4049 643 4105 si
655 4051 743 4107 times
759 4055 859 4117 Deum
876 4066 928 4107 cur
982 4051 1068 4123 luga,
1083 4049 1182 4107 alienae
1197 4067 1313 4123 quoque
1340 4052 1479 4110 delictum
1503 4055 1630 4112 addatur
1646 4057 1740 4116 necis.
1755 4056 1807 4115 llos

102 4137 348 4211 lugistsitanta
364 4137 929 4217 potentiaepradicasquem,colia‚quo·
982 4143 1125 4212 quantum
1141 4139 1176 4194 ad
1193 4139 1364 4197 historiam:
1390 4143 1622 4201 caseatorum
1649 4144 1808 4221 nonigno·

103 4225 190 4281 modo
205 4229 233 4281 te
248 4227 334 4296 putas
349 4240 416 4279 eum
433 4240 518 4296 posse
533 4226 678 4282 evadere?
699 4227 815 4284 Timent
829 4231 926 4283 autem
982 4243 1092 4295 ramus,
1104 4227 1207 4284 ssantes
1219 4227 1442 4302 ventos‚quibus
1454 4231 1483 4287 in
1497 4231 1665 4308 Evangelio,
1676 4234 1808 4309 utquias·

102 4313 208 4370 timore
223 4328 340 4385 magno,
352 4312 429 4384 quod
442 4311 609 4386 intelligunt
619 4319 765 4387 sanctum,
775 4321 805 4372 ot
819 4320 927 4372 sancte
981 4320 1090 4384 carent,
1106 4314 1247 4372 Dominus
1262 4317 1417 4390 imperavit
1431 4320 1540 4391 (actea.
1560 4335 1637 4391 suu),
1653 4328 1685 4380 et
1699 4320 1807 4399 pericli·

103 4403 199 4479 gentis
222 4403 317 4458 virum
334 4403 342 4472 t
359 4402 395 4457 de
421 4401 513 4474 Joppe
527 4402 635 4475 quippe
650 4403 794 4461 solventes
815 4405 926 4471 irenem,
982 4409 1091 4462 tantem
1103 4404 1279 4474 naviculam,
1292 4406 1321 4462 in
1334 4424 1392 4478 qua
1403 4408 1685 4482 dormiebatlnnas,
1701 4414 1808 4472 etintn·

104 4492 228 4550 llebraeoe
242 4490 337 4565 gentis
349 4494 488 4547 noverant
499 4491 843 4566 privilegium)‚ettamen
855 4494 928 4568 iugi·
941 4516 965 4582 D
982 4510 1115 4551 mescens
1130 4511 1211 4551 mare
1224 4496 1300 4567 quod
1323 4495 1509 4570 increpatur:
1534 4503 1634 4558 taceet
1649 4503 1808 4571 omasus,

103 4579 514 4651 tivumcelarenonpossunt.
526 4580 650 4654 Magnus
662 4582 766 4655 estqui
779 4582 863 4657 fugit,
875 4583 927 4640 sed
981 4582 1082 4639 reterri
1097 4584 1132 4639 ad
1150 4583 1307 4639 Dominum
1337 4583 1526 4657 Salvatorem,
1554 4593 1584 4645 et
1599 4589 1808 4663 periclitantem

105 4672 200 4743 major
212 4668 262 4726 ille
278 4667 327 4741 qui
348 4668 471 4740 quaerit:
488 4685 546 4726 non
570 4670 679 4728 audent
694 4672 818 4739 tradere,
834 4669 928 4728 celare
980 4671 1151 4740 Ecclesiam,
1166 4671 1210 4728 vel
1221 4673 1808 4752 Apostolossascitantemtett.sustantes),

105 4777 162 4817 non
174 4762 308 4832 possunt.
320 4757 547 4830 Reprehendunt
562 4758 928 4832 cnlpamtimoremconb-
982 4761 1112 4834 quicum
1128 4762 1296 4819 deserentes
1310 4762 1340 4818 in
1370 4764 1514 4837 passione,
1545 4767 1808 4838 quodammodaia

105 4853 221 4907 tantur:
238 4849 343 4919 rogant
357 4850 391 4901 ut
401 4846 463 4918 ipse
478 4846 606 4902 remedio
618 4847 665 4913 sit,
682 4849 730 4920 qui
747 4854 849 4906 auctor
862 4867 928 4923 pan·
983 4851 1090 4906 fluctus
1111 4848 1349 4923 praecipitabant:
1378 4853 1533 4911 Iste-lonas
1559 4855 1649 4914 dicit:
1666 4858 1808 4933 scaeua

106 4938 164 4996 cati
179 4938 282 4993 iuerat.
298 4933 350 4991 Vel
365 4938 441 4991 certe
457 4935 534 5007 quod
547 4935 648 4991 dicunt
661 4953 666 4991 :
679 4936 745 5009 qaid
758 4938 807 4993 boc
819 4939 930 5009 fecisti?
983 4945 1104 5011 propter
1113 4956 1158 4994 me
1167 4944 1319 5009 tempestas
1328 4943 1448 5013 grandes
1459 4952 1502 5000 est
1511 4959 1602 5014 saper
1613 4962 1677 5018 cos,
1690 4948 1808 5021 quiama

106 5045 165 5086 non
179 5027 341 5097 increpant,
360 5024 409 5079 sed
438 5024 630 5097 interrogant,
656 5025 787 5082 volentes
811 5044 929 5084 causam
983 5029 1082 5085 vident
1096 5029 1173 5084 venti
1188 5029 1338 5086 vobiscum
1369 5031 1455 5089 irein
1482 5031 1805 5110 Tharsis,laocsst,ad

105 5118 182 5190 iuga
198 5130 296 5183 nosse,
312 5112 387 5170 servi
399 5129 416 5168 a
429 5112 562 5180 Domina
574 5112 653 5169 filiia
668 5118 760 5185 patre,
777 5114 932 5173 bominisa
985 5117 1259 5191 contemplationem
1284 5117 1389 5175 latitia
1417 5120 1563 5194 navigare,
1581 5126 1615 5180 ut
1629 5141 1684 5182 vos
1698 5139 1805 5184 meacm

107 5211 175 5262 Deo.
187 5203 269 5272 Quod
280 5200 485 5273 est,inquiunt,
497 5206 613 5258 tantum
625 5203 845 5276 mysterium,ut
854 5208 932 5262 terra
986 5207 1144 5279 perducam
1158 5206 1194 5261 ad
1205 5206 1345 5279 gaudium
1358 5223 1364 5261 :
1379 5210 1412 5264 ut
1423 5207 1472 5263 ubi
1483 5224 1536 5282 ego
1546 5225 1614 5266 sum
1625 5216 1656 5268 et
1666 5215 1761 5283 Pater,
1770 5207 1804 5267 ibi

108 5289 933 5365 deseratur,expetanturmaria,relinquaturpatria,loca
986 5300 1015 5354 et
1028 5313 1080 5351 ros
1095 5295 1160 5352 sitis
1175 5297 1272 5367 (taen.
1289 5312 1346 5363 xiv,
1362 5296 1402 5367 3).
1418 5296 1529 5355 Idcirco
1543 5299 1803 5371 serviuntidcirsa

109 5385 285 5455 appetantur
300 5378 419 5437 alienat
988 5385 1127 5454 mundus,
1144 5384 1194 5455 qui
1208 5384 1238 5439 ia
1253 5383 1383 5457 maligno
1393 5386 1508 5458 positus
1522 5393 1578 5459 est,
1594 5389 1699 5449 tremit
1712 5392 1803 5468 (itm

145 5592 296 5679 (ottones,
307 5592 635 5668 booatViotoriiaditio
646 5613 705 5658 non
715 5596 850 5675 agnoscit
860 5613 868 5660 s
878 5602 944 5661 tam
961 5600 1173 5678 procellosas,
1190 5614 1248 5661 unc
1261 5598 1349 5662 verbo
1363 5601 1504 5664 caraem
1517 5601 1598 5685 legit.
