3840 6098
75 262 162 327 isis
467 261 841 328 sennaarinioauu
863 262 903 324 iv
925 259 1080 327 saiano
1102 261 1178 325 nra.
1201 264 1224 325 1.
1248 261 1333 326 cnr.
1358 266 1397 329 ιι.
1709 240 1790 338 iaso
1856 241 1857 245 '

73 398 154 454 dicit.
170 401 203 452 ut
212 396 289 469 quod
300 395 342 452 illi
353 400 587 469 responderetur,
609 401 820 472 respondeatur
834 415 899 454 om·
914 399 941 464 Α
956 397 1051 451 virum
1062 397 1090 450 in
1103 396 1178 452 isaia
1203 398 1245 468 fit,
1258 399 1358 456 diceus
1372 416 1378 455 τ
1391 399 1488 457 Adhuc
1501 401 1627 475 loquente
1638 408 1674 472 te,
1686 404 1789 476 dicam,

72 485 180 541 nibus:
199 485 290 552 Stobi,
307 485 413 556 inquit,
430 489 460 540 iii
474 489 582 557 speculo
597 504 669 556 nien,
685 488 779 555 idest,
797 488 825 541 in
844 503 907 560 pro·
962 502 1019 541 occe
1032 486 1130 541 adsciri
1145 488 1223 555 (lsai,
1241 505 1302 552 cxv,
1319 491 1376 559 2-4).
1400 507 1478 546 nune
1502 508 1619 564 quoque
1640 494 1789 566 prophetie

74 574 180 647 phetiae
192 591 263 629 meas
275 574 468 643 sublimitate,
481 581 510 632 et
519 577 622 633 videbo
634 570 905 650 post'captivitatem
961 576 1112 648 respondit
1122 575 1273 643 Dominus,
1286 582 1314 632 et
1326 581 1462 652 precepit
1472 585 1505 635 ut
1515 582 1624 637 scribat
1634 582 1789 657 visionem,

71 663 185 736 populi,
198 667 226 719 et
237 663 418 719 eversionem
430 664 555 720 civitatis
565 670 594 720 et
614 665 757 737 teinpli,et
767 665 905 737 deinceps
960 669 989 717 et
1003 665 1116 737 digerat
1131 665 1183 734 pil.
1209 665 1326 737 dirigat]
1349 684 1413 722 eam
1438 685 1527 740 super
1541 670 1667 742 tabulas,
1689 671 1718 726 id
1734 675 1789 742 est,

73 753 146 824 quid
157 757 307 824 sequatur.
321 751 371 808 Vel
385 757 462 809 certe
473 754 531 809 ita:
553 754 722 810 Custodiam
742 755 821 810 omni
838 753 904 808 dili·
960 753 1144 807 manifestius
1159 753 1276 809 scribat.
1295 754 1421 811 Tabulas
1446 761 1543 813 autem
1565 764 1635 830 puto
1659 757 1736 831 illas,
1752 761 1790 816 de

72 841 172 912 gentis
183 856 233 895 cor
248 857 357 908 meum,
374 845 403 895 et
418 842 503 896 stabo
518 859 608 913 super
619 843 766 899 Christum
779 848 902 914 petram.
959 841 1067 912 quibus
1078 846 1105 896 et
1116 841 1265 913 apostolus
1276 842 1408 915 loquitur
1417 845 1454 901 ad
1470 846 1654 903 Corinthios:
1667 849 1790 921 Epistola

69 929 107 984 Et
116 929 171 984 hoo
185 945 255 1002 gyro
267 933 295 985 et
307 929 415 985 circino
433 931 518 1002 quasi
537 948 621 986 muro
642 931 747 1004 sepiar,
760 932 841 988 need
858 948 904 987 me
958 938 1050 985 nostra
1074 947 1120 986 vos
1147 932 1223 1000 ostis,
1252 933 1353 1003 scripto
1377 935 1409 988 in
1436 934 1562 991 cordibus
1584 939 1708 992 nostris:
1724 953 1788 1009 puae

67 1017 113 1073 leo
128 1019 249 1089 rugiens
266 1018 362 1088 possit
376 1019 550 1091 irrumpere,
575 1024 603 1075 ot
624 1019 728 1075 videbo
744 1021 813 1092 quid
831 1019 903 1075 mihi
957 1020 1162 1088 copiosiitiiret
1175 1019 1275 1087 lepitar
1299 1021 1333 1074 ob
1348 1021 1476 1077 omnibns
1501 1024 1675 1081 bominibus:
1696 1029 1788 1082 inani·

68 1111 140 1179 post
147 1108 305 1162 secundam
314 1107 504 1178 questionem
515 1110 690 1181 respondeat
700 1113 904 1180 Deustetpost·
957 1106 1062 1179 sesinii,
1075 1108 1204 1179 qnoniam
1214 1111 1280 1163 estis
1291 1110 1407 1180 epistola
1427 1111 1540 1179 Christi,
1557 1114 1717 1170 ministrata
1727 1114 1784 1186 [sl.

69 1211 160 1267 quam
172 1195 245 1250 mihi
260 1195 451 1267 responderit,
460 1197 805 1270 etmeeorripueritmale
813 1198 903 1254 luisse
956 1197 1146 1266 ninnifestato]
1162 1199 1281 1263 anobis,
1306 1201 1332 1252 et
1357 1201 1461 1270 scripta
1484 1217 1540 1256 non
1563 1201 1789 1269 atramentarii

68 1288 274 1353 conquestum,
286 1283 355 1353 quid
366 1285 704 1355 egoquoqueeidebaam
714 1287 901 1357 respondere.
956 1286 1057 1354 spirita
1071 1287 1122 1341 Dei
1135 1287 1261 1352 oi'oeniis,
1277 1303 1332 1342 non
1348 1288 1377 1341 in
1394 1288 1499 1343 tatutis
1511 1289 1638 1361 lapideis,
1653 1291 1736 1346 sedin
1749 1298 1788 1347 ta·

66 1369 224 1442 Eleganter
239 1376 336 1427 autem
353 1376 382 1427 et
397 1373 472 1428 miro
488 1390 576 1429 sensu
589 1374 749 1429 humanam
762 1374 902 1430 describit
957 1372 1030 1428 bulis
1040 1375 1129 1430 cordis
1139 1376 1297 1432 carnalibus
1309 1376 1345 1447 (ll
1369 1376 1429 1432 Cor.
1445 1395 1487 1444 111,
1500 1379 1557 1448 23).
1583 1378 1638 1434 Sed
1665 1383 1693 1434 et
1707 1379 1787 1437 Salo·

64 1457 294 1530 impatientiam,
305 1476 392 1531 quam
407 1461 434 1514 in
450 1461 712 1532 disceptationibus
724 1478 840 1535 semper
853 1463 901 1518 ha·
957 1476 1025 1516 mon
1041 1461 1097 1517 tale
1114 1464 1183 1534 quid
1199 1464 1344 1535 significat
1360 1464 1389 1519 in
1417 1466 1583 1523 Proverbiis
1596 1467 1716 1524 dicens:
1732 1469 1784 1525 De·

63 1546 133 1603 bere
148 1547 376 1604 consuevimus:
392 1554 596 1620 at‘antequam
624 1551 708 1607 uobis
730 1569 764 1606 ex
778 1552 901 1608 adverso
955 1551 1042 1606 scribe
1055 1567 1115 1606 eain
1129 1568 1211 1623 stipor
1226 1552 1400 1609 latitudinem
1416 1555 1506 1610 cordis
1522 1557 1563 1610 toi
1577 1556 1670 1626 (Pron.
1687 1573 1729 1623 ιιι,
1746 1557 1784 1629 3).
1814 1548 1825 1566 '

67 1631 177 1708 sliquis
189 1638 373 1709 respondeat,
386 1643 414 1693 et
424 1639 553 1709 sciamus
565 1639 594 1693 in
614 1656 672 1711 quo
693 1656 745 1695 nos
759 1640 900 1712 arguerit,
955 1639 1086 1694 Scribere
1106 1645 1205 1695 autem
1226 1641 1349 1712 jubetur
1375 1641 1503 1714 planius,
1529 1649 1562 1699 ut
1587 1646 1681 1717 possit
1694 1645 1786 1702 lector

66 1725 104 1780 sd
123 1726 360 1796 respondendum
377 1740 524 1798 paremur.
542 1732 580 1782 Ex
596 1744 653 1799 quo
674 1729 838 1784 ostenditur
853 1745 897 1785 re·
955 1743 1081 1793 currere,
1094 1733 1122 1783 et
1135 1728 1215 1784 nullo
1228 1729 1440 1802 impedimento
1450 1732 1591 1789 velocitas
1611 1735 1686 1805 eJ'us,
1697 1738 1727 1790 et
1740 1734 1782 1791 le·

64 1815 258 1887 sponsionem
274 1831 331 1871 non
344 1814 466 1871 rationis
483 1832 556 1885 esse,
574 1817 624 1872 sed
645 1818 849 1873 contentionis.
866 1818 896 1874 Si
951 1815 1037 1886 gendi
1050 1816 1157 1887 cupido
1168 1820 1311 1872 teneatur.
1328 1819 1362 1873 h't
1382 1817 1437 1874 hoe
1448 1819 1590 1893 precipit,
1602 1821 1671 1892 quia
1686 1821 1783 1878 adhuo

63 1903 144 1959 enim
162 1908 241 1959 esset
256 1904 343 1972 ratio,
365 1904 515 1977 responsio
539 1906 679 1961 debuerat
697 1907 851 1978 expectari,
868 1912 897 1963 et
950 1903 1022 1959 visio
1037 1903 1137 1976 procul
1153 1910 1208 1970 est,
1225 1910 1253 1961 et
1267 1907 1298 1960 in
1318 1911 1450 1979 tempore
1476 1909 1647 1965 constituto.
1665 1910 1700 1965 iii
1714 1927 1781 1967 cuin

61 1992 107 2048 sie
117 1992 215 2048 videre
228 1998 328 2047 utrum
340 1995 516 2065 respondere
538 1994 666 2061 deberet,
679 2013 715 2050 an
732 1997 896 2051 consentire
950 1993 1017 2047 sinis
1031 2010 1128 2048 rerum
1143 1994 1302 2058 advenerit,
1313 1999 1383 2051 tunc
1396 1996 1486 2051 etium
1497 1996 1546 2052 ille
1556 1997 1664 2066 veniet,
1675 2002 1704 2053 et
1714 2015 1781 2071 pro·

60 2079 230 2137 rationabili
243 2082 435 2153 responsioni.
450 2083 505 2138 Sed
518 2087 545 2138 et
556 2083 610 2139 hoc
633 2086 794 2140 notandum
817 2101 895 2141 exeo
949 2079 1067 2136 bibitur
1094 2082 1247 2153 prophetie
1276 2099 1344 2139 vera
1370 2100 1455 2156 opere
1479 2085 1634 2158 completa.
1657 2086 1740 2150 Quod
1755 2087 1781 2143 si

59 2171 141 2243 quod
155 2171 279 2237 dixerat,
298 2172 330 2227 lit
345 2170 451 2226 sitnm
462 2171 528 2243 qnid
552 2173 678 2244 loquatur
702 2176 733 2227 in
755 2190 810 2242 oie,
828 2191 893 2246 pro·
949 2168 1022 2223 lorte
1038 2186 1090 2240 pro
1101 2169 1262 2240 cupiditate
1274 2175 1334 2238 tua,
1347 2188 1363 2226 o
1378 2171 1478 2239 lector,
1502 2177 1530 2229 et
1553 2173 1780 2231 vivendaevisio-

61 2257 209 2332 phetieem
221 2259 371 2314 Visionem
383 2263 412 2315 et
422 2259 571 2332 eloquium
583 2262 633 2317 Dei
642 2276 700 2317 non
711 2263 893 2319 extrinsecus
951 2256 997 2311 ssis
1008 2258 1121 2324 isidore,
1134 2256 1288 2329 paululum
1301 2258 1354 2313 libi
1365 2259 1460 2314 Visum
1471 2261 1779 2320 sueriimoramiecere

60 2348 269 2421 adprophetus
293 2347 365 2415 lieri,
391 2349 441 2403 sed
468 2349 892 2407 intrinsecusetinterioriho·
947 2345 1221 2416 quodpromissum
1243 2350 1298 2411 esi.
1330 2345 1389 2401 noli
1418 2347 1573 2419 desperare
1600 2354 1776 2406 venturum:

61 2436 136 2491 mini
149 2437 333 2509 respondere.
346 2437 428 2492 Unde
438 2443 466 2493 et
475 2438 648 2494 Zacharias:
665 2441 698 2494 Et
712 2441 834 2508 capetias,
847 2439 890 2496 in·
913 2461 916 2465 ·
946 2433 997 2488 sed
1013 2439 1149 2505 exspecta
1177 2434 1339 2505 patienter:
1357 2451 1404 2490 me
1431 2435 1509 2491 enim
1531 2435 1634 2507 habes,
1656 2439 1707 2511 qui
1722 2438 1777 2508 tibi

58 2525 136 2599 quit,
149 2527 198 2597 pai
209 2527 372 2597 loquebator
382 2528 412 2580 in
421 2542 464 2581 ine
475 2527 566 2597 (Zaeb.
580 2544 599 2598 i,
612 2528 650 2598 9).
660 2528 695 2583 Di
704 2528 734 2582 in
746 2528 871 2585 Psalmis
883 2547 889 2585 :
945 2521 1083 2593 polliceor
1097 2527 1124 2577 et
1137 2521 1202 2577 dico
1215 2539 1221 2577 :
1241 2524 1364 2589 Veniens,
1381 2527 1481 2592 venat,
1498 2532 1587 2581 elnon
1596 2526 1726 2582 tardabit.
1739 2527 1768 2583 si

56 2614 180 2671 Audiam
189 2614 253 2684 qaid
264 2611 396 2686 liipaatar
404 2616 433 2669 in
441 2616 624 2670 nieDoniinns
634 2615 718 2686 (Psoi.
731 2618 888 2689 crismati).
945 2610 995 2681 qui
1012 2617 1110 2665 sutem
1129 2610 1300 2667 incredulus
1324 2617 1369 2667 est
1393 2612 1483 2683 hujus
1508 2615 1675 2686 sponsionis
1691 2632 1773 2686 mere,

94 2703 190 2771 (Veis,
215 2707 233 2758 2
262 2703 358 2775 seqq.)
381 2706 415 2758 Ei
442 2687 582 2774 respondit
610 2706 683 2760 initii
705 2706 847 2776 Dominus,
862 2712 890 2762 ei
945 2699 1021 2754 MD
1036 2703 1064 2755 et
1077 2716 1123 2755 me
1139 2699 1262 2769 dicente,
1280 2703 1500 2770 ebriosissimi,
1516 2706 1543 2758 et
1567 2719 1623 2760 nori
1638 2704 1774 2778 tradabit,

56 2792 152 2848 discit:
169 2792 263 2847 Scribe
276 2793 374 2862 risam,
390 2795 414 2847 et
437 2792 559 2864 explana
586 2810 652 2848 eam
682 2795 888 2865 inportabatis
943 2788 1061 2860 coeperit
1076 2788 1234 2859 ambigere,
1250 2793 1279 2843 et
1293 2789 1322 2842 in
1338 2806 1369 2844 se
1383 2789 1490 2846 tacitus
1501 2790 1653 2861 fluctuare,
1666 2797 1775 2866 putans

57 2883 91 2936 sit
100 2890 246 2952 perennat
258 2883 308 2952 qni
318 2882 417 2950 teperti
427 2898 501 2948 oiim,
512 2882 578 2952 quia
589 2881 678 2937 adbuc
696 2884 886 2954 visosprocol,
943 2892 1000 2931 1100
1016 2893 1081 2931 08³8
1095 2891 1250 2943 venturum
1266 2879 1343 2949 quod
1360 2883 1492 2936 mOraiur
1511 2880 1546 2935 &d
1570 2885 1709 2954 tempus;
1725 2881 1773 2939 hio

55 2972 82 3024 ei
97 2968 242 3040 apparebit
257 2971 287 3023 in
301 2969 397 3038 finem,
412 2976 437 3024 et
450 2984 504 3023 non
520 2971 720 3025 narii-tietuini
730 2986 836 3026 moram
845 2973 886 3042 ie·
942 2980 1012 3020 meae
1027 2965 1133 3020 anima}
1159 2965 1336 3036 displicebit,
1349 2968 1434 3037 Juxta
1448 2967 1541 3023 iilud:
1570 2970 1732 3026 Neomenias
1746 2979 1773 3028 et

52 3057 357 3128 miiaipiciiniam
369 3076 378 3112 :
390 3059 456 3129 poia
468 3059 577 3113 ueniens
597 3060 697 3128 veniet,
719 3064 744 3114 et
759 3075 814 3114 non
828 3065 885 3115 tar·
940 3053 1052 3109 sabbata
1074 3062 1163 3109 vestra
1185 3054 1242 3110 Otiil
1267 3057 1364 3111 altimo
1391 3072 1453 3112 mea
1481 3056 1594 3127 (itai-1.
1616 3058 1670 3131 15)·
1687 3058 1772 3122 Quod
1875 3070 1879 3077 “

53 3145 150 3202 dabit:
164 3149 282 3218 eccequi
306 3147 462 3201 innodatas
486 3151 535 3217 est,
551 3162 606 3202 non
627 3149 680 3203 erit
703 3152 776 3204 reeta
791 3150 885 3204 orinia
900 3130 921 3196 C
940 3147 1038 3198 aulem
1050 3143 1180 3198 animam
1194 3159 1279 3199 suam
1290 3148 1366 3200 Deus
1382 3145 1465 3211 ‘iiiiii
1478 3162 1530 3217 91⁸⁰
1544 3151 1641 3202 menie
1652 3151 1680 3203 ei
1690 3147 1770 3220 0θεί-

52 3235 325 3306 ei'iisi'nsernetipso.
356 3237 447 3290 insius
474 3243 566 3290 annm
594 3238 625 3290 i'ii
652 3238 710 3307 fide
736 3240 883 3294 suarinas.
939 3231 1048 3287 tatione
1065 3231 1363 3303 debemusaccipere‚
1380 3237 1413 3288 ut
1438 3233 1477 3288 sit
1500 3233 1686 3292 intellectus:
1703 3252 1770 3294 meo

54 3321 124 3378 Lxx
139 3340 146 3378 z
161 3327 194 3378 si
205 3323 345 3393 respondit
359 3322 394 3376 ail
408 3338 453 3377 me
477 3322 618 3391 Dominus,
642 3327 668 3377 et
682 3323 772 3379 dicit:
793 3324 887 3380 Scribe
940 3321 1040 3376 sensui
1054 3319 1230 3389 displicebit.
1244 3320 1327 3376 Sicut
1343 3327 1440 3378 autem
1458 3321 1626 3394 displicebit
1644 3322 1694 3379 ille
1706 3324 1769 3396 qui,

54 3412 201 3476 ebionem,
230 3419 255 3465 et
289 3412 435 3481 nianisesto
472 3412 503 3465 in
534 3410 637 3465 bacani
661 3410 715 3481 (m.
747 3412 826 3482 boae)
856 3420 886 3467 ni
941 3424 988 3463 me
1003 3407 1200 3478 promittente,
1226 3407 1404 3464 dubitaverit
1427 3413 1582 3465 venturum
1604 3411 1770 3482 essequod
1838 3438 1842 3445 ·

54 3499 96 3569 (a)
112 3507 293 3571 persequatur
307 3500 356 3570 pai
370 3501 435 3570 lepis
459 3514 511 3553 ea:
526 3500 592 3568 pain
618 3497 708 3553 aethna
736 3501 804 3555 visio
828 3499 884 3570 [Al.
941 3494 1070 3567 spondeo
1083 3511 1089 3546 :
1102 3494 1143 3548 ita
1151 3495 1252 3564 Justus
1263 3495 1313 3564 qui
1323 3497 1767 3569 credideritpromissionimeie,

55 3587 346 3660 obtendintenipns,
376 3596 403 3643 et
431 3589 538 3642 orietur
567 3590 598 3642 in
626 3587 719 3657 tinem,
748 3591 887 3644 etnoain
940 3582 1449 3653 vivetinlidesua.Hisquasilineis
1470 3584 1589 3657 capituli
1607 3584 1770 3658 hujuspic·

58 3676 136 3733 0⁰0
152 3692 278 3730 vacnum.
294 3677 327 3731 li
340 3675 482 3746 deiecerit,
493 3678 598 3730 sustine
613 3691 685 3745 eam,
701 3677 766 3747 qnia
776 3679 889 3732 veniens
941 3676 1008 3727 tura
1022 3670 1168 3741 descripta
1183 3675 1236 3726 est.
1253 3670 1334 3733 Quod
1350 3672 1542 3740 autemdicit,
1563 3672 1770 3744 hujuscemodi

57 3766 160 3830 omisi,
175 3767 202 3818 et
213 3780 269 3818 non
284 3763 423 3819 tardabit:
439 3766 464 3818 si'
478 3765 627 3819 retraxerit
641 3780 678 3831 se,
690 3780 747 3818 non
756 3765 885 3836 placebit.
941 3764 997 3826 est,
1018 3759 1058 3813 ita
1077 3758 1229 3813 dumtaxat
1241 3763 1273 3812 ut
1289 3762 1318 3814 ct
1341 3758 1564 3816 translationem
1580 3761 1772 3834 Septuaginta

57 3855 160 3909 anime
174 3855 340 3910 ineaetneo.
356 3855 449 3908 liisins
473 3861 564 3908 antem
589 3868 624 3906 eii
650 3851 704 3922 fide
729 3855 887 3910 meaoioei.
943 3848 1129 3903 misceamus.
1142 3847 1240 3903 Scribe
1252 3847 1281 3902 in
1291 3847 1448 3916 cordetuo,
1458 3852 1487 3904 et
1500 3848 1585 3919 quasi
1596 3848 1709 3921 parvuli
1719 3847 1772 3922 qui

58 3946 115 3998 Pro
130 3942 240 3997 tribalis
255 3944 376 4013 ethaeo,
393 3943 470 4013 quod
486 3940 625 3996 Hebraico
640 3940 748 3995 dicitur
761 3957 888 3998 rasuera
943 3935 1191 4008 primaelementa
1202 3935 1537 4007 accipiuntlitterarum,
1557 3953 1661 3994 curvos
1672 3938 1770 4012 apices

58 4031 215 4104 [Al.noru]
237 4015 367 4102 (nisibin),
398 4029 593 4103 Symmachus
623 4029 890 4102 interpretatusest
944 4025 1577 4094 ettrementemmauuminbuxo-erudiunt,
1598 4030 1626 4083 et
1646 4028 1772 4084 adrecte

56 4122 187 4193 popinoa
199 4120 233 4175 Et
244 4119 293 4174 ubi
319 4119 511 4190 Septuaginta
533 4123 695 4190 posuerunt
708 4135 715 4173 :
730 4119 824 4175 initiis
837 4136 889 4175 aa·
944 4112 1132 4170 scribendum
1145 4111 1551 4171 meditationeeensuescunt:
1561 4114 1603 4172 ita
1611 4119 1644 4172 tu
1654 4130 1772 4188 quoque

57 4212 115 4265 tem
125 4207 221 4277 enfide
230 4223 290 4263 mea
300 4210 381 4276 viaet,
393 4224 495 4262 omnes
506 4206 658 4277 aequaliter
666 4208 889 4275 transtulerunt,
946 4203 996 4275 qui
1008 4218 1041 4257 ex
1052 4217 1177 4272 persona
1187 4201 1363 4273 ambigentis
1373 4201 1489 4259 loeutus
1500 4219 1532 4260 es
1559 4203 1671 4277 populi,
1683 4204 1713 4259 in
1723 4208 1767 4261 ts·

58 4313 97 4354 es
111 4297 224 4367 fidesna
234 4299 314 4352 viret.
330 4296 459 4366 Denique
471 4295 667 4367 Symmachus
678 4296 892 4367 significantius
946 4289 1023 4347 bulis
1034 4289 1130 4345 cordis
1140 4289 1183 4344 tui
1194 4295 1222 4345 et
1232 4290 1261 4345 in
1271 4290 1347 4347 buxo
1364 4291 1489 4363 pectoris
1498 4291 1593 4348 scribe
1604 4292 1680 4364 quod
1692 4292 1771 4349 dieo.

62 4387 263 4458 interpretans
276 4386 336 4440 ait:
353 4387 444 4440 instas
469 4387 560 4439 antem
579 4400 628 4455 per
650 4384 732 4453 [idern
751 4387 893 4456 propriam
946 4379 1114 4434 Visioeuim
1126 4383 1245 4450 estque
1256 4379 1622 4451 promittiturjuheturque
1635 4378 1774 4448 describi,

65 4491 148 4531 suom
157 4475 230 4528 viret
242 4474 317 4544 quod
328 4473 425 4528 Graece
436 4471 610 4543 diciturioii
623 4467 726 4532 δίκαιος
745 4475 779 4543 τῇ
798 4470 893 4524 ἑαυτοῦ
908 4495 931 4559 D
947 4473 977 4524 et
984 4467 1072 4524 scribi
1083 4467 1280 4533 manifestius,
1293 4472 1325 4522 ut
1342 4467 1421 4523 nullo
1439 4465 1604 4524 involvatur
1622 4466 1734 4534 nubilo,
1745 4469 1777 4523 et

63 4561 154 4615 nisse
173 4561 265 4630 tissi:
290 4577 481 4616 niianuivnruo
506 4561 658 4630 (metzitz)
680 4560 800 4632 quippe,
817 4560 894 4631 quod
949 4553 1776 4627 nullisaenigmetumobscureturambagibus:manifesta

63 4651 277 4723 interpretatur
291 4652 322 4705 in
337 4650 389 4719 fide
400 4666 459 4714 sua,
477 4649 502 4705 si
514 4665 565 4704 ion
580 4653 609 4703 et
623 4665 680 4703 non
696 4665 752 4703 viu
767 4648 895 4704 litteram
949 4661 1017 4717 spes
1029 4643 1215 4699 manifestam
1226 4642 1333 4698 habeat
1343 4641 1542 4713 sponsionem,
1554 4645 1614 4697 Hoc
1633 4645 1742 4709 autern,
1758 4656 1776 4697 o

64 4739 188 4795 haberet
199 4740 229 4794 in
240 4739 308 4806 line,
326 4742 358 4794 ut
372 4738 565 4809 Septuaginta
577 4739 763 4807 putaverunt,
779 4743 808 4792 et
822 4737 897 4809 lege·
950 4732 1103 4806 propheta,
1115 4729 1262 4800 precipio,
1275 4743 1333 4783 non
1345 4729 1422 4799 quod
1434 4733 1466 4783 tu
1491 4729 1604 4785 nescias
1615 4729 1686 4801 (non
1695 4727 1776 4785 enim

64 4831 149 4886 retur
166 4843 350 4883 asennaa-riu
375 4826 539 4897 (mrim),
566 4829 641 4879 recte
664 4824 896 4890 transtulissent,
951 4836 1031 4876 esses
1041 4815 1228 4890 propheta,si
1239 4816 1413 4888 ignorares),
1424 4816 1475 4872 sed
1486 4819 1519 4871 ut
1532 4817 1610 4886 quod
1629 4820 1661 4872 tu
1681 4815 1777 4872 mani·

66 4917 241 4987 insieme.
255 4917 337 4972 Nune
347 4914 614 4971 autemsimilitudo
624 4913 724 4969 littere
734 4918 897 4982 vaustina,
951 4908 1055 4965 festius
1065 4903 1227 4976 scripseris,
1239 4902 1331 4959 lector
1341 4904 1451 4976 absque
1461 4903 1670 4976 impedimento
1680 4903 1778 4960 sidil-

66 5022 133 5079 quae
146 5020 287 5059 mensura
297 5009 412 5059 tantum
423 5005 497 5058 inter
517 5019 547 5057 se
557 5001 678 5071 distant,
693 5018 780 5056 causa
791 5001 897 5056 erroris
952 4995 1079 5052 facultate
1093 4991 1187 5064 possit
1201 4990 1295 5063 legere
1319 4996 1407 5064 atque
1431 5008 1616 5064 pescurrere;
1633 4992 1710 5065 quod
1726 4992 1779 5049 Se·

67 5093 134 5150 luit.
150 5092 209 5148 Hoc
224 5108 314 5165 quare
324 5093 435 5162 dictum
447 5092 496 5156 sit,
507 5105 632 5161 sequens
644 5088 803 5161 disputatio
816 5104 897 5143 cour·
952 5077 1414 5158 ptuagintatranstuleruntzbinai
1424 5076 1509 5154 διώκῃ
1518 5079 1778 5155 ὁάναγινώσκων,ἰᾱ
1871 5071 1889 5094 *

67 5181 234 5255 prehendit.
249 5180 338 5236 iuxta
353 5179 608 5251 repromissionem
629 5193 692 5249 quie
707 5178 744 5232 ad
760 5181 897 5233 sanetum
952 5178 1006 5241 est,
1022 5177 1051 5228 ot
1063 5173 1242 5243 pasceretur
1256 5170 1305 5240 pai
1320 5170 1405 5241 tepit,·
1427 5170 1510 5242 juxta
1534 5167 1619 5226 illum
1645 5185 1781 5239 sensum,

106 5289 146 5361 (a)
163 5287 264 5360 Regin.
282 5305 338 5357 ms,
355 5290 582 5357 stetissetque
607 5283 723 5356 proprio
744 5282 854 5354 Aquila
871 5287 899 5340 et
953 5278 1085 5336 voluerit.
1102 5280 1194 5357 Mirr,
1221 5304 1256 5356 -7
1278 5278 1359 5330 Hane
1386 5276 1570 5332 Martianaeus
1599 5275 1779 5331 seutentiam

26 5400 30 5405 -
69 5361 248 5434 Symmacho
260 5359 398 5414 tribuitur
413 5357 621 5429 interpretatio,
645 5352 826 5428 ὃπωςτρὲχῃ.
953 5353 1117 5409 Graiorum
1142 5349 1310 5417 trajectione
1338 5347 1504 5430 verborum,
1528 5346 1599 5401 dum
1623 5347 1780 5431 emendare

106 5433 146 5514 (b)
163 5432 243 5486 iluna
259 5429 356 5486 locum
372 5431 562 5503 depravatum
578 5428 708 5482 invenies
724 5426 753 5481 in
768 5425 899 5498 antiquis
952 5422 1025 5489 vult,
1033 5422 1169 5492 depravat
1177 5413 1438 5543 legensnteseiipb
1457 5413 1560 5498 δικαιος
1577 5415 1673 5471 ἑαυτου
1686 5418 1777 5502 iim·

70 5502 249 5561 editionibus
277 5507 337 5557 tam
362 5502 392 5558 in
419 5500 520 5557 ordine
543 5500 707 5555 Cianorum
732 5497 898 5564 verborum,
953 5495 1011 5552 Nos
1022 5489 1197 5565 quemadmo
1220 5503 1269 5543 um
1280 5492 1309 5544 et
1318 5487 1489 5572 abDusshro
1509 5486 1656 5570 laudatur,
1672 5493 1779 5572 etism

71 5590 164 5657 quam
176 5574 207 5631 in
221 5547 344 5631 lebitone
359 5578 511 5631 contextus
533 5569 677 5630 Hebraei.
699 5569 835 5633 Conterit
848 5567 900 5651 qni
954 5566 1022 5631 iude
1036 5563 1073 5626 ab
1088 5558 1199 5622 diesim
1213 5562 1277 5620 erat
1289 5559 1425 5641 eduens,
1440 5573 1637 5639 reposuimus.

235 5699 369 5787 Parioi.
392 5698 489 5768 xxv.
602 5789 605 5793 ,
1403 5743 1407 5754 ·
1580 5683 1625 5801 *i
1667 5774 1717 5791 „m
1741 5756 1784 5787 ...
