3818 6104
100 270 182 335 itm
727 264 761 325 S.
782 258 941 327 sussen
962 258 1184 327 elaeonem
1736 255 1809 323 iffi]

100 405 153 474 tis,
168 403 194 458 si
207 401 352 472 ampliores
365 404 430 454 sant
443 398 557 453 termini
566 412 661 454 eorum
676 398 803 453 reminis
816 397 924 464 vestris,
939 398 968 462 Α
982 395 1061 468 poris
1080 394 1270 468 mitigandos,
1294 392 1358 451 oleo
1380 390 1553 467 purissimo,
1580 390 1634 450 sed
1655 393 1808 465 umentis

99 488 384 564 quiocnitisinctiem
393 487 510 553 motem,
533 486 572 558 (a)
597 487 644 558 ocri
666 486 929 558 appropinquarem
984 481 1544 557 pretiosisimis.Cumqnebisaffluatie,
1557 478 1808 555 siquosriden'tis

100 579 215 650 tonpitts
224 576 338 633 sabbata
346 574 502 630 mendacio.
514 575 568 643 Qui
578 573 705 630 dormitis
716 575 746 628 in
756 574 833 629 tectis
845 572 928 628 ctor-
984 574 1078 646 perire
1087 576 1123 630 de
1136 572 1254 647 populo,
1266 571 1348 629 nulla
1360 571 1566 629 misericordia
1579 585 1677 642 super
1699 569 1808 628 interie-

97 669 169 731 nois,
179 668 204 721 et
212 665 331 736 affluitis
340 664 448 719 deliciis
471 664 606 718 instratis
616 663 722 727 nestris,
748 668 774 717 et
786 662 928 717 comeditis
983 664 1078 719 ctione
1088 679 1189 719 eorum
1200 660 1422 729 flectimini,eed
1432 658 1624 718 contemnitis
1635 658 1725 731 quasi
1732 658 1808 717 brou

98 755 191 813 taedos
205 754 238 810 te
265 753 404 823 prepibns,
422 759 448 807 ct
474 752 603 808 lactentes
616 753 717 808 vitatos
732 751 765 806 de
780 751 869 806 needio
884 767 928 805 or·
984 750 1133 818 animalia,
1146 750 1212 806 etio
1224 765 1276 805 suo
1288 749 1396 819 bestias
1420 764 1523 804 cruore
1546 747 1807 821 personantium

97 847 263 908 nicenorum,
291 842 339 913 qui
365 841 537 912 concrepatis
566 841 602 895 ot
629 856 720 897 vorem
738 856 925 910 orpanorum:
983 839 1119 895 eumdem
1131 854 1248 895 sensum
1260 837 1348 894 etiam
1360 835 1491 893 Ezechiel
1502 835 1807 910 prophetaenbpasto

96 936 179 1005 quasi
192 932 299 988 stantia
313 934 491 1002 putauerunt,
507 932 533 985 et
543 945 598 985 non
612 931 695 1000 quasi
709 931 848 1000 sapentia
856 930 928 999 :qui
982 926 1280 999 rumponitexemplo
1294 944 1300 983 ι
1314 926 1529 998 Qnicomedent
1549 926 1594 980 luc
1617 923 1806 992 monime

98 1023 194 1078 bibitis
208 1023 305 1077 vinum
319 1019 490 1090 desecatum,
506 1026 532 1073 et
559 1020 660 1091 primis
687 1019 833 1090 unp-uentis
847 1018 927 1089 arpi·
981 1018 1139 1072 vestiuntur
1153 1017 1237 1080 lonis,
1252 1019 1278 1070 et
1296 1014 1430 1087 quidquid
1441 1017 1569 1087 primum
1582 1017 1625 1069 est
1635 1013 1806 1081 decorumst

96 1113 179 1178 mini,
195 1118 222 1165 et
236 1108 310 1164 mitit
325 1108 508 1179 patiebamini
522 1123 605 1178 super
632 1108 798 1163 contritione
818 1106 926 1177 ioseph.
981 1106 1195 1161 vulnerotnnon
1206 1112 1316 1173 sonent,
1328 1107 1469 1176 contracta
1480 1101 1803 1175 consolident‚perese·

99 1196 397 1256 Transiteomnesin
414 1195 631 1267 Chelarumque
657 1212 736 1251 nuno
763 1193 928 1267 appellatur
980 1195 1244 1266 tiononrequirant
1266 1193 1373 1261 (iacet.
1398 1209 1493 1260 xxxrv,
1518 1191 1600 1262 at).
1618 1191 1803 1263 Cunctaque

98 1286 266 1359 Ctesiphon,
278 1291 308 1340 ct
317 1285 440 1340 transite
450 1300 562 1340 omnes.
576 1284 630 1350 Qui
646 1287 716 1340 sunt
735 1283 783 1339 isti
800 1281 927 1339 omnent
976 1280 1801 1354 juxtahistoriaediximusveritatem,secundumSeplna-

99 1376 216 1447 utrique
230 1372 274 1428 illi
290 1374 325 1428 de
341 1372 449 1445 quibus
461 1371 692 1444 supradixerat:
704 1371 868 1444 optimates,
879 1387 926 1428 oa·
981 1370 1062 1442 ginta
1074 1372 1259 1443 interpretes,
1276 1371 1312 1427 ad
1329 1369 1471 1443 allegoria
1488 1368 1632 1425 nubilum
1650 1370 1800 1426 transiera-

96 1466 158 1536 pito
173 1464 247 1519 ³11
265 1462 439 1534 populorum,
455 1463 546 1533 etqui
560 1462 684 1534 opulenti
708 1463 774 1516 estis
802 1461 832 1516 in
847 1459 923 1532 Sion,
987 1476 1064 1515 mus.
1081 1464 1190 1517 Domus
1209 1459 1308 1530 lsrael,
1324 1476 1387 1532 que
1402 1476 1420 1515 a
1434 1475 1482 1516 me
1492 1457 1729 1530 recessisti‚que
1742 1474 1798 1515 oon·

96 1561 122 1609 et
132 1552 269 1622 confiditis
283 1552 313 1606 in
329 1559 419 1607 monte
432 1550 579 1607 Samariae.
591 1550 649 1605 Vos
660 1550 751 1623 igitur
760 1549 883 1605 transite
895 1547 925 1605 in
981 1547 1048 1603 lidis
1057 1548 1087 1603 in
1099 1551 1197 1604 monte
1207 1548 1357 1618 Samaria,
1383 1564 1446 1620 que
1458 1546 1657 1603 vindemiasti
1668 1546 1800 1620 primitie

98 1641 225 1698 Persidis
240 1638 398 1707 civitatem,
413 1644 442 1694 et
470 1639 625 1711 diligenter
646 1639 799 1705 attendite,
814 1643 843 1694 et
856 1637 925 1695 inde
980 1636 1532 1710 nationumtransi,atride,etpergead
1542 1635 1798 1708 murosplurimos,

97 1729 207 1802 pergite
217 1728 247 1784 in
260 1728 363 1784 Emath
376 1742 525 1798 magnam,
539 1744 602 1799 que
614 1743 692 1783 nunc
714 1726 752 1799 (b)
769 1726 924 1783 Antiochia
979 1724 1120 1781 hocenim
1138 1724 1346 1797 interpretatur
1369 1724 1472 1780 limeth
1497 1723 1623 1781 Rabbe:
1638 1728 1728 1796 etque
1741 1724 1797 1781 indo

98 1818 287 1875 nominatur..
298 1815 433 1888 Magnam
445 1819 543 1870 autem
555 1819 648 1881 vocat,
657 1815 693 1871 ad
703 1814 921 1871 distinctionem
978 1813 1136 1870 clementer
1151 1815 1294 1870 descende
1309 1814 1338 1868 in
1354 1812 1483 1869 torcular
1496 1829 1616 1879 eorum,
1634 1813 1688 1885 qui
1702 1813 1799 1869 cedunt

98 1906 221 1963 minoris
230 1904 347 1970 ilmath,
359 1903 595 1976 qumappellatur
605 1903 866 1976 Epiphaniande
875 1920 923 1960 us·
976 1903 1111 1958 bibentes
1124 1920 1130 1959 :
1142 1901 1214 1959 Geth
1227 1903 1305 1958 enim
1320 1906 1348 1958 et
1357 1902 1512 1958 Philistiim
1530 1901 1589 1958 hoo
1610 1906 1759 1960 resonant.
1771 1902 1798 1958 llt

97 2012 155 2067 que
165 1992 922 2065 hodiepergentibusMesopotamiamprimamansio
977 1993 1076 2048 omnia
1090 1991 1297 2063 contemplere,
1313 1991 1515 2063 precipueque
1531 1990 1655 2063 optima
1670 1991 1731 2063 (At.
1742 2005 1795 2047 om·

96 2087 218 2139 vocator
231 2083 350 2148 Emmns,
376 2084 513 2152 corrupto
543 2081 662 2152 quidem
689 2080 853 2147 vocabulo,
870 2081 921 2138 sed
975 2079 1034 2153 nia)
1045 2097 1145 2153 regna,
1158 2080 1202 2137 vel
1213 2079 1339 2153 optimas
1350 2079 1482 2136 civitates
1491 2078 1794 2153 deomnibusregnis:

97 2171 214 2243 pristini
227 2169 356 2226 nominis
371 2169 495 2242 vestigia
509 2170 647 2238 retinens,
673 2170 758 2240 cujus
773 2171 853 2242 regio
870 2187 921 2243 ap·
976 2173 1005 2224 et
1015 2168 1167 2226 considera
1178 2170 1203 2224 si
1215 2168 1314 2241 plures
1324 2169 1383 2225 sint
1392 2167 1509 2224 termini
1524 2184 1632 2224 eorum
1645 2183 1793 2240 qnamree

97 2258 223 2333 pellatur
232 2258 373 2327 deblatha,
384 2257 414 2311 in
423 2274 482 2330 qua
491 2263 631 2330 presente
640 2258 920 2328 Nabuchodonosor,
976 2258 1025 2313 tri.
1038 2259 1065 2313 Si
1079 2258 1158 2313 enim
1169 2256 1349 2314 voluerimus
1358 2262 1454 2313 mente
1463 2261 1602 2325 tractare,
1614 2262 1647 2313 et
1657 2257 1793 2314 universa·

97 2347 175 2420 regis
188 2347 296 2403 ludaeae
312 2347 365 2418 (Al.
388 2346 482 2417 lude)
516 2346 664 2403 Sedeohia
691 2348 835 2403 interfecti
852 2350 923 2404 eunt
977 2364 1043 2402 rum
1054 2346 1185 2418 gentium
1197 2347 1343 2402 discutere
1358 2345 1588 2418 philosophiam,
1600 2350 1792 2420 AEgyptomm,

98 2435 161 2503 dlii,
174 2440 201 2491 et
211 2435 287 2492 oculi
305 2433 386 2490 illius
398 2435 541 2490 excecati.
556 2436 878 2509 hierosolimisque,
892 2438 923 2492 in
976 2435 1127 2507 todorum,
1138 2440 1226 2508 atque
1235 2436 1400 2506 Persarum,
1419 2434 1601 2507 reperiemus
1618 2436 1792 2509 nngummu

99 2525 167 2582 Geth
184 2526 400 2580 Palestinorum
416 2524 463 2593 (lV
479 2525 541 2595 ltcp.
557 2525 614 2596 25).
630 2524 687 2581 Vos
716 2525 766 2598 qui
782 2525 922 2581 habitatis
975 2524 1228 2580 earumterminos
1243 2524 1791 2596 sanctarumterminisScripturerum:

98 2614 127 2669 in
140 2613 326 2683 montesion,
339 2612 407 2668 etin
428 2619 527 2669 monte
537 2614 686 2681 samarie,
700 2613 870 2670 descendite
884 2614 921 2670 ad
977 2614 1005 2668 ln
1017 2629 1126 2669 omnem
1137 2612 1215 2669 enim
1227 2615 1331 2667 terrem
1339 2613 1518 2668 eeioitmnus
1526 2627 1639 2679 eorum,
1649 2620 1677 2669 et
1694 2613 1725 2668 ia
1735 2611 1794 2682 taor

99 2702 923 2775 Palaestinos‚quimoranturincampestribus,etadopti·
976 2703 1050 2758 orbis
1076 2710 1157 2759 terroe
1181 2701 1234 2774 (Al.
1259 2702 1417 2772 terrarum)
1442 2700 1791 2773 verbosoruths.xvur).

102 2790 922 2863 maquequeregnahorum,qucediversiecivitetibussub
978 2789 1028 2846 Isti
1044 2790 1152 2861 quibus
1167 2805 1257 2861 supra
1284 2789 1416 2845 dixerat:
1445 2790 1546 2844 Domm
1574 2790 1792 2861 Israeliten&

95 2879 205 2950 jacent,
218 2879 300 2934 Ganm
310 2884 339 2934 et
348 2879 495 2948 Ascaloni,
508 2883 605 2945 Arato,
615 2882 754 2945 accaron,
766 2880 885 2946 etGeth‚
895 2885 923 2936 st
982 2895 1085 2947 omnes,
1101 2883 1127 2934 et
1141 2877 1238 2934 oidcte-
1254 2896 1271 2934 a
1286 2877 1422 2950 qualibus
1436 2877 1516 2933 vitiis
1528 2878 1565 2932 ad
1577 2877 1705 2935 meliora
1713 2884 1793 2935 uene

99 2966 194 3021 videte
204 2967 228 3021 si
240 2965 328 3021 latior
339 2966 484 3022 terminus
495 2983 596 3023 eorum
617 2969 742 3023 termino
766 2973 861 3024 vestro
873 2967 921 3037 sit,
977 2966 1019 3023 ire
1027 2968 1194 3038 jubeantur,
1207 2982 1333 3038 sequens
1344 2982 1440 3022 sermo
1451 2965 1611 3022 describit:
1626 2970 1685 3038 (lai
1695 2970 1792 3024 veniunt

99 3060 268 3120 utrumvos,
277 3054 375 3122 anilii,
386 3055 674 3125 majoresobtineatis
683 3051 846 3127 piovincias
858 3073 922 3113 :vos
977 3057 1007 3111 in
1016 3055 1088 3112 diem
1096 3057 1211 3122 oratum,
1226 3058 1362 3127 parantes
1373 3052 1429 3110 sibi
1439 3054 1571 3111 vitiosus
1581 3054 1663 3111 diem
1674 3055 1791 3111 melan:

97 3142 585 3215 inquam‚vosdepopulolsrael,qui
594 3143 720 3214 separati
728 3145 834 3200 estisio
843 3145 920 3201 diem
936 3132 958 3200 (i
977 3161 1035 3200 non
1051 3161 1109 3216 quo
1122 3144 1185 3199 dies
1196 3143 1273 3199 ullus
1284 3143 1323 3199 sit
1338 3141 1434 3198 malus
1445 3160 1452 3210 ;
1465 3142 1514 3198 scd
1528 3159 1587 3216 quo
1598 3143 1792 3218 unusquisqne

99 3231 221 3299 malum,
239 3232 268 3286 in
283 3231 361 3286 diem
376 3230 510 3286 videlicet
525 3231 712 3299 captivitatis,
723 3237 752 3288 et
766 3234 922 3306 appropio·
976 3237 1058 3306 paret
1067 3233 1122 3290 sibi
1135 3231 1259 3300 malum,
1267 3234 1351 3305 juxta
1362 3231 1434 3288 illud
1446 3232 1525 3304 quod
1537 3231 1791 3290 inllcclesiastele·

99 3318 197 3392 quatis
208 3318 281 3375 solio
291 3318 463 3391 iniquitatis,
474 3318 511 3373 ed
522 3319 656 3391 iniquum
663 3319 793 3391 judicem
803 3337 922 3394 pergen·
976 3323 1089 3395 gimus:
1106 3323 1143 3377 Ne
1157 3322 1274 3388 diceris,
1288 3321 1346 3376 dies
1360 3322 1471 3393 priores
1491 3321 1628 3378 meliores
1642 3332 1721 3379 ment
1731 3320 1792 3377 miti

98 3414 142 3465 tes
156 3424 255 3481 regem
272 3407 474 3480 Babylonium.
496 3407 549 3471 Qui
561 3424 628 3463 cum
640 3408 701 3464 hmc
718 3411 833 3481 passuri
845 3410 921 3479 sitis,
978 3428 1062 3483 quom
1073 3413 1140 3466 isti:
1155 3413 1286 3483 quonium
1299 3426 1355 3466 non
1370 3410 1551 3481 insapientia
1562 3412 1792 3484 iatemopassuper

101 3495 922 3567 nunedormitisinlentieeburneis,etlascivitisinstratis
979 3501 1028 3556 troc
1056 3501 1137 3572 (dccl.
1158 3518 1208 3570 vu,
1240 3500 1300 3571 ll):
1331 3497 1454 3554 stultum
1469 3503 1513 3554 est
1543 3499 1626 3556 enim
1647 3498 1787 3557 merem

99 3584 248 3654 mollibus,
262 3590 295 3641 ut
309 3601 424 3642 sommo
435 3585 587 3642 libidinem
598 3585 751 3658 copuletis.
763 3586 817 3652 Qui
829 3603 923 3644 come·
977 3596 1119 3662 tempora,
1140 3605 1207 3645 cum
1222 3588 1252 3643 in
1268 3592 1368 3643 nostra
1383 3586 1421 3643 sit
1444 3590 1603 3660 potestate,
1629 3588 1670 3645 vel
1687 3588 1783 3644 bonum

98 3675 167 3732 ditis
183 3691 240 3732 non
256 3676 292 3731 ad
309 3674 504 3747 repellendam
521 3675 638 3743 tamem,
656 3679 685 3730 et
700 3676 736 3731 ad
752 3680 923 3732 sustentao·
977 3680 1053 3734 diem
1062 3677 1255 3745 nobisfacere,
1264 3676 1308 3732 vel
1317 3676 1439 3732 malum.
1451 3675 1503 3731 Isti
1512 3676 1553 3748 (d)
1567 3676 1786 3750 suntqniappro·

99 3766 169 3820 dum
183 3781 290 3837 corpus
307 3764 469 3820 humanum
483 3781 490 3820 z
503 3765 554 3820 sed
565 3766 600 3820 ad
612 3763 732 3820 delicias
743 3764 922 3836 atqueluxu·
976 3767 1205 3840 pioquantm
1215 3769 1303 3838 etque
1314 3765 1488 3838 contingunt
1502 3765 1632 3823 sabbata
1643 3763 1790 3824 mendacia

99 3853 186 3921 riam,
197 3853 383 3925 utquidquid
396 3853 426 3909 in
437 3853 575 3926 gregibus
586 3854 653 3910 etin
678 3853 819 3909 armentis
842 3857 922 3909 tene·
976 3855 1125 3919 Quomodo
1140 3855 1217 3911 enim
1235 3853 1417 3910 circumcisio
1430 3853 1539 3923 cernis,
1566 3859 1596 3911 et
1621 3852 1792 3912 circumcisio

104 3957 170 3997 rum
183 3947 271 4014 atque
286 3941 393 4015 pingue
408 3947 462 4010 est,
473 3947 575 3998 vestre
586 3943 661 4015 gule
672 3944 781 4014 paretis
794 3959 800 3998 :
813 3941 921 4014 quibus
976 3945 1072 4000 cordis
1089 3942 1262 4016 appelletur,
1279 3947 1308 3998 et
1324 3941 1433 3999 suntin
1444 3942 1605 3999 manifesto
1617 3943 1724 4014 iudei,
1733 3942 1792 3999 etin

22 4077 25 4082 .
99 4046 157 4087 noo
169 4029 278 4087 sutlleit
288 4028 382 4085 libido
394 4030 486 4102 penis,
498 4033 527 4086 et
536 4031 674 4104 gutturis,
685 4036 713 4088 et
723 4031 760 4103 (c)
770 4030 923 4087 aestuantis
976 4031 1101 4102 occulto,
1113 4048 1238 4103 qnorum
1248 4031 1373 4087 alterum
1384 4030 1533 4102 abjicitur,
1545 4035 1575 4088 et
1584 4031 1792 4089 alterumcom·

98 4118 172 4174 cibis
182 4117 357 4191 aqualiculi,
377 4117 433 4173 nisi
445 4122 474 4173 et
484 4118 622 4175 tibiarum
635 4125 663 4176 et
673 4119 802 4192 psalterii
814 4122 842 4176 et
854 4119 921 4193 lyrae
976 4121 1116 4193 probatur
1129 4137 1135 4175 :
1150 4121 1191 4176 ita
1202 4125 1271 4176 sunt
1282 4121 1405 4177 sabbata
1429 4119 1543 4176 Domini
1556 4126 1677 4193 saneta,
1687 4127 1716 4178 et
1728 4118 1792 4178 verl-

98 4207 220 4263 canticis
231 4222 318 4263 aures
328 4205 745 4281 vestrasmulceatis,utquod
754 4208 844 4264 David
854 4207 922 4266 iecit
974 4215 1033 4266 tate
1049 4208 1184 4278 subnixa,
1200 4209 1301 4265 etalio
1316 4226 1373 4265 non
1403 4214 1503 4266 sancta
1532 4216 1624 4282 atque
1639 4210 1792 4277 mendam.

97 4293 128 4350 in
139 4294 250 4350 cultum
274 4294 324 4351 Dei
345 4296 369 4365 (1
381 4296 446 4350 Por.
461 4297 636 4367 amn-xxvi).
662 4297 825 4353 heritarum
843 4297 922 4354 ordi·
975 4315 1038 4371 qum
1054 4296 1213 4355 occidentis
1228 4296 1330 4354 littere
1346 4302 1513 4371 sequuntur
1537 4298 1644 4355 otium.
1662 4299 1792 4372 Quodque

98 4398 159 4454 nes,
176 4386 205 4439 et
213 4398 389 4456 organorum
404 4381 552 4456 reperiens
567 4384 731 4452 varietates,
753 4402 805 4442 vos
820 4387 856 4441 ad
871 4401 921 4442 vo·
974 4387 1126 4460 sequitur:
1143 4388 1191 4459 qui
1205 4387 1334 4442 dormitis
1347 4403 1430 4459 super
1444 4388 1523 4443 lector
1538 4387 1688 4458 eburneos,
1704 4387 1791 4445 eisin·

97 4469 611 4544 luptatemetluxuriamconferatis.
622 4472 801 4530 litbibitisin
813 4475 919 4547 phialis
934 4503 959 4567 D
975 4475 1128 4550 terpretari
1146 4492 1322 4548 possumus:
1339 4475 1394 4540 Oui
1422 4474 1533 4532 athleta
1561 4479 1608 4532 est
1632 4475 1792 4548 Domini,et

96 4558 312 4624 vinumnonad
321 4560 485 4616 satiendam
494 4560 642 4628 sitim,sed
651 4561 918 4634 adopprimendum
974 4570 1124 4623 exercetur
1138 4565 1175 4620 ad
1191 4564 1312 4630 luctam,
1327 4568 1357 4620 et
1371 4554 1560 4638 preparatae
1578 4570 1686 4623 contre
1699 4565 1792 4623 adrer-

98 4626 240 4703 aniinum.
256 4647 292 4702 Et
320 4647 476 4720 ungimini,
497 4666 554 4706 non
570 4650 607 4705 ad
634 4648 840 4709 labores812
856 4669 919 4710 cor·
975 4653 1067 4710 sarias
1083 4657 1251 4727 potestates,
1266 4653 1376 4709 dormit
1390 4653 1419 4709 in
1431 4653 1512 4710 nuda
1521 4653 1615 4710 humo
1626 4654 1744 4712 imitans
1752 4652 1792 4710 le

132 4789 171 4863 (o)
183 4793 285 4846 Deerat
293 4791 342 4862 qni
356 4789 521 4863 relativum,
535 4792 612 4864 quod
626 4795 734 4849 etmss.
751 4794 919 4865 preferant,
975 4793 1091 4866 ingenio
1104 4794 1188 4850 facile
1202 4798 1432 4852 commutantur.
1457 4795 1499 4850 Ad
1515 4795 1578 4852 heo
1592 4799 1623 4851 et
1647 4793 1789 4858 lteblethe,

100 4864 129 4916 et
144 4860 261 4917 Graecus
276 4866 381 4918 textus.
975 4866 1164 4936 quamtertio
1186 4865 1248 4921 loco
1275 4866 1419 4934 nominat,
1450 4867 1480 4921 in
1511 4866 1576 4937 ejus
1606 4865 1789 4939 eratregione

134 4931 171 5004 (b)
181 4931 298 5003 Vereor,
311 4950 348 4989 ne
358 4932 486 4989 dictandi
498 4933 859 4992 testinationehicerretS.
870 4941 922 4993 Do·
975 4936 1144 5001 constituta.
1161 4941 1194 4993 ut
1209 4935 1274 4993 aliis
1288 4938 1443 5010 scripture
1459 4937 1532 4993 locis
1553 4938 1706 4994 docemur.
1722 4935 1789 4991 Alu-

98 5006 169 5059 ntor.
181 5002 255 5059 Nam
265 5004 419 5061 Antiochia
441 5021 504 5075 quae
515 5006 679 5061 conditores
693 5021 763 5061 suos
776 5006 864 5078 Syria
876 5024 920 5064 re·
976 5023 1038 5062 ram
1054 5009 1164 5070 Emotis,
1193 5008 1253 5064 sive
1280 5008 1422 5074 llinorem,
1449 5009 1528 5065 novit
1547 5008 1639 5064 etiam
1655 5008 1722 5066 lose
1742 5006 1788 5062 bns

97 5075 436 5202 {isffiofflt'piffmane
466 5081 590 5203 ιιιιιιιιιιᾳῖ
597 5081 706 5203 Admoso
715 5078 857 5203 rffientior
866 5083 920 5163 est.
975 5078 1131 5204 Alrlitiquitt
1146 5080 1198 5206 litb,
1204 5096 1228 5206 t1
1229 5096 1305 5205 lpap.
1315 5081 1343 5147 7,
1357 5080 1409 5152 qui
1418 5080 1551 5206 eaprdgntr
1564 5096 1631 5207 cesse
1642 5084 1728 5153 atque
1735 5075 1788 5207 eii

99 5164 304 5272 inanimi
336 5164 610 5301 illitaltmill
634 5164 845 5301 'litabit
861 5165 921 5277 ill
976 5165 1500 5295 telliteclettistete.t
1522 5168 1555 5220 ¹‘
1594 5153 1680 5224 Μ’
1693 5154 1734 5219 ⁰¹¹

98 5286 223 5343 Emesam
237 5303 302 5344 esse
316 5289 400 5345 docet
423 5289 617 5345 'theodoritus
642 5306 671 5345 m
701 5293 808 5347 ierem.
824 5308 921 5358 amn,
1022 5295 1045 5357 c)
1061 5292 1132 5348 Tres
1148 5309 1230 5361 mss,
1246 5303 1369 5350 estuans
1383 5296 1451 5350 citis
1469 5293 1659 5366 aqualiculus.

99 5356 242 5440 celebrem
259 5374 365 5431 nempe
387 5359 473 5432 Syrie
489 5362 592 5417 urbem
607 5360 643 5415 ad
660 5361 796 5418 Orontem
812 5363 922 5420 Libano
1022 5362 1050 5431 d)
1064 5362 1160 5419 Nostri
1176 5380 1258 5429 mse,
1275 5366 1325 5422 isti
1338 5383 1374 5438 op
1394 5367 1572 5437 commouent,
1596 5376 1684 5440 atque
1699 5363 1789 5423 cort*

99 5443 272 5497 proximam.
296 5429 437 5486 Convenit
463 5436 493 5487 et
520 5436 691 5503 corruptum
708 5449 814 5490 nomen
828 5436 922 5504 limos,
975 5434 1169 5506 pnmsnbbata
1182 5436 1272 5506 [acme
1376 5439 1459 5502 actm·
1488 5436 1624 5511 quomodo
1653 5439 1787 5496 animer*

98 5498 176 5629 guod
192 5515 260 5602 mox
289 5500 482 5583 iiieronymus
501 5506 592 5587 namt,
620 5503 809 5588 adeoqueet
822 5506 921 5580 ipsum
976 5508 1042 5566 cisio
1055 5507 1157 5580 comis,
1177 5509 1232 5564 eto.

121 5569 241 5637 matt,t
266 5586 346 5631 emm
372 5578 402 5632 st
428 5588 441 5632 s
469 5589 505 5634 ex
532 5574 725 5638 Orientalium
749 5575 920 5657 linguarum
