3818 6104
97 356 160 428 tot
392 306 764 433 douusbrealouutl
787 366 827 432 Ill
849 362 1102 472 athaulphum
1123 366 1199 432 uls.
1223 366 1258 432 X.
1282 362 1369 434 Chi).
1392 364 1512 434 xxxii.
1741 356 1802 431 806

100 497 233 572 objiciam
248 507 275 557 te
289 498 362 573 (sive
374 515 465 575 ennom
479 501 660 575 replebuntur
673 504 724 576 tui)
735 521 745 559 .·
756 511 782 560 et
801 502 926 561 babitare
938 501 967 570 Α
983 502 1125 574 perhiam,
1143 519 1206 576 qus
1223 507 1453 572 cassamentum
1470 505 1499 560 et
1513 497 1703 560 multitudine
1721 515 1802 559 exer·

102 586 173 660 [sius
188 588 295 661 sedere)
308 592 412 663 faciam
426 607 509 663 saper
525 595 656 648 teomnia
670 592 797 648 volatilia
811 592 884 658 cmii,
899 597 926 649 et
980 591 1055 648 ailus
1071 592 1129 660 sui,
1146 609 1249 650 omnes
1264 610 1356 666 aquas
1371 592 1517 650 transiens
1542 595 1655 666 poterat
1684 596 1801 647 contar·

102 678 277 735 satnrabode
295 686 321 734 te
335 679 433 735 bestias
445 683 579 737 uniuersae
593 686 687 749 terrm,
702 690 729 737 et
742 680 811 738 dabo
826 698 924 737 carnes
979 680 1067 737 bare:
1083 681 1191 739 ideireo
1206 683 1370 754 expandere
1382 698 1413 738 se
1436 681 1507 737 dieii
1523 684 1583 737 reta
1603 696 1690 736 suum
1713 694 1803 752 super

104 773 164 823 toas
177 783 264 839 super
281 776 396 831 montes.
409 773 436 824 et
464 770 581 841 implebo
603 771 686 827 colles
716 769 812 843 [Vulg.
843 771 924 826 addit
979 768 1198 827 multitudinem
1211 771 1322 841 ejusd
1332 770 1481 827 extrahere
1491 786 1559 827 sum
1573 784 1683 842 sagena
1695 767 1801 824 suavel

106 855 174 925 taos]
191 854 265 927 (sive
279 857 375 927 valles)
389 859 468 913 sanie
482 866 530 914 tua
542 857 597 929 (vol
612 861 748 929 sanquine
762 860 820 930 tuo)
845 867 871 914 et
885 863 923 915 ir·
979 858 1078 925 hama,
1092 863 1121 914 et
1136 858 1287 931 projicere,
1303 860 1363 915 sive
1376 859 1530 915 extendere
1545 875 1613 914 eum
1629 874 1717 930 super
1741 861 1802 914 ter·

101 944 196 1013 riqabo
209 949 314 1001 terram
331 945 675 1018 (siveirripabilurterra)
703 957 802 1018 putore
824 947 922 1019 [Vulg.
979 945 1801 1020 ram‚quiquasieoluhsrmultisspirislueratinvolutus‚
1878 944 1881 951 '

101 1035 203 1104 latores
218 1032 256 1089 al.
266 1034 388 1106 paedore]
398 1037 544 1106 sanquinis
553 1037 596 1092 tui
605 1037 676 1105 (sive
686 1038 848 1093 stercoribus
859 1037 924 1109 tuis)
979 1039 1012 1090 ut
1021 1052 1039 1091 a
1049 1036 1162 1092 eunetis
1171 1035 1236 1092 omli
1246 1035 1414 1092 volatilibus
1424 1036 1589 1092 devoretur.
1600 1035 1732 1107 Cumque
1743 1051 1801 1091 non

101 1131 301 1195 superindutos,
316 1132 342 1178 et
353 1124 399 1179 81
405 1124 428 1179 8
439 1125 524 1180 valles
535 1125 765 1197 implebanturem
775 1130 809 1181 ts.
819 1127 851 1181 st
861 1141 924 1197 ope·
978 1123 1074 1180 solum
1095 1140 1172 1193 aves,
1190 1124 1240 1181 sed
1257 1141 1360 1181 omnes
1372 1125 1472 1182 hestia
1487 1128 1569 1180 terre
1584 1140 1652 1180 eum
1663 1123 1804 1180 lacerave-

101 1213 168 1267 riarn
179 1227 243 1267 cum
254 1213 390 1267 estimatus
400 1213 496 1281 saeris,
506 1215 641 1282 detumet
650 1216 801 1286 niqrercere
817 1216 925 1284 focium
979 1212 1047 1283 rint,
1060 1213 1178 1285 reliqum
1193 1230 1295 1270 carnes
1320 1215 1395 1285 ejus,
1410 1217 1525 1269 montes
1548 1217 1577 1268 et
1604 1211 1695 1269 valles
1723 1227 1805 1270 eam·

101 1300 190 1356 sellas
206 1302 288 1371 ejus:
304 1302 594 1375 Solemnubetcpom,
610 1305 747 1359 etlunam
766 1320 821 1359 non
848 1306 925 1361 dabit
979 1302 1804 1374 posquaeomplsbunt,itautnunciavemibusseatsant.

103 1389 191 1445 lamen
206 1405 301 1445 saum.
318 1390 417 1446 Omnia
427 1391 582 1447 luminaria
596 1393 657 1448 meli
680 1408 796 1450 maerere
822 1396 926 1464 bociam
979 1390 1044 1447 llaec
1059 1395 1156 1447 sutem
1172 1390 1304 1463 loquitur
1319 1407 1370 1463 per
1378 1390 1592 1462 metaphoram,
1603 1395 1636 1446 ut
1646 1393 1804 1463 postquam

102 1476 167 1546 (sire
179 1478 431 1550 contenebrescent)
441 1496 525 1550 saper
535 1489 576 1536 tc:
591 1490 618 1536 et
632 1480 701 1537 dabo
711 1483 926 1553 tenebrassuper
977 1479 1104 1536 volatilia
1119 1479 1184 1536 omli
1199 1485 1227 1535 et
1241 1479 1341 1536 bestia
1357 1480 1496 1537 carnihus
1511 1480 1576 1551 ejus
1591 1479 1700 1535 luerint
1722 1482 1804 1534 satu·

100 1574 202 1627 tetram
216 1574 305 1635 tuam,
321 1567 388 1624 dicit
398 1570 531 1624 Dominus
542 1569 620 1624 bens.
638 1570 669 1624 Et
679 1569 795 1626 irritabo
805 1587 854 1626 cor
874 1587 924 1643 po·
979 1573 1057 1638 rate,
1075 1569 1104 1624 id
1120 1574 1165 1625 est
1179 1570 1324 1625 exereitus
1339 1570 1414 1639 ejus,
1430 1572 1459 1625 st
1482 1568 1618 1624 universa
1646 1565 1803 1622 multitudo

98 1656 224 1727 potorum
238 1657 393 1711 multorum
406 1673 470 1712 cum
484 1657 622 1712 inducero
631 1659 826 1714 contritionem
851 1658 925 1730 (sive
979 1657 1092 1730 reliqua
1103 1675 1171 1730 pars
1186 1659 1215 1713 in
1231 1674 1345 1714 vermes
1356 1663 1385 1715 et
1395 1657 1508 1713 saniem
1519 1658 1712 1717 convertatur.
1722 1655 1804 1711 'lunc

101 1745 383 1816 apricitatemmam
398 1745 565 1814 inuentibus
579 1755 766 1818 superterrus
796 1746 866 1819 (sive
894 1749 924 1803 in
979 1747 1086 1818 inquit,
1104 1746 1167 1803 euuli
1183 1746 1313 1803 tenebris
1327 1745 1537 1813 obvolventur;
1555 1744 1609 1813 sol,
1625 1748 1653 1800 et
1668 1743 1747 1816 luna,
1776 1748 1806 1800 et

101 1833 181 1903 trra)
195 1848 284 1904 quam
301 1834 400 1888 nescu.
413 1834 447 1888 Et
458 1837 612 1904 stupescere
625 1835 728 1903 [nciam
741 1835 814 1905 (sive
823 1838 924 1891 contri·
980 1840 1082 1891 castere
1094 1833 1252 1891 luminaria
1260 1835 1437 1891 nondabunt
1446 1833 1545 1889 lumen
1557 1832 1709 1899 suum‚sed
1717 1847 1806 1904 super

99 1922 254 1989 mouetur)
268 1937 351 1994 super
369 1929 394 1978 te
406 1922 443 1993 (a)
457 1923 573 1994 populi:
589 1921 644 1992 (val
668 1931 758 1995 pentes
780 1924 887 1993 mutrae)
901 1932 928 1981 et
980 1928 1009 1980 te
1019 1929 1125 1980 cuneta
1135 1924 1321 1997 nigrescant:
1337 1922 1469 1994 nihilque
1481 1921 1642 1978 tihilaetum
1654 1920 1719 1987 erit,
1730 1925 1758 1977 at
1768 1920 1805 1976 ad
1897 1938 1900 1943 ’

99 2026 169 2082 repes
179 2026 282 2067 eoram
296 2010 504 2066 bomorenimto
518 2011 707 2081 formidabunt
721 2020 846 2083 superte,
863 2029 926 2068 cum
979 2012 1222 2069 tuumintsritnm
1236 2029 1338 2070 omnes
1349 2011 1449 2086 populi
1460 2011 1595 2067 etcuneti
1607 2024 1802 2084 raguseorum

100 2101 187 2156 cotom
197 2101 315 2171 ceperit
328 2099 438 2171 pladias
451 2116 528 2154 meus
542 2116 624 2172 super
632 2102 716 2171 fames
725 2116 830 2169 eorum,
841 2107 866 2157 et
877 2104 924 2157 ob·
979 2100 1100 2158 horrore
1116 2101 1207 2158 nimio
1223 2101 1423 2158 formidabunt
1438 2100 1652 2172 conspicientes
1673 2097 1806 2172 gladium

99 2194 368 2261 stupescerstrepente
381 2189 487 2258 sinuati
499 2204 549 2260 pro
564 2190 659 2244 anima
673 2191 764 2245 suain
774 2191 820 2246 die
834 2193 926 2247 ruinas
980 2206 1079 2246 meum
1095 2190 1152 2246 huo
1166 2189 1293 2261 illucque
1304 2189 1424 2247 volitare
1440 2194 1469 2245 et
1483 2188 1557 2244 nulli
1572 2203 1700 2260 parcere,
1717 2189 1746 2242 st
1773 2185 1804 2241 in

101 2277 166 2348 (sire
177 2281 368 2349 exspectantes
375 2279 573 2333 ruinamsuom
582 2294 599 2332 a
609 2277 652 2333 die
662 2280 764 2347 ruina)
778 2282 842 2334 tune.
853 2281 925 2348 Quia
977 2284 1030 2334 tua
1045 2279 1139 2345 ruina,
1157 2278 1272 2334 ruinam
1289 2277 1415 2334 similem
1427 2277 1645 2350 pertimescent.
1657 2275 1692 2331 Ut
1703 2279 1803 2332 autem

104 2368 159 2423 taee
172 2365 238 2422 dicit
250 2366 386 2422 Dominus
401 2366 489 2421 Deus:
506 2365 619 2421 Gladius
633 2368 706 2436 reois
717 2367 868 2439 Babylonis
880 2386 923 2425 ue·
978 2367 1192 2439 sciasquisiste
1205 2368 1244 2424 sit
1254 2365 1453 2439 gladiusaudi
1465 2364 1649 2421 manifestius
1662 2381 1668 2419 :
1680 2363 1801 2419 Gladius

103 2455 228 2511 m'eitibi.
237 2456 271 2511 ln
284 2455 388 2526 pladiis
401 2455 600 2526 sortium(sive
614 2457 787 2527 uiuentium)
798 2457 925 2528 dejiciam
978 2456 1056 2528 regis
1071 2455 1227 2528 Babylonis
1239 2453 1333 2511 veniet
1345 2455 1417 2511 tihi:
1434 2455 1463 2509 in
1479 2452 1587 2526 gladiis
1601 2450 1731 2518 tortium,
1741 2450 1802 2508 sive

101 2544 308 2601 satnmdinsm
323 2543 394 2615 (sive
408 2542 613 2617 fortitudinem)
628 2548 723 2600 tuam:
754 2547 925 2617 inexpupnn·
978 2543 1140 2617 gigantium
1152 2543 1411 2615 dejiciamomnem
1419 2540 1638 2598 multitudinem
1649 2538 1800 2603 tuamoui

101 2633 274 2706 biiesgmm
296 2649 390 2689 omnes
405 2632 447 2688 bae
461 2632 532 2703 (sive
553 2634 709 2704 pestitentes
738 2634 781 2710 ds,
797 2635 924 2704 pentibus
978 2634 1122 2707 gigantes,
1138 2630 1379 2706 inexpugnabiles
1394 2635 1496 2704 gentes
1511 2633 1591 2697 sunt,
1615 2644 1679 2701 qus
1708 2627 1801 2699 Baby·
1855 2654 1858 2660 ·

98 2722 228 2794 unctio:
244 2725 272 2778 et
287 2722 430 2777 vastabunt
445 2720 517 2792 (sive
538 2721 660 2793 perdent)
684 2723 841 2794 superbiam
869 2723 923 2792 (vel
978 2721 1049 2778 lonii
1065 2722 1142 2794 regis
1157 2721 1332 2778 tenebantur
1346 2720 1484 2776 exercitu.
1501 2717 1554 2775 lsti
1569 2717 1728 2774 vastabunt
1738 2715 1801 2772 sive

99 2810 245 2883 iniuriam
260 2811 382 2881 AEoupti,
397 2818 423 2866 et
435 2809 617 2881 dissipabitur
627 2811 773 2867 multitudo
787 2811 923 2882 ejus(sive
978 2811 1148 2883 disperdent
1163 2810 1331 2882 superbiam
1342 2807 1456 2882 Egypti
1469 2811 1498 2864 et
1508 2823 1625 2864 omnem
1639 2803 1802 2861 multitudi-

96 2904 253 2957 oomeretur
266 2902 358 2955 omnis
371 2898 503 2971 tortitudo
518 2899 616 2970 itlius).
632 2901 667 2954 m
687 2899 802 2971 perdam
830 2903 924 2957 omnia
978 2917 1046 2956 nem
1062 2900 1144 2970 ejus:
1161 2898 1294 2970 nihilque
1308 2897 1338 2953 in
1354 2901 1474 2971 AEgypto
1486 2895 1660 2960 remanebit,
1670 2894 1721 2950 sed
1732 2907 1801 2951 oum

93 2990 219 3062 jumenta
232 2989 294 3060 ejus
310 3003 372 3058 qam
386 2995 555 3059 erantsuper
568 3003 655 3058 aquas
664 2987 879 3062 plurimus(sive
890 2990 923 3045 ab
978 2988 1159 3058 hominibus,
1174 2993 1203 3044 et
1213 2988 1350 3059 jumenta
1365 2987 1510 3058 brutaque
1524 2981 1664 3042 animalis
1692 2980 1802 3055 pariter

96 3079 175 3150 mars
188 3077 406 3141 mattisl:etnon
414 3075 585 3132 conturbabit
594 3092 640 3132 eas
650 3093 698 3148 pes
707 3078 827 3134 bominis
837 3079 921 3149 ultro,
977 3077 1156 3134 auterentur.
1173 3077 1207 3132 Et
1222 3075 1365 3132 tantaerit
1375 3073 1504 3131 solitudo
1519 3073 1550 3128 in
1560 3073 1691 3145 AEgyptq
1702 3074 1736 3127 ut
1747 3085 1801 3126 nec

95 3183 182 3241 neque
195 3166 306 3238 napata
308 3167 498 3238 jumentorum
513 3166 635 3221 turbabit
644 3166 715 3238 (sive
724 3167 855 3238 cubabit)
866 3183 921 3223 eas.
978 3166 1051 3239 pede
1065 3164 1203 3232 hominis,
1220 3181 1272 3222 neo
1288 3164 1398 3238 ungula
1404 3162 1533 3235 jumenti
1544 3177 1627 3234 aquae
1637 3159 1717 3217 illius
1728 3175 1799 3216 oon·

95 3256 170 3313 tanc
182 3257 350 3328 purissimas
368 3254 480 3310 reddam
507 3270 591 3327 aquas
610 3271 704 3310 eorum
723 3255 796 3325 (sive
811 3264 840 3311 ut
866 3238 959 3310 ati-C
978 3255 1198 3321 turbentur,sed
1214 3248 1799 3326 quietasintomnia:etaqumssuminum

95 3344 208 3420 pando
236 3346 381 3417 quiescant
408 3360 486 3414 aqum
514 3346 659 3412 eorum)et
686 3345 804 3414 ttuminu
830 3361 924 3401 eorum
977 3342 1140 3416 ejusquasi
1165 3341 1261 3398 oleum
1286 3342 1378 3397 lluant
1407 3338 1572 3412 purissima
1600 3355 1634 3395 ao
1662 3337 1802 3404 nitentes,

93 3432 624 3510 qumioleumadducomlsiveutoleum
634 3432 784 3504 fluentiam
794 3435 925 3489 Dominus
978 3431 1060 3489 nulla
1076 3449 1126 3504 per
1141 3448 1190 3488 sas
1206 3431 1383 3495 transeunte,
1394 3446 1447 3486 neo
1462 3444 1563 3485 aarum
1596 3428 1706 3482 lluenta
1736 3431 1802 3480 tur·

95 3524 177 3589 heu,
194 3539 259 3579 com
284 3522 380 3578 dedero
407 3526 509 3576 ren-am
548 3522 658 3594 AEpppti
684 3522 825 3577 desotntnn
853 3523 925 3591 (sive
978 3522 1076 3577 hante.
1092 3521 1264 3576 Hocautem
1280 3516 1585 3591 tretpropterAEgypti
1601 3512 1801 3580 solitudinem,

94 3612 257 3687 perditam).
273 3611 418 3668 lteseretur
437 3618 528 3666 nutem
557 3619 631 3666 terra
644 3627 661 3665 a
675 3610 846 3682 plenitudine
873 3628 925 3667 sua
979 3607 1396 3684 quaredigeturindesertum
1408 3603 1531 3662 abomni
1542 3602 1801 3659 multitudinesua:

97 3698 438 3777 (sireeamptenitudine)
453 3699 561 3772 qnando
573 3714 731 3771 percussero
746 3700 816 3771 (sive
839 3700 924 3756 disse·
979 3699 1097 3771 quando
1108 3695 1286 3752 habitatores
1297 3695 1361 3765 ejus
1371 3692 1514 3749 Dominus
1525 3691 1604 3748 88⁰
1614 3689 1802 3760 percusserit,

98 3790 258 3862 miscuero)
273 3804 366 3845 omnes
378 3788 544 3844 habitatores
558 3789 636 3848 eius:
652 3791 678 3844 et
691 3790 777 3844 scierrt
792 3790 857 3859 quia
877 3804 925 3858 eqo
980 3780 1598 3856 utintelligantquiremanserintquodipse
1605 3778 1644 3835 sit
1652 3776 1803 3834 Dominus.

98 3880 320 3937 manninas.
349 3878 482 3933 Planctus
503 3880 553 3943 est,
569 3877 743 3950 ctptanqent
769 3893 831 3932 eum
857 3879 926 3948 {iiim
980 3875 1089 3932 ideireo
1105 3871 1241 3945 plauctus
1256 3875 1301 3927 est
1316 3869 1486 3937 Pharaonis,
1503 3873 1532 3925 et
1545 3868 1684 3941 plangent
1697 3865 1806 3923 eumil-

108 3966 360 4041 pesdmlb)super
367 3964 849 4038 AEpyptumetsupermultitudinem
868 3967 927 4034 cias
980 3963 1026 4020 liae
1038 3962 1170 4036 gentium
1180 3958 1420 4016 incircuituNon
1432 3952 1804 4027 salumautemsuparillo,

104 4054 259 4127 (sireornni
273 4053 540 4126 [ortr'tudineiltiusj
551 4054 767 4126 ptnnpcnteum‚
783 4055 926 4111 nitliomi·
981 4053 1032 4110 sed
1047 4055 1075 4108 et
1090 4067 1179 4123 super
1193 4047 1382 4106 multitudine
1401 4047 1477 4117 eius,
1493 4062 1570 4125 qua,
1601 4043 1723 4100 Domino
1751 4059 1805 4098 va·

100 4144 428 4202 nicomediensem
445 4145 600 4214 atramque
625 4141 795 4209 miscernus,
821 4143 851 4197 in
880 4143 927 4199 his
982 4144 1088 4206 stante,
1104 4138 1262 4196 deletasst.
1272 4137 1338 4194 llaee
1349 4133 1576 4208 supersimpliei
1586 4133 1684 4191 littera
1695 4131 1806 4189 cursim

102 4233 255 4291 dumtaxat
268 4233 299 4289 in
316 4230 611 4305 quihusdisorepant.
629 4229 765 4303 Alioquin
782 4230 832 4287 uhi
849 4249 927 4288 nnus
982 4229 1091 4285 dixisse
1106 4225 1242 4294 suilloiat,
1258 4225 1411 4282 veniamus
1426 4225 1462 4280 ad
1478 4221 1705 4295 intelligentiam
1719 4219 1806 4292 spiri·

102 4338 206 4380 ussus
221 4326 277 4391 est,
289 4321 464 4378 Hebraieum
481 4319 643 4393 sequimur.
661 4320 693 4375 In
710 4319 811 4376 mullis
827 4325 926 4377 autem
981 4317 1101 4374 tualem.
1118 4315 1253 4387 Necputo
1264 4310 1643 4387 magnoperelahorandurn
1654 4322 1742 4364 nossa
1756 4304 1807 4377 qui

104 4410 428 4485 exemplaribus‚juxla
444 4408 523 4476 LXX,
553 4408 747 4466 duodecimus
775 4427 871 4466 annus
899 4414 927 4467 st
981 4395 1806 4476 sitPharaorexAEgypti,eumsupraplaniusdixerimus‚

103 4497 924 4570 measisdecimusponitur;juxtaeaeterosautemintsr·
980 4511 1045 4552 eam
1074 4492 1208 4549 videlieet
1234 4495 1420 4563 potestatem,
1460 4488 1507 4544 oui
1532 4487 1672 4560 AEgyptus
1698 4482 1809 4541 credite

103 4594 204 4661 protes,
220 4588 358 4645 decimus
374 4604 470 4644 annus
486 4591 514 4643 et
529 4586 721 4642 duodecimus
743 4587 864 4655 mensis,
895 4593 927 4644 ut
943 4604 965 4669 p
981 4588 1044 4651 sst;
1065 4582 1109 4639 vel
1125 4598 1183 4637 uua
1199 4579 1360 4653 provincia,
1376 4577 1418 4634 vel
1435 4580 1575 4649 AEgyptus
1588 4574 1681 4631 totius
1692 4571 1806 4638 mundi,

104 4676 216 4753 reliam
231 4681 321 4750 capta
332 4676 555 4742 sitierusalem,
566 4681 595 4730 et
605 4675 745 4748 gaudium
756 4675 926 4748 Pharaonis,
983 4689 1047 4746 quae
1062 4688 1120 4728 nan
1135 4674 1180 4726 est
1194 4668 1238 4725 leo
1254 4667 1381 4733 condita,
1397 4667 1449 4722 sed
1464 4664 1580 4738 proprio
1594 4663 1664 4718 vitio
1691 4657 1807 4716 assimi-

106 4763 930 4831 maiamsibiimminentibus,aeternamm!certa
983 4762 1043 4818 lata
1057 4759 1133 4816 leoni
1148 4757 1291 4831 gentium.
1318 4757 1408 4813 llomo
1437 4754 1516 4809 euim
1543 4767 1610 4809 oum
1639 4750 1668 4805 in
1698 4747 1809 4832 honora

107 4854 252 4929 sapienda,
282 4859 312 4910 et
337 4852 400 4909 suis
430 4851 525 4926 magis
549 4851 678 4908 miseriis
700 4851 806 4919 doleat,
840 4869 929 4925 quam
984 4853 1071 4917 esset,
1087 4845 1518 4918 nonintelligit3comparatus
1531 4844 1576 4897 est
1587 4836 1735 4910 Jumenlis
1763 4836 1808 4894 in·

108 4939 226 5001 ιίὶοτυω
234 4942 405 5016 captivitate
413 4940 536 4998 latetur.
548 4939 705 4997 Etinterim
717 4941 842 4999 breviter
851 4959 929 5014 qum·
984 4935 1201 5009 sipientibus,et
1211 4932 1318 4989 similis
1327 4926 1633 5000 laetusestilllsffsol.
1642 4942 1740 4996 xavsu,
1753 4925 1808 4995 13).

110 5030 170 5089 ism
184 5031 319 5089 historias
333 5031 525 5088 fundamenta
546 5029 701 5101 Jseientea
722 5029 792 5102 quid
818 5030 929 5087 Hebraei
986 5028 1024 5083 lie
1035 5025 1088 5080 hoc
1104 5022 1186 5079 leone
1196 5026 1225 5079 et
1236 5019 1493 5090 Petrusloquitur;
1508 5015 1702 5073 Adversarius
1711 5019 1812 5072 noster

109 5120 256 5194 superbos
268 5119 332 5177 loco
344 5117 511 5192 intelligant
520 5134 737 5190 percurramus.
752 5118 839 5174 Leoni
850 5135 930 5175 com·
984 5114 1120 5172 diabolus
1135 5110 1219 5184 quasi
1231 5108 1277 5166 leo
1293 5107 1413 5180 rugiens
1428 5105 1545 5172 circuit,
1561 5120 1698 5178 quarens
1724 5119 1811 5177 quem

110 5207 663 5281 pantusPherao,nonuniusgentis‚
689 5208 738 5263 sed
768 5206 930 5263 multarum
985 5204 1102 5262 devoret
1117 5200 1139 5271 (l
1153 5200 1228 5254 Petr.
1245 5213 1275 5264 v,
1294 5196 1333 5267 8).
1349 5195 1423 5250 Etin
1439 5210 1519 5250 nono
1536 5193 1654 5267 psalmo
1683 5190 1814 5265 (terat)

110 5297 254 5370 muham
271 5294 461 5355 sivsdmsoni
472 5297 502 5352 in
515 5295 603 5362 mari,
618 5301 651 5352 ut
661 5299 770 5352 terram
781 5312 932 5370 aquasque
986 5290 1205 5363 scriptumest:
1224 5282 1385 5340 Insidiaiur
1397 5282 1426 5337 in
1447 5281 1619 5352 abscondito
1631 5279 1716 5355 quasi
1726 5278 1771 5335 leo
1781 5277 1812 5334 in

110 5384 931 5461 muidmtqutirrigationeuaminumerigebaturinsu-
987 5365 1813 5452 spelunessuminsidiaturutropiatpaupersm.sstinls·

140 5547 180 5619 [a]
190 5545 430 5629 liscianpopmos
440 5544 692 5627 maltonoetpentes
707 5542 851 5608 mellend
862 5542 931 5599 Vul-
1022 5540 1059 5611 (b)
1075 5537 1152 5593 ldem
1170 5530 1274 5629 repetit
1287 5548 1382 5600 voees,
1393 5532 1528 5614 ptanqent
1541 5547 1614 5615 eum,
1631 5544 1695 5602 ques
1709 5527 1756 5583 bis
1782 5525 1813 5610 in

111 5622 180 5747 atas
193 5634 279 5693 prem
303 5616 682 5701 uetexiussrdem:vpxqao
695 5614 932 5672 unoverhomut-
986 5614 1116 5696 Hebraeo,
1133 5613 1162 5664 et
1182 5604 1310 5735 lffiata
1335 5619 1451 5678 quoque
1479 5604 1606 5660 editions
1634 5601 1713 5669 sunt,
1741 5613 1813 5672 qum

162 5705 218 5765 pro
346 5689 487 5749 habeam
501 5686 625 5745 abludit.
987 5688 1076 5743 stram
1090 5693 1182 5756 psnss
