3818 6104
102 215 181 278 tole
427 175 803 282 connumerarunt
825 216 866 278 itt
887 214 1117 280 necessitati
1140 218 1214 280 tle.
1237 219 1291 282 lll.
1314 219 1399 282 GAP.
1418 221 1485 284 Xll.
1729 210 1808 285 litt

100 364 182 422 pore,
197 347 343 407 Dominus
359 350 458 423 (culus
473 350 580 408 auxilio
603 351 696 407 ludus
710 367 727 405 a
741 350 851 406 dextris
867 355 896 406 et
910 366 928 406 a
944 354 970 416 Α
984 354 1082 406 autem
1096 350 1258 416 effusionis,
1275 368 1395 409 sensum
1410 351 1557 426 largitatis
1571 352 1699 410 ostendit
1712 369 1719 408 :
1731 353 1809 412 sieut

99 437 229 495 sinistris
243 438 425 496 adversarios
439 440 600 509 devorabit)
615 436 747 512 proteget
760 439 849 494 atium
873 437 925 494 ob·
981 438 1170 495 manifestum
1187 445 1231 496 cst
1252 441 1283 496 iu
1298 456 1330 497 ea
1346 441 1423 512 quod
1444 440 1573 498 diximus
1588 458 1598 496 .·
1617 441 1742 497 Charitas
1756 443 1808 500 aas

99 543 197 585 sessos
207 527 389 585 Jerusalem:
404 534 434 586 et
443 529 474 584 in
486 534 598 585 tantam
612 528 824 585 felicitatemne
838 526 928 583 beati·
980 527 1080 598 diffusa
1093 533 1130 583 est
1146 530 1176 583 in
1189 529 1315 584 cordibus
1325 533 1432 584 cestrie.
1450 531 1485 586 Et
1498 529 1528 583 in
1542 527 1601 585 'alio
1612 529 1677 586 loeo
1690 540 1725 586 ex
1739 546 1808 602 per·

99 615 233 672 tudinem
245 616 345 672 omnia
354 616 657 688 ruumbuntur,utqui
671 616 833 672 vilissimus
845 620 928 688 puta·
981 632 1053 670 sonu
1063 616 1112 671 Dei
1126 633 1132 670 ε
1144 617 1333 689 Effundamdc
1346 620 1448 689 spirita
1458 633 1517 674 mea
1527 634 1607 690 seper
1620 632 1727 676 manem
1739 634 1808 675 car·

101 706 197 771 batur,
214 704 254 761 sit
268 705 353 777 quasi
368 705 475 762 damus
486 707 585 779 ragia;
602 706 688 777 etqui
700 707 736 761 de
751 706 837 761 domo
848 704 929 777 regia
979 721 1044 760 acm
1068 705 1144 777 (laet.
1162 723 1194 772 11,
1208 706 1265 777 29).
1288 707 1343 772 Oui
1367 707 1406 763 sit
1420 712 1520 763 autem
1544 707 1667 779 spiritus
1692 708 1803 782 gratia,

101 798 173 861 srat,
190 794 230 849 sit
244 794 329 865 quasi
352 794 491 851 dedomo
508 795 567 862 ttei,
583 795 612 850 id
634 801 688 865 est,
704 795 788 867 quasi
805 793 928 849 nuntius
981 793 1059 849 idem
1071 794 1228 866 Apostolus
1240 794 1416 867 loquiturad
1428 797 1564 852 Hebraeos
1579 813 1585 852 :
1598 797 1707 865 Quanto
1718 799 1808 869 maqir

101 881 219 939 Domini
235 887 264 938 et
277 882 414 955 angelicae
429 883 582 955 diguitatis
598 882 628 938 ia
644 888 801 954 conspectu
813 898 927 948 eorum,
978 885 1083 954 patetis
1097 883 1233 940 deteriora
1245 887 1349 940 mereri
1358 885 1492 956 supplicia
1507 886 1808 957 anquiritanae

102 970 329 1043 qnieotempara
338 970 928 1044 luerintresalvati..tuxtaanagogen:l>r0·
980 973 1221 1038 comutraaeritet
1231 976 1396 1043 sanquinem
1407 976 1562 1030 testamenti
1573 976 1709 1046 pellatam
1718 976 1806 1032 duae·

100 1059 927 1132 tegetDominushabitatoreeiicclesias,paecliecleeiarum
982 1062 1029 1125 rit,
1045 1064 1075 1116 in
1090 1078 1142 1134 qao
1157 1063 1343 1132 sanctificatas
1366 1067 1415 1126 cat.
1431 1072 1457 1119 et
1469 1066 1584 1135 spiritui
1597 1066 1694 1135 qratia
1708 1069 1805 1121 canta·

100 1152 167 1221 poet
180 1150 413 1221 persecutionem
424 1148 629 1222 gravissimam
640 1148 889 1220 reddita,quand0
900 1151 928 1204 et
980 1152 1093 1206 matiam
1107 1154 1204 1224 feeerit
1218 1152 1294 1223 (liei.
1308 1152 1341 1222 x,
1352 1152 1398 1224 29)
1413 1152 1419 1207 l
1437 1152 1519 1209 Unde
1533 1156 1562 1208 et
1575 1152 1700 1224 Spiritus
1711 1152 1808 1210 sanati

100 1237 147 1293 sui
163 1237 541 1310 nominisinterpretatione
554 1237 739 1293 decorabitur
753 1255 760 1293 :
776 1237 928 1293 ierusalem
981 1240 1100 1295 diversae
1112 1241 1212 1312 gratia
1223 1257 1287 1297 esse
1298 1241 1446 1298 dicuutur.
1457 1240 1493 1297 lit
1504 1240 1643 1298 salutatio
1653 1237 1785 1315 Apostoli
1797 1257 1806 1299 ι

101 1326 180 1382 enim
194 1327 263 1382 visio
277 1328 353 1397 pacis
366 1326 549 1398 exprimitur.
564 1326 674 1382 littam
691 1325 861 1382 beatierunt
876 1324 927 1396 qui
982 1330 1076 1386 Gratia
1096 1329 1214 1401 (inquit)
1229 1331 1304 1385 vatis
1327 1339 1354 1386 et
1368 1346 1424 1402 pac
1446 1331 1648 1402 multiplicetur
1662 1331 1686 1402 (l
1701 1331 1768 1387 Tim.
1784 1346 1807 1403 r,

101 1430 155 1486 pro
170 1413 299 1471 licolesia
319 1414 494 1479 militarunt,
510 1420 539 1470 et
562 1414 592 1469 in
608 1405 810 1487 perseeutione
825 1414 927 1470 Domi·
982 1418 1008 1489 l)
1024 1434 1033 1471 :
1049 1422 1081 1473 ut
1096 1423 1252 1490 postquam
1268 1419 1354 1475 nobis
1370 1426 1487 1491 paccata
1501 1420 1661 1487 donaverit,
1670 1424 1739 1475 tuac
1749 1435 1807 1492 pax

97 1519 169 1559 num
178 1508 248 1559 sunt
256 1503 395 1560 confessi:
406 1508 440 1558 ut
450 1505 498 1574 qai
513 1503 653 1559 ruinirnus
664 1503 927 1575 luerit‚etquasi(a)
980 1524 1032 1579 per
1044 1507 1273 1564 misericordiam
1285 1517 1490 1581 consequatur.
1500 1509 1562 1564 llaec
1570 1508 1586 1564 J
1590 1508 1664 1564 udci
1678 1525 1713 1565 ex
1723 1511 1809 1580 perse

99 1591 330 1664 homoinaliquo
344 1596 463 1664 peceato
477 1592 613 1660 dictoque
628 1593 790 1663 offenderit,
802 1597 928 1664 ponatur
977 1595 1040 1667 jam
1057 1597 1142 1663 iacta,
1158 1603 1186 1653 et
1200 1596 1317 1670 plenius
1332 1599 1361 1653 in
1373 1597 1626 1654 consummatione
1639 1597 1742 1653 mundi
1758 1597 1805 1654 lu·

102 1682 133 1737 in
149 1681 470 1755 ordinemegistrorum
482 1697 488 1736 :
501 1687 529 1737 et
544 1681 687 1754 magistri,
704 1681 753 1753 qui
767 1698 852 1737 suum
866 1699 926 1738 ser·
981 1690 1048 1741 ture
1075 1692 1316 1741 commemorant.
1347 1687 1406 1742 Nos
1429 1691 1527 1743 autem
1555 1690 1621 1758 poet
1644 1687 1803 1743 adventum

98 1769 228 1826 reveunt
241 1770 377 1842 gradum,
393 1769 454 1825 sint
477 1770 560 1841 quasi
576 1771 682 1826 domus
709 1770 768 1837 Dei,
785 1775 814 1825 et
840 1769 923 1843 qusai
979 1773 1086 1830 Christi
1102 1774 1232 1846 quotidie
1247 1775 1362 1848 impleri
1380 1775 1573 1849 intelligimus
1587 1779 1616 1831 et
1630 1776 1801 1848 probamus.

98 1859 222 1932 angelus
235 1858 349 1915 Domini
362 1876 369 1927 3
384 1858 454 1931 quia
469 1858 523 1915 boe
533 1861 613 1915 omni
630 1858 727 1915 studio
743 1859 923 1932 laboramus,
1014 1861 1107 1934 (Vere.
1125 1863 1181 1934 10.)
1197 1864 1229 1917 Et
1242 1865 1379 1934 aspicient
1392 1864 1431 1918 ad
1450 1880 1495 1919 me
1508 1880 1589 1936 quem
1602 1866 1804 1935 conticerent:

97 1947 186 2019 positi
201 1946 232 2003 in
245 1951 334 2012 terra,
349 1952 378 2002 et
394 1947 473 2003 vario
496 1948 595 2005 labore
610 1949 761 2019 sudantes,
778 1954 811 2003 ut
825 1952 924 2005 trans-
978 1959 1005 2006 et
1018 1952 1154 2022 pionpant
1175 1967 1238 2006 enm
1249 1953 1363 2022 plancta
1374 1954 1457 2023 quari
1469 1967 1551 2023 snper
1564 1955 1738 2024 enipenitanr
1752 1971 1762 2009 .·
1776 1956 1807 2010 st

96 2035 260 2092 formemur
277 2035 306 2091 in
323 2036 486 2109 angelicam
502 2036 638 2108 gloriam.
978 2039 1109 2096 dotatam
1123 2055 1208 2110 saper
1218 2056 1290 2106 eam,
1306 2048 1336 2095 at
1350 2040 1438 2096 dateri
1449 2041 1657 2097 saletinmortc
1669 2042 1807 2113 primopo-

132 2124 227 2197 (Vers.
241 2124 282 2195 9.)
303 2126 336 2180 Et
361 2125 415 2180 erit
427 2126 459 2180 in
481 2125 526 2181 die
548 2125 600 2180 itta
614 2144 624 2180 .·
638 2142 761 2197 qaaerarn
784 2135 925 2183 conterere
978 2130 1042 2185 niti.
1059 2128 1132 2184 Lxx
1144 2144 1152 2183 t
1163 2129 1196 2184 lit
1211 2131 1345 2201 capnient
1355 2128 1451 2196 adme
1460 2145 1512 2201 pra
1526 2145 1556 2186 ea
1567 2129 1642 2201 qaod
1655 2131 1808 2188 ranacar-

94 2229 189 2270 onmes
203 2216 295 2283 acates
305 2227 370 2285 quae
380 2215 492 2270 ueniant
506 2222 600 2270 contra
613 2215 776 2270 inmotam.
793 2216 924 2287 Eteffrrn·
978 2225 1058 2272 rant:
1067 2218 1228 2295 etptanpent
1237 2233 1319 2288 super
1329 2233 1393 2272 eam
1400 2217 1637 2289 planctom,qaaei
1645 2235 1728 2291 saper
1738 2219 1807 2276 eim

95 2302 163 2359 dam
175 2318 259 2374 saper
272 2304 385 2358 minam
399 2303 487 2358 Dauid
496 2309 524 2359 et
537 2319 619 2375 saper
634 2302 800 2359 habitatores
813 2305 924 2359 ieraaa·
978 2307 1134 2361 riesimnm:
1144 2305 1418 2374 Eldatciantdatarc,
1428 2308 1599 2378 qaaaisapcr
1608 2308 1803 2377 primogenita.

94 2393 289 2464 temspmtam
298 2394 395 2461 gratie
404 2400 432 2447 et
441 2391 637 2463 precam.LllX
648 2410 655 2448 :
666 2400 692 2448 et
702 2393 756 2448 erit
765 2394 796 2447 in
806 2393 923 2449 dieilta:
980 2395 1124 2450 tlebraiere
1140 2394 1217 2450 008
1232 2394 1335 2450 littera
1356 2411 1464 2450 ornare
1478 2399 1584 2462 eterra,
1601 2378 1656 2451 boo
1670 2399 1715 2451 est
1729 2395 1756 2451 D·
1771 2382 1812 2454 ot¹

94 2495 221 2552 quaeram
230 2483 344 2553 oasam
353 2497 446 2550 ornnes
459 2470 552 2553 pentes
563 2498 622 2553 qnae
636 2483 753 2538 veniunt
766 2489 861 2537 canae
873 2485 923 2539 te·
979 2485 1013 2552 R,
1023 2483 1347 2555 similessuut,etparvo
1356 2483 1802 2557 tantumapieodistiaguuutur.

93 2570 228 2637 aaran,
242 2578 268 2626 et
281 2571 426 2642 effundam
439 2585 520 2641 snper
544 2569 656 2626 damant
673 2569 765 2626 Dauid
780 2589 789 2624 .·
803 2576 830 2626 ct
842 2584 925 2642 saper
979 2574 1017 2628 iix
1031 2589 1087 2642 quo
1111 2573 1205 2628 evenit
1219 2577 1252 2627 ut
1277 2571 1355 2627 idem
1376 2573 1498 2628 verbnm
1523 2572 1635 2629 diverse
1658 2572 1800 2644 legentes,

93 2658 262 2715 habitatores
274 2659 923 2730 tennatemapiritamprotieeetmiserteardioe.
978 2661 1155 2733 aliteratque
1166 2661 1201 2734 (c)
1211 2660 1296 2717 aliter
1304 2660 1697 2734 transleranalntelligentin
1707 2661 1804 2734 gretia
1822 2665 1825 2668 ’

94 2747 184 2804 ludia
197 2747 245 2804 illo
257 2749 376 2821 quaudo
386 2751 518 2820 proteget
528 2747 672 2804 Dominus
682 2748 862 2804 habitatores
874 2749 922 2805 Jo·
977 2766 1071 2805 unum
1085 2751 1190 2806 demus
1200 2749 1366 2822 exemplum
1375 2766 1381 2804 :
1390 2752 1424 2805 lit
1433 2753 1555 2822 vestitur,
1571 2751 1739 2824 inquit,erat
1750 2751 1802 2808 Sa·

94 2835 237 2904 ruralem,
253 2842 364 2910 queret
377 2837 521 2893 Dominus
532 2841 681 2893 conterere
691 2853 794 2893 omnes
808 2841 922 2910 gentes,
977 2839 1051 2894 rauel
1063 2855 1155 2894 aaron
1172 2856 1226 2894 aaa
1242 2839 1265 2910 (l
1280 2840 1342 2910 llep.
1359 2855 1391 2906 11,
1409 2841 1463 2910 18),
1478 2840 1507 2895 id
1524 2845 1578 2906 est,
1594 2840 1753 2897 indumenta
1764 2840 1803 2896 a·

94 2943 161 2998 qua
175 2926 297 2982 veniunt
307 2931 407 2982 cantra
420 2926 592 2982 Jerusalem.
605 2928 739 2982 Conteret
753 2930 849 2982 autem
865 2942 922 2983 non
977 2943 1037 2997 neo,
1053 2943 1107 2982 aaa
1134 2928 1212 2983 enim
1229 2928 1319 2982 tinam
1344 2927 1530 3000 appellatur:
1547 2929 1624 2984 unde
1639 2934 1668 2984 et
1690 2942 1802 2985 aarum

94 3015 128 3079 ia
143 3015 347 3086 perditionem,
358 3015 409 3071 sed
420 3014 451 3069 in
467 3015 712 3086 emendationem,
721 3019 754 3070 ut
766 3016 922 3071 adversum
978 3015 1191 3072 tinadicuntur.
1199 3015 1253 3071 Pro
1264 3032 1322 3088 quo
1334 3015 1474 3072 Hebraico
1486 3016 1647 3088 Latinoque
1657 3031 1802 3088 sermono,

94 3103 260 3160 Jerusalem
270 3102 395 3160 militare
410 3103 672 3170 desistaut‚eteeee
682 3104 823 3176 incipiant
834 3103 923 3159 deie-
938 3085 960 3153 (ἶ
979 3105 1055 3162 male
1070 3105 1190 3177 quidem
1201 3104 1302 3177 legunt
1317 3106 1415 3160 Ernon
1426 3122 1483 3160 aaa
1496 3123 1503 3161 ε
1517 3106 1663 3178 siquidem
1673 3122 1741 3174 sna,
1752 3108 1805 3161 aut

97 3192 238 3249 rusalem.
252 3193 282 3247 ei
297 3193 376 3249 enim
393 3193 428 3248 de
453 3192 544 3249 nihilo
559 3193 667 3249 creavit
680 3194 790 3265 omnia,
807 3211 864 3251 aon
880 3194 924 3250 id·
978 3193 1291 3267 fitiuaappellatur,aut
1301 3195 1439 3250 frumenti
1450 3196 1623 3266 manipulas,
1633 3196 1804 3266 auteteetas,

97 3281 178 3337 eirca
189 3281 257 3337 tecit
268 3286 301 3337 ut
311 3282 443 3355 perderet
454 3299 516 3355 qua
529 3274 655 3350 ereav'it;
672 3283 723 3339 sed
734 3288 767 3339 ut
777 3282 857 3340 illius
868 3283 925 3339 mi·
980 3288 1030 3340 aut
1044 3279 1136 3353 οὖλος,
1162 3283 1192 3338 id
1208 3287 1262 3349 est,
1285 3285 1403 3355 crispas.
1420 3284 1501 3347 Quod
1525 3284 1566 3340 ibi
1591 3300 1688 3340 errore
1711 3284 1804 3340 inter·

98 3370 259 3427 sericordis
274 3387 338 3443 quas
353 3376 451 3427 ereata
472 3377 542 3427 sunt
556 3371 747 3427 salvarentur.
757 3373 837 3428 Unde
853 3378 881 3428 et
895 3373 924 3428 in
980 3371 1150 3444 pretationis
1164 3371 1280 3436 eccidit,
1298 3372 1386 3426 etiam
1411 3371 1457 3426 hio
1474 3373 1584 3427 tactum
1608 3371 1802 3444 deprehendi·

99 3459 262 3530 Sapientia,
280 3476 345 3530 quea
369 3458 626 3516 Salamonisoes
641 3459 813 3515 inscribitur
827 3460 863 3531 (si
879 3460 925 3516 cui
980 3477 1056 3516 mus.
1069 3461 1098 3514 Si
1114 3459 1192 3514 enim
1208 3457 1322 3530 legatur
1331 3475 1443 3515 occano
1459 3460 1560 3545 (ripn),
1573 3457 1755 3527 ἐξεκέντησαν,
1771 3458 1803 3516 id

97 3553 196 3604 tamen
210 3548 302 3620 placet
312 3548 421 3604 librum
433 3547 582 3621 recipere),
596 3547 738 3619 scriptum
750 3548 924 3619 reperimus:
980 3553 1033 3618 est,
1049 3549 1266 3618 compunxerunt
1291 3547 1351 3602 sive
1374 3548 1550 3616 confixerant
1572 3547 1738 3618 accipitur:
1754 3545 1801 3603 siu

100 3636 211 3695 Creaor't
225 3642 349 3693 eicerent
357 3638 636 3700 omntanaatatarn
646 3639 835 3706 perreratiance
844 3654 926 3693 rnnn-
980 3641 1079 3692 autem
1094 3635 1240 3691 contrario
1254 3636 1366 3701 ordine,
1383 3635 1486 3691 litteris
1501 3636 1701 3702 commutatis,
1717 3651 1805 3692 aam-

98 3725 132 3781 di
148 3743 155 3782 :
170 3730 198 3781 et
211 3743 268 3781 non
282 3729 338 3782 erit
351 3729 391 3782 eis
405 3743 539 3782 amenum
553 3729 730 3798 mortiferam
745 3725 877 3797 (Sapicat.
894 3727 925 3797 ι).
980 3743 1019 3782 aa
1036 3725 1137 3812 (lapi).
1153 3724 1318 3798 ὠρχήσαντο
1329 3724 1357 3778 id
1374 3724 1604 3794 ostentaverant
1618 3723 1804 3795 intelligitur.

99 3814 184 3871 Sicut
198 3816 277 3871 enim
294 3815 371 3871 venit
388 3816 529 3872 Dominus
543 3821 575 3870 ut
589 3820 732 3886 quareret
745 3816 822 3887 quod
834 3815 927 3888 perie-
981 3816 1056 3871 etob
1068 3812 1294 3869 similitudinem
1305 3812 1605 3868 litterarumcrrorest
1615 3811 1806 3867 natusioen·

100 3907 160 3971 rat,
174 3908 203 3959 et
212 3903 336 3960 salvavit
346 3904 509 3960 humanum
522 3921 615 3977 genus
627 3921 634 3958 :
647 3904 689 3959 sio
699 3908 728 3959 et
737 3908 839 3976 gentes
853 3905 882 3959 in
894 3918 928 3961 eo
982 3920 1033 3960 nes
1049 3907 1145 3959 autem
1161 3901 1348 3975 evangelista,
1360 3901 1410 3973 qui
1426 3902 1462 3957 de
1477 3907 1591 3974 pectore
1607 3899 1722 3956 Domini
1734 3899 1807 3955 bau·

100 3992 241 4066 perdidit.
255 3995 333 4066 quod
344 3999 446 4066 gentes
457 3998 539 4049 erant
550 3993 730 4049 adversariae.
741 3994 869 4065 Denique
880 4010 927 4050 se·
982 3993 1021 4049 sit
1035 3991 1222 4064 sapientiam,
1234 3993 1371 4046 liebraeus
1386 4007 1420 4047 ex
1430 3990 1559 4046 Hebraeis
1573 4006 1660 4063 quem
1671 3989 1806 4045 Salvator

100 4081 205 4154 quitur
220 4099 227 4136 :
245 4082 391 4154 ditandam
403 4099 486 4154 anper
499 4082 610 4138 domam
622 4082 711 4138 David
720 4087 838 4154 etraper
849 4082 927 4139 tati·
983 4082 1100 4138 amabat
1113 4080 1274 4153 plurimum
1297 4081 1387 4144 ,ioan
1403 4083 1472 4148 xix),
1488 4096 1548 4135 noa
1564 4093 1741 4152 magnopere
1754 4093 1805 4134 eu-

100 4172 509 4243 tatarealertnatemspiritum
522 4173 657 4243 qratieeet
668 4172 877 4228 misericordie.
891 4173 929 4229 De
984 4172 1058 4227 ravit
1074 4169 1144 4242 quid
1160 4173 1264 4225 Graes
1279 4168 1382 4225 littere
1397 4170 1579 4225 continerent
1593 4187 1599 4236 ;
1617 4168 1668 4225 sed
1684 4168 1806 4225 verbum

100 4260 159 4316 hae
174 4261 268 4333 gratia
279 4260 382 4316 scribit
393 4264 421 4316 et
433 4259 541 4316 Paulus
556 4277 563 4316 :
578 4261 705 4316 Claritas
714 4261 764 4316 Dei
777 4261 878 4334 diffusa
891 4265 930 4318 eet
983 4261 1192 4332 interpretatus
1207 4277 1222 4314 e
1236 4259 1323 4314 verbo
1340 4265 1394 4323 est,
1411 4264 1444 4314 ut
1465 4258 1494 4313 iu
1511 4258 1630 4314 llebraeo
1645 4257 1764 4331 legerat,
1779 4259 1810 4313 et

102 4351 137 4407 in
151 4349 278 4406 cordiam
290 4352 393 4406 nostrai
404 4348 576 4422 [timearis]
586 4365 635 4421 per
646 4349 783 4419 Spiritum
792 4355 929 4418 mactum,
983 4353 1113 4421 tempore
1128 4348 1286 4404 Dominiea
1297 4349 1443 4422 passionis
1454 4349 1527 4404 dixit
1537 4364 1602 4403 esse
1617 4346 1808 4418 completum.

99 4441 154 4513 qai
166 4438 246 4494 datas
259 4447 300 4494 eat
311 4439 389 4494 nabis
404 4440 491 4509 (Rom.
507 4455 536 4509 v,
543 4437 583 4510 5).
601 4439 635 4494 lit
649 4438 679 4492 ia
694 4437 862 4509 supradicto
878 4454 928 4494 vo·
946 4453 970 4518 Ι)
985 4439 1066 4504 Quod
1080 4437 1105 4494 si
1121 4438 1187 4511 quis
1205 4455 1261 4494 non
1276 4439 1388 4509 recipit,
1406 4438 1454 4493 det
1469 4435 1682 4500 testimonium,
1697 4436 1734 4490 de
1749 4449 1808 4505 qua

102 4527 219 4584 lumine
229 4528 395 4584 continetur
407 4543 413 4582 :
426 4529 490 4596 Qaae
503 4530 532 4583 in
546 4526 616 4583 eoeta
625 4531 698 4598 sant,
710 4529 772 4600 qais
783 4529 932 4598 iaacattqa·
986 4532 1155 4584 sanaturum
1168 4527 1383 4599 scripturaram
1394 4526 1456 4582 loco
1471 4527 1599 4582 ioannes
1614 4524 1671 4579 ista
1682 4522 1810 4595 protule-

103 4617 147 4672 bit
156 4615 208 4688 (lali
217 4619 275 4672 nisi
281 4616 502 4688 qaadtadedisti
510 4618 717 4687 sapientiam,et
726 4616 862 4687 Spiritum
871 4633 933 4672 san·
987 4618 1025 4673 rit
1041 4635 1047 4673 ι
1063 4623 1092 4672 et
1110 4634 1176 4672 eum
1194 4634 1250 4672 non
1277 4614 1424 4688 repererit,
1441 4619 1561 4688 cogetur
1574 4613 1697 4685 ingratis
1714 4610 1810 4687 sueni·

101 4709 181 4763 ctam
194 4709 273 4761 mam
287 4707 392 4761 misisti
400 4705 432 4761 de
446 4707 610 4762 coaetanea
624 4707 666 4762 stc
679 4711 809 4762 carrecta
818 4710 933 4763 santae·
988 4722 1056 4779 pere
1070 4706 1232 4760 veritatem.
1248 4704 1390 4775 Plangent
1407 4708 1505 4758 autem
1521 4701 1611 4758 iudei
1627 4700 1711 4772 quasi
1723 4713 1813 4772 super

100 4795 185 4851 mitae
195 4796 344 4866 eornmqni
351 4803 496 4851 uersentur
505 4797 536 4850 in
544 4799 678 4851 terreret
687 4796 809 4868 qaoetibi
815 4797 933 4867 placent,
988 4793 1139 4866 unigenito
1155 4796 1183 4847 ot
1209 4792 1412 4865 primogenito,
1428 4790 1558 4864 idipsum
1573 4790 1759 4862 significante
1781 4788 1812 4847 in

102 4882 211 4940 eruditi
225 4888 292 4938 sant
306 4883 429 4940 homines
443 4883 518 4956 (Sap.
535 4901 574 4946 rx,
592 4884 646 4953 16).
664 4884 697 4938 Dt
711 4883 740 4938 iu
756 4884 934 4956 lsaialoqui·
990 4883 1113 4937 Domino
1137 4879 1297 4948 Salvatore,
1326 4884 1355 4935 at
1379 4880 1530 4952 unigenito
1552 4886 1581 4934 et
1606 4878 1812 4951 primogenito.

104 4975 159 5028 tur
175 4975 250 5027 Deus
268 4989 275 5028 :
294 4972 359 5028 Dedi
373 4973 504 5044 spirituas
528 4988 620 5028 mearn
642 4989 723 5044 saper
737 4976 764 5028 te
777 4974 851 5044 (lsai.
866 4990 933 5042 reu,
991 4971 1163 5042 Unigenitus
1206 4969 1324 5037 dieitur,
1354 4974 1474 5042 proptor
1509 4973 1622 5025 naturae
1657 4966 1816 5040 propriata·

103 5061 513 5131 meermannianam
537 5060 688 5133 Scriptura
701 5066 933 5118 commemorat:
989 5066 1047 5117 tem
1066 5077 1072 5115 :
1089 5059 1128 5132 (d)
1142 5058 1356 5131 Primogenitus
1372 5059 1457 5129 juxte
1479 5056 1662 5129 Apostolum,
1678 5073 1713 5112 ex
1737 5070 1817 5112 mor·

106 5147 179 5205 Dedi
199 5151 329 5222 spiritam
352 5166 443 5206 meam
466 5166 549 5222 saper
571 5165 634 5204 cam
658 5149 792 5222 (ibidem).
808 5149 936 5207 Verbum
991 5148 1050 5206 tuis
1076 5148 1292 5219 resurgentium
1317 5146 1430 5217 (Galeas.
1452 5150 1483 5216 1).
1500 5146 1553 5202 Pro
1574 5143 1736 5217 unigenito,
1752 5144 1817 5200 cta·

149 5327 189 5398 (a)
204 5327 343 5385 Mendose
358 5328 480 5384 retinuit
493 5326 628 5383 Martiae.
645 5328 694 5383 trac
709 5344 759 5398 pro
775 5328 864 5383 bomo.
992 5333 1038 5384 tar
1054 5343 1105 5467 pro
1121 5329 1277 5391 narrantur,
1293 5325 1399 5397 legitur
1418 5323 1445 5380 in
1463 5325 1503 5379 lte
1525 5324 1579 5379 ina
1596 5340 1651 5379 ms.

1039 5416 1053 5452 r

146 5397 185 5527 (pp
200 5398 394 5482 Victoriuead
411 5416 527 5456 sacrum
539 5403 650 5482 tortum
670 5399 800 5482 reatituit
814 5398 938 5485 adhunc
1061 5397 1209 5480 *atterum
1227 5398 1281 5452 boc
1295 5397 1475 5478 aliterpanes
1520 5395 1692 5450 ertiauaeum
1705 5394 1817 5479 deerat.

106 5484 160 5527 mo
183 5486 233 5528 um
247 5472 536 5540 :emerentianae
548 5470 939 5542 qaurnueetrqavtt‘teteaaee·
1039 5470 1066 5542 d)
1083 5469 1185 5525 lllutrlo
1201 5475 1252 5524 aut
1265 5475 1361 5540 potrus
1377 5468 1458 5523 nullo
1480 5484 1568 5525 musa
1586 5483 1674 5540 penes
1695 5464 1818 5526 uana·

106 5541 182 5602 tiam
193 5549 272 5601 taam
281 5544 344 5617 qais
352 5545 489 5617 maevia,
499 5544 559 5600 nisi
568 5541 648 5618 qaod,
659 5541 940 5605 stottoxoerrntsn·
993 5557 1091 5602 auum
1105 5541 1203 5600 deerat
1216 5556 1281 5610 vox,
1294 5540 1514 5619 Primapenitar.
1568 5554 1572 5559 ’

276 5667 412 5739 Person.
434 5669 531 5738 xxv.
774 5774 779 5785 ·
1623 5663 1665 5738 a
