3818 6104
114 286 171 354 au
389 287 762 358 uouuourlnloaoll
785 289 824 356 lu
847 289 1096 357 bzucfllututt
1118 290 1192 357 ulo.
1217 292 1398 364 villone.
1418 285 1539 361 xxtut.
1642 291 1646 298 ’
1755 281 1816 359 240

109 423 280 484 fortissimae
295 425 451 485 aduersum
465 426 938 503 omnioignitudiaboliy'aculare·
951 432 980 498 Α
996 444 1078 498 num,
1090 427 1203 486 etultra
1217 446 1275 485 non
1304 429 1372 493 eris,
1402 432 1567 489 seeundum
1588 425 1662 488 illud
1686 427 1764 505 qood
1783 427 1814 488 in

108 515 258 582 sistentes,
267 516 421 589 quaprius
432 523 515 575 erent
526 517 675 574 formidini
687 518 826 574 omnibus
837 517 938 572 advar-
993 516 1049 573 alio
1065 517 1180 590 psalmo
1192 519 1403 590 scriptumest:
1420 521 1530 577 llimitte
1543 521 1615 577 milri
1629 525 1661 577 ut
1668 521 1817 592 resriqerer

106 604 204 669 soriis,
219 619 311 672 versae
324 611 394 661 sunt
408 608 438 661 in
450 611 610 680 stuporem.
620 608 818 677 Sedetnaves,
832 622 936 662 ornnes
991 610 1155 680 primquam
1169 609 1275 678 obeam,
1292 617 1318 663 et
1332 609 1452 680 amplius
1470 625 1526 665 noo
1540 626 1586 666 ero
1612 610 1669 683 (Pe.
1698 624 1816 682 xxxviii,

98 692 242 762 gidelicet
254 693 358 755 saneti.
375 696 426 766 qui
441 695 636 768 hujusseculi
649 697 759 752 lluetus
771 699 937 763 transeunt,
994 696 1048 768 ll).
1065 696 1127 752 Non
1146 697 1223 768 quod
1239 713 1303 753 esse
1315 697 1436 753 desistat
1446 699 1497 770 qui
1507 697 1537 753 in
1549 699 1642 772 poenis
1653 703 1697 754 est
1709 698 1818 771 sempi-

104 782 316 855 obstupeseeot
331 784 755 842 eumtaviderintcoucidisse.
768 784 799 840 ln
822 784 868 839 die
890 800 938 855 pa·
993 784 1101 840 tornis:
1116 786 1166 841 sed
1183 786 1261 856 quod
1279 786 1329 857 qui
1346 787 1402 841 Deo
1426 803 1483 843 non
1505 787 1585 856 vivit,
1605 786 1634 843 in
1658 786 1818 860 seripturis

103 871 183 928 voris
197 875 228 928 et
243 870 335 927 ruine
350 877 407 927 tuas
424 874 627 930 turbabuntur
639 873 754 942 insule,
767 890 803 929 ne
824 877 852 928 et
868 873 937 945 ipsa
992 874 1102 929 sanetis
1113 873 1228 928 dicatur
1238 891 1295 930 non
1315 873 1485 932 subsistere.
1498 875 1613 932 Undeet
1627 876 1730 932 Esther
1744 892 1817 933 oon·

105 961 181 1018 ⁸01
197 959 722 1018 similiasustiueaot.Aliorumenim
735 963 826 1018 ruine
837 978 936 1018 axem·
991 967 1037 1017 tra
1052 962 1275 1034 idolaloquens:
1292 964 1330 1018 Νι
1344 963 1448 1034 trades,
1460 963 1570 1037 inquit,
1584 973 1718 1036 sceptrum
1739 973 1817 1023 tuum

105 1050 157 1125 pla
166 1052 318 1122 justorum
334 1055 416 1119 sunt,
432 1052 503 1107 dum
519 1068 621 1108 omnes
631 1051 787 1107 intirmoct
800 1050 936 1108 imbecilo
992 1053 1034 1106 liis
1048 1053 1096 1124 qui
1110 1068 1165 1108 uon
1179 1057 1244 1109 suot
1259 1054 1365 1124 (Esther
1380 1054 1447 1125 inv).
1470 1053 1574 1126 Utique
1599 1059 1682 1111 erant
1707 1056 1817 1127 quibus

107 1144 186 1195 stato
197 1139 414 1212 fluctuantique
427 1140 549 1214 vestigio
565 1142 595 1195 io
610 1140 666 1196 isto
679 1139 785 1196 saeculo
808 1157 937 1197 commo·
992 1141 1126 1197 obsecrat
1141 1158 1176 1196 oe
1192 1143 1341 1209 tradatur3
1358 1143 1408 1198 sed
1425 1147 1482 1199 Deo
1498 1160 1555 1199 non
1576 1147 1669 1214 erunt,
1685 1144 1736 1215 qui
1760 1143 1817 1200 rir-

106 1230 936 1301 ramur,etnumquamestnostracerteseeuraquevieto-
991 1229 1117 1298 tutibus,
1134 1235 1163 1285 et
1178 1230 1286 1285 viventi
1304 1230 1438 1288 Decesse
1453 1237 1611 1289 cesserant,
1628 1233 1663 1288 Et
1684 1231 1740 1288 boe
1769 1247 1819 1288 uo·

105 1317 169 1374 ria:
186 1317 308 1389 quando
323 1317 511 1391 egredientur
525 1335 560 1374 ex
571 1321 599 1373 te
615 1318 665 1390 qui
684 1318 766 1391 prius
779 1322 935 1388 steterant;
993 1319 1130 1385 tandum,
1146 1320 1224 1391 quod
1240 1319 1380 1391 queritur
1393 1320 1486 1392 Tyrus
1497 1321 1533 1377 ab
1547 1338 1580 1377 eo
1591 1320 1640 1392 qui
1651 1320 1731 1377 venit
1743 1337 1821 1394 que·

102 1405 148 1462 vel
164 1405 195 1461 in
211 1406 291 1462 exitu
307 1410 369 1474 tuo,
386 1406 416 1461 io
428 1406 524 1462 lineat
533 1407 789 1463 consummatione
800 1412 860 1463 tua.
873 1408 936 1463 Non
992 1423 1066 1474 rere,
1083 1412 1112 1463 et
1128 1406 1242 1463 salvum
1259 1407 1353 1464 lacere
1369 1409 1447 1480 quod
1464 1409 1599 1481 perierat,
1615 1413 1644 1466 et
1658 1409 1820 1483 nonaginta

103 1494 182 1551 enim
194 1509 231 1550 ex
242 1495 409 1567 preteritis,
426 1496 476 1551 sed
494 1512 528 1552 cx
543 1496 738 1568 presentibus
757 1496 935 1566 judicamur.
991 1512 1096 1551 novem
1113 1496 1216 1552 ovibus
1232 1497 1262 1551 io
1278 1496 1430 1552 montibus
1445 1496 1605 1568 derelictis,
1616 1497 1718 1570 querit
1728 1514 1818 1554 uuam

102 1583 936 1657 Cavendumqueest,etsempertimeodum,neveterem
992 1601 1146 1642 erroneam
1176 1601 1258 1640 ovem
1283 1587 1358 1657 (Luc.
1389 1587 1458 1657 ω).
1484 1585 1588 1643 Mulier
1611 1602 1729 1658 quoque
1754 1603 1819 1660 que

101 1672 226 1746 gloriam
244 1676 275 1728 et
292 1671 417 1728 solidam
431 1672 609 1744 firmitatem,
620 1673 709 1729 nnius
720 1673 798 1729 horre
810 1673 936 1746 procella
993 1690 1083 1729 unam
1098 1673 1271 1729 drachmam
1281 1670 1457 1747 perdiderat,
1474 1676 1630 1746 queritat
1644 1674 1765 1741 invenit,
1789 1678 1819 1733 et

101 1762 269 1819 subvertat.
990 1762 1102 1818 vicinas
1114 1766 1253 1819 convocat
1268 1763 1303 1818 ad
1314 1762 1421 1818 letitiae
1443 1764 1611 1819 societatem
1642 1765 1735 1833 (leid,
1760 1764 1816 1834 15).

134 1849 233 1922 (Vers.
247 1850 366 1922 19seq.)
377 1850 448 1918 Quia
460 1848 521 1906 taer
530 1849 599 1905 dicit
609 1851 741 1905 Dominus
749 1849 758 1922 l
761 1849 846 1922 Vulg.
856 1849 938 1904 addit
995 1851 1045 1906 Sin
1060 1855 1158 1907 autem
1174 1849 1315 1923 requisita
1329 1868 1387 1907 non
1402 1851 1550 1907 invenitur
1565 1853 1669 1924 Tyrus,
1700 1869 1759 1910 non
1774 1854 1820 1912 est

102 1938 270 2008 Demlrcum
278 1937 942 2010 dedereteurbemdeeetetomsieutciuitotesquae
996 1939 1275 2011 querentisvitium,
1292 1940 1342 1996 sed
1354 1940 1479 2012 ejusqui
1492 1939 1558 1996 boni
1570 1941 1697 2013 postoris
1710 1941 1820 2016 ingerit

104 2027 522 2094 sorbebitontur,etodduaero
532 2029 940 2099 superteotysrumetoperue·
996 2045 1128 2084 manum.
1144 2030 1178 2084 Et
1187 2029 1271 2096 ultra,
1288 2028 1394 2101 inquit,
1409 2045 1465 2085 uon
1479 2031 1535 2085 eris
1550 2031 1578 2085 in
1600 2033 1818 2102 sempiternum

104 2121 294 2188 nauaque
305 2116 412 2182 multe,
422 2115 605 2172 etdetroxere
616 2124 708 2172 tecum
717 2117 816 2188 bisqui
832 2117 942 2172 deseen-
995 2118 1054 2173 sive
1071 2120 1156 2191 ut(u)
1172 2118 1201 2173 in
1218 2117 1357 2173 Hebraico
1372 2135 1464 2174 aaran
1481 2103 1582 2186 obiti,
1613 2123 1642 2175 et
1666 2119 1695 2175 in
1721 2119 1820 2176 Graeeo

107 2206 215 2262 duolio
221 2206 314 2261 laeum
320 2205 393 2274 (sive
404 2205 488 2261 odeas
498 2207 548 2277 qui
553 2204 718 2261 descendunt
725 2207 755 2260 iu
774 2205 889 2277 foueam)
900 2205 941 2261 od
995 2204 1072 2273 αἰὼν,
1084 2205 1234 2273 scribitur,
1244 2223 1338 2261 unum
1347 2205 1486 2262 saeoulum
1495 2205 1737 2279 significotjuxta
1748 2207 1821 2266 illud

109 2297 242 2367 poputum
254 2296 465 2366 sempiternum,
476 2294 679 2350 etcolleeouero
689 2298 714 2349 te
725 2296 755 2349 io
765 2303 840 2350 terro
848 2296 940 2349 uouis—
995 2293 1086 2360 isaie,
1095 2295 1144 2367 qui
1156 2298 1222 2367 post
1230 2293 1418 2367 septuaginta
1429 2311 1521 2350 annos
1533 2294 1602 2351 dicit
1616 2295 1725 2368 Tyrum
1737 2297 1821 2355 rosti-

115 2383 265 2456 simalsive
276 2385 305 2438 in
314 2383 455 2456 profundo
464 2383 611 2455 terrorum)
622 2385 692 2438 eicie
716 2382 879 2438 solitudines
895 2399 939 2439 ue·
994 2383 1133 2454 tuendam
1145 2383 1175 2437 in
1185 2382 1451 2455 integrumstatum
1464 2384 1528 2453 (leo.
1544 2388 1636 2453 xxia).
1659 2384 1748 2441 Aiunt
1767 2403 1819 2442 au·

112 2472 313 2541 teres,eumtis
322 2475 372 2545 qui
378 2472 555 2528 deducuntur
579 2475 609 2528 io
633 2474 722 2528 lucum
741 2470 814 2543 (sive
829 2471 939 2528 deseen-
993 2474 1053 2526 tem
1070 2488 1161 2527 unum
1172 2470 1323 2535 seculum,
1334 2472 1364 2526 id
1375 2476 1428 2542 est,
1438 2471 1574 2539 humane
1586 2480 1701 2545 tempus
1712 2475 1816 2549 etatis,

111 2562 367 2635 dontiofeueum),
385 2566 414 2617 ut
440 2578 495 2617 noo
521 2562 662 2629 dubiteris,
687 2564 713 2618 et
734 2561 829 2634 [Vulg.
853 2563 938 2618 Porro
993 2560 1180 2633 septuaginta
1195 2576 1338 2615 annorum
1350 2576 1473 2616 numero
1484 2562 1649 2634 supputari.
1661 2560 1817 2621 Psalmista

109 2651 186 2722 mm]
200 2650 303 2707 dedero
317 2652 439 2720 plurium
452 2653 481 2706 io
496 2659 569 2707 terro
585 2653 732 2706 uiuentium
746 2649 817 2728 {sive
833 2660 864 2706 ut
883 2667 939 2706 oen
994 2649 1126 2705 dicente:
1144 2651 1205 2705 lliea
1221 2665 1361 2704 iturorum
1375 2654 1542 2717 uestrorum,
1559 2652 1590 2706 iu
1615 2652 1682 2722 ipsis
1709 2657 1816 2723 septua-

108 2743 283 2809 maurensis
298 2748 372 2796 terro
387 2742 561 2808 uiuentium),
573 2739 608 2794 od
623 2740 744 2795 nibilum
758 2739 885 2810 redipom
913 2749 939 2794 te
992 2740 1071 2810 piato
1087 2739 1164 2793 enni.
1176 2739 1227 2794 Sin
1241 2748 1332 2794 eutem
1348 2741 1376 2793 io
1390 2739 1553 2810 potentibus,
1570 2740 1707 2811 octoqiata
1734 2740 1814 2809 onai,

109 2828 496 2903 (streperditiorremdobote)
509 2831 712 2897 emmeram
731 2829 863 2900 requisita
883 2845 939 2884 noo
992 2827 1126 2898 quidquid
1137 2843 1232 2898 supro,
1249 2828 1326 2882 leber
1340 2836 1365 2882 et
1379 2827 1456 2883 dolor
1469 2835 1508 2884 est
1530 2830 1587 2899 (Pr.
1616 2845 1729 2896 mxxix,
1760 2829 1815 2902 16).

106 2919 260 2975 menore
274 2917 373 2991 [Vulg.
392 2918 474 2974 addit
488 2918 573 2991 ultro]
589 2920 619 2973 io
643 2919 850 2990 sempiternum,
872 2917 939 2973 dicit
992 2916 1051 2972 lloc
1063 2916 1313 2988 metaphrastiedre
1324 2916 1495 2987 breviterde
1505 2916 1580 2990 'lyro
1591 2916 1816 2982 diximus.0uod

106 3009 241 3065 Dumium
255 3008 336 3063 oea.
353 3009 426 3064 Cum
443 3008 645 3079 superioribus
655 3009 749 3079 junge
768 3023 831 3078 quaa
860 3006 938 3062 diota
993 3004 1071 3060 etad
1089 3020 1138 3058 eos
1155 3003 1816 3078 reterripotestquiinangustiabujosseeuli

107 3101 185 3152 sunt.
202 3095 328 3162 Quando
343 3099 370 3151 te
386 3096 503 3163 dedero,
520 3113 536 3151 o
557 3096 640 3168 Tyre‚
657 3096 759 3151 urbem
776 3095 805 3149 in
835 3110 936 3167 perpe·
992 3092 1153 3160 constituti,
1178 3092 1365 3148 deducuntur
1390 3094 1426 3148 ad
1444 3092 1562 3162 interos,
1589 3098 1617 3150 at
1645 3095 1816 3167 operiuntur

107 3191 193 3242 tuum
209 3182 388 3252 desolatam,
405 3184 483 3240 sieut
498 3183 629 3240 civitates
644 3182 786 3240 suntaliae
796 3200 860 3256 que
872 3199 934 3238 om·
950 3170 972 3236 C
991 3180 1312 3255 abyssislluctibusque
1322 3187 1517 3254 poenarunqet
1527 3182 1732 3242 trahontorad
1743 3184 1816 3241 inle·

107 3274 247 3330 ninonon
260 3272 445 3339 habitantur,
456 3277 484 3328 et
494 3256 641 3329 adduxero
652 3276 775 3345 superte
785 3272 935 3344 abyssum,
990 3271 1070 3327 riora
1084 3275 1176 3338 terre,
1192 3275 1222 3326 et
1238 3271 1284 3327 his
1299 3270 1474 3343 copulantur
1489 3272 1539 3343 qui
1561 3273 1590 3327 in
1603 3273 1692 3329 veteri
1709 3273 1814 3332 solitu-

104 3367 132 3420 et
146 3362 323 3435 operuerint
340 3366 368 3417 te
382 3378 464 3434 aque
480 3357 589 3432 multae,
603 3361 646 3417 vel
669 3361 798 3417 hostium
814 3359 936 3416 infinite
991 3360 1059 3416 dine
1075 3365 1154 3429 suot,
1172 3363 1201 3415 et
1215 3360 1402 3416 deducuntur
1416 3360 1446 3416 in
1460 3358 1568 3431 laeum,
1584 3360 1684 3418 sivein
1700 3362 1814 3420 foveam

105 3451 329 3522 multitudines,
341 3450 384 3506 vel
396 3455 474 3507 certe
485 3451 580 3523 quiad
592 3447 935 3522 insulamloquituretad
991 3449 1210 3522 sempiternam,
1225 3454 1258 3504 ut
1283 3448 1359 3504 ultra
1391 3466 1449 3507 non
1473 3448 1674 3506 habitenturu
1702 3451 1813 3523 Spiritu

105 3542 213 3598 urbem
228 3556 260 3595 ro
275 3538 376 3596 insula
390 3541 580 3596 constitutam
596 3538 774 3612 tropologice
801 3539 936 3594 adversa·
991 3543 1102 3594 sancto.
1119 3537 1160 3593 De
1175 3537 1283 3610 quibus
1296 3537 1439 3610 seriptum
1454 3542 1498 3593 est
1510 3556 1517 3594 :
1530 3540 1701 3611 lmpiuseum
1710 3539 1814 3598 eede-

102 3631 222 3687 riornm
234 3628 429 3700 frequentiam
447 3629 546 3702 abyssi
561 3629 700 3685 lluctihus
715 3633 882 3700 comparat:
908 3630 938 3684 et
991 3630 1028 3682 rit
1044 3629 1073 3682 io
1080 3626 1407 3699 profundummalerum
1418 3629 1565 3682 coutemnit
1575 3629 1665 3700 (Prou.
1683 3628 1813 3702 xV111,3).

101 3720 263 3776 detraxero
278 3722 307 3773 te
322 3733 388 3773 cum
405 3717 512 3791 bisqui
522 3718 705 3775 descendunt
716 3717 744 3773 in
760 3717 867 3789 lacum,
878 3716 937 3774 sive
991 3715 1050 3771 Noe
1065 3716 1101 3770 de
1112 3719 1214 3770 cetero
1229 3719 1315 3770 erunt
1332 3715 1361 3769 in
1376 3719 1454 3770 terra
1467 3714 1637 3784 viventium,
1663 3717 1716 3772 sed
1742 3715 1816 3789 peri-

99 3809 134 3865 in
144 3808 276 3874 lorcam,
288 3807 324 3863 ad
335 3823 385 3864 eos
396 3806 446 3879 qui
457 3807 487 3862 in
498 3807 612 3863 interno
624 3811 703 3874 sont,
717 3807 752 3862 de
778 3805 886 3876 quibus
910 3811 939 3862 et
993 3804 1077 3871 bunt,
1091 3803 1299 3876 etredigentor
1309 3804 1344 3858 ad
1356 3802 1451 3873 nihili,
1461 3807 1489 3858 et
1504 3807 1561 3859 Deo
1573 3820 1637 3860 esse
1647 3805 1815 3862 cessabunt.

101 3900 138 3954 in
155 3894 439 3970 Psalmislegimus:
456 3897 614 3954 introibunt
628 3899 657 3951 in
673 3897 810 3969 inferiore
839 3903 938 3950 terre:
993 3890 1817 3967 Quibustestimoniisabutuntur,quidicuntimpiorum

102 3982 262 4043 undam
277 3986 308 4040 iu
335 4001 436 4041 monus
464 3986 560 4058 eladii,
588 3989 680 4057 portes
708 3985 833 4055 vulpium
859 3985 941 4040 munt
993 3981 1144 4053 (tletnon
1160 3984 1344 4052 peccatorum
1362 3996 1542 4052 poenasesse
1565 3985 1740 4054 perpetuas:
1768 3980 1817 4055 qui

105 4073 390 4145 (Ps.u11‚10,11);
408 4074 444 4130 ad
470 4072 612 4147 populum
636 4073 860 4144 sempiternum,
888 4071 938 4128 ubi
995 4068 1109 4143 quesiti
1125 4086 1142 4124 a
1158 4073 1295 4135 Deo,n0n
1310 4069 1515 4141 sentimenti,
1531 4069 1610 4127 8⁰8
1629 4074 1658 4128 et
1681 4072 1712 4129 in
1740 4075 1819 4128 eter-

100 4165 160 4222 est
175 4159 261 4217 fletus
271 4161 434 4230 oculorum,
451 4166 480 4218 et
492 4162 600 4219 stridor
615 4162 758 4230 dentium,
772 4165 801 4216 ct
816 4177 940 4234 posuero
995 4175 1066 4215 num
1082 4175 1146 4214 esse
1163 4161 1334 4215 cessarunt:
1361 4158 1431 4230 quio
1445 4175 1499 4215 suo
1527 4157 1596 4216 vitio
1626 4160 1819 4232 perdiderunt

41 4318 47 4328 ,
95 4259 133 4310 te
151 4238 941 4324 interranovissimamqueantiqousdroeoeonsti·
995 4263 1062 4303 eum
1078 4247 1128 4318 qui
1144 4247 1233 4303 dicit:
1250 4249 1381 4321 Eposum
1395 4248 1619 4319 uitu(toun‚x1v,
1635 4250 1674 4321 6).

94 4345 198 4398 tutus
211 4341 268 4405 est,
278 4343 307 4395 et
314 4339 391 4396 sieut
399 4344 510 4395 veteres
521 4338 696 4395 solitudines
712 4343 800 4410 atque
815 4337 940 4403 deserta,
1031 4336 1111 4407 (Cap.
1129 4335 1253 4407 XXVII.)
1268 4337 1301 4390 Et
1314 4338 1469 4406 factumest
1482 4337 1595 4392 uerbum
1604 4336 1820 4409 Dominiodme,

93 4428 162 4487 nbi
181 4424 596 4496 nossabonorumrecordatio‚
608 4428 940 4500 sedpoensceruotsem·
995 4425 1103 4480 dicens:
1125 4426 1161 4481 Tu
1177 4441 1250 4494 erqo,
1266 4425 1310 4495 fili
1324 4424 1453 4492 leminis,
1478 4441 1588 4481 assume
1614 4442 1699 4498 super
1719 4427 1822 4498 tyrum

94 4520 250 4595 piternre,
264 4530 358 4588 oeque
372 4520 400 4572 te
415 4516 509 4572 lacero
526 4515 663 4573 suscitari
687 4516 716 4570 in
741 4520 818 4570 terra
846 4515 943 4571 viven-
959 4534 982 4598 D
999 4514 1158 4579 lamentum,
1175 4521 1200 4569 et
1216 4513 1289 4569 diors
1301 4513 1589 4584 Tyroquaeliutitotin
1601 4515 1821 4583 introitumque,

94 4608 202 4671 tium,
219 4602 257 4660 de
270 4604 478 4677 quosoriptum
488 4609 534 4660 est
546 4621 553 4660 ι
564 4606 643 4660 Beati
652 4606 739 4674 mites,
747 4603 881 4675 quonium
890 4605 945 4675 ipsi
1000 4604 1178 4673 nepotiotioni
1193 4602 1358 4672 populorum
1372 4602 1408 4656 ed
1427 4602 1534 4657 inautus
1562 4602 1665 4657 multas
1689 4603 1761 4673 (sive
1787 4603 1823 4660 ab

94 4693 293 4771 possidebunt
305 4694 526 4759 terramilluttlr.
543 4710 570 4761 v,
587 4695 624 4766 t).
651 4694 686 4749 llt
714 4693 742 4747 in
770 4691 828 4748 alio
861 4692 945 4749 loco:
1000 4693 1099 4747 insidis
1114 4691 1243 4763 multia).
1260 4688 1327 4747 eac
1339 4690 1406 4745 dicit
1420 4691 1551 4746 Dominus
1566 4690 1644 4746 Deus.
1661 4690 1692 4746 si
1707 4689 1824 4749 voluero

96 4782 450 4843 praetermeantes
466 4784 497 4838 iu
513 4784 624 4854 reqiooe
637 4784 763 4841 uiuorum
781 4783 837 4853 (Pr.
869 4798 944 4848 cxiv,
1001 4784 1091 4836 totam
1104 4780 1287 4852 prophetiam
1301 4783 1404 4835 contra
1413 4779 1533 4851 Tyrum,
1547 4778 1608 4834 sive
1618 4795 1707 4850 super
1715 4778 1826 4838 lamen·

97 4875 158 4947 ol:
175 4877 252 4928 tuno
266 4869 406 4945 redigeris
422 4873 451 4928 io
468 4870 565 4941 nihili,
589 4871 649 4927 sive
676 4871 787 4943 peribis
805 4870 835 4926 in
863 4875 946 4927 ceter·
1003 4868 1112 4924 tatione
1126 4868 1205 4940 Tyri,
1217 4885 1275 4924 ooo
1287 4866 1687 4940 sermoneeomprebendera,
1708 4872 1738 4926 et
1766 4869 1827 4927 lon·

100 5050 188 5125 quet
200 5044 413 5122 Hieronymum
426 5046 565 5105 insistere
575 5048 732 5121 Scriptura
742 5047 885 5104 verbisad
894 5050 948 5122 Ty-
1002 5046 1097 5118 tingui
1113 5050 1246 5119 oportere
1269 5046 1307 5101 ad
1321 5045 1501 5128 ,Hieronymi
1529 5049 1668 5114 mantem,
1698 5064 1825 5121 quorum

101 5135 195 5189 rum,
213 5132 279 5190 φα
290 5120 373 5190 Μαι·
385 5123 466 5192 tortas
477 5122 508 5175 iu
517 5121 594 5176 mori
602 5136 665 5175 cum
672 5118 871 5176 habitatoribus
880 5122 945 5191 tuis,
1003 5117 1086 5183 alios,
1103 5133 1178 5188 quos
1193 5116 1243 5173 ille
1255 5116 1363 5189 impios
1379 5121 1471 5181 vocat,
1497 5117 1622 5188 eternis,
1648 5117 1723 5178 alios
1750 5137 1826 5194 quos

102 5207 183 5270 parea
196 5189 390 5262 tenuitatem
401 5193 537 5248 uniuersi.
1002 5193 1180 5262 peccatores,
1190 5189 1249 5245 sive
1265 5204 1339 5259 quos
1354 5194 1405 5243 aut
1432 5192 1617 5260 peecatorum
1640 5191 1825 5318 (poenituerit,

146 5263 192 5336 (α)
209 5261 357 5319 omittunt
373 5263 444 5319 editi
460 5261 528 5319 libri
544 5260 718 5335 particulam
733 5244 760 5330 S,
775 5261 875 5331 lamed,
905 5261 946 5318 le·
1002 5264 1054 5317 aut
1064 5259 1172 5317 leviora
1183 5259 1307 5316 erimina
1317 5259 1536 5328 obstrinxerint,
1549 5260 1637 5317 bolen
1661 5264 1686 5320 is
1696 5260 1827 5333 aliquan-

102 5355 221 5439 μω
239 5335 418 5425 nimquod
439 5350 504 5409 sine
519 5350 609 5408 lamed
639 5367 696 5406 non
724 5354 819 5421 poyesy
842 5367 947 5407 sonam
1001 5335 1037 5416 do
1049 5331 1227 5388 cruciatibus
1238 5331 1370 5402 deputat.
1387 5330 1514 5388 Couluso
1529 5337 1627 5418 autem
1639 5339 1725 5417 antea
1740 5337 1827 5407 atque

105 5442 145 5482 m
161 5423 481 5493 “my-mmmm·
1000 5404 1286 5460 incommodoseosu
1301 5401 1463 5474 legebatur,
1485 5419 1533 5474 qur
1559 5405 1653 5460 dieunt
1680 5405 1830 5476 impierum

148 5494 192 5565 (t)
206 5493 348 5552 Pluribus
362 5495 418 5550 hoo
432 5494 469 5551 de
483 5494 552 5550 rein
564 5490 950 5549 lineoommontariorumin'
1000 5479 1080 5547 “illut
1093 5479 1265 5556 llessfflssttmm
1275 5489 1370 5554 ΜΨ
1379 5489 1436 5528 ”0⁷2
1450 5490 1506 5530 ‘³⁸⁸8
1519 5484 1671 5558 perpetuat·
1687 5474 1777 5533 Nobiss
1791 5478 1828 5534 td

106 5564 378 5639 memmimus,
394 5570 423 5623 ot
437 5565 474 5622 ad
500 5565 606 5638 dialog,
624 5569 636 5621 1
659 5568 760 5620 contra
782 5563 944 5638 pelagian„
998 5563 1096 5630 verum
1113 5546 1266 5602 lectionem
1279 5546 1489 5603 restituendam
1505 5551 1654 5620 suppetias
1664 5545 1757 5605 tulere
1774 5548 1829 5605 Va·

106 5635 409 5714 num.28.Doplieem
420 5653 525 5714 nempe
535 5634 872 5696 damnatorumclassem
886 5637 947 5696 dis·
1001 5623 1105 5675 t¹0⁸¹¹ffi
1120 5617 1233 5676 Cheli&
1249 5620 1278 5676 Gi
1292 5617 1441 5675 flamus·
