3840 6098
128 308 190 377 188
754 312 787 376 S.
811 310 967 378 sussen
990 310 1216 379 stuaoutut
1778 303 1840 370 436

130 450 259 507 strarant
268 461 319 519 pro
335 446 387 503 sis.
404 445 476 510 Ouia
491 461 559 518 argo
576 446 814 502 ministraverunt
832 466 882 519 pro
899 448 958 501 illis
975 450 1000 513 Α
1015 447 1214 511 considerans,
1232 449 1338 503 rectius
1354 447 1560 518 interpretatus
1576 446 1630 514 cst,
1646 437 1766 499 dicens:
1785 445 1840 499 Po·

130 544 161 601 in
176 540 333 608 conspectu
349 534 494 591 idolorum
506 553 637 605 suorum,
654 542 682 592 et
711 538 829 592 l'ucrunt
855 537 956 593 domui
1015 554 1123 592 suanam
1139 539 1216 592 enim
1230 553 1273 593 eos
1288 536 1409 592 custodes
1418 537 1572 607 januarum
1600 532 1696 588 domus
1715 532 1842 587 iiniucrsi

130 625 221 683 Israel
237 626 267 680 in
284 624 493 680 offendiculum
508 624 683 696 iniquitatis,
700 631 856 698 propterea
868 625 960 682 levavi
1016 628 1167 681 ministerii
1180 628 1238 698 ejus
1252 634 1277 682 ct
1291 635 1450 681 cunctorum
1465 637 1528 694 quac
1540 623 1609 692 fiunt
1626 623 1653 677 in
1670 638 1712 686 cu,
1732 625 1764 676 ut
1779 637 1840 676 non

130 730 254 772 manum
270 729 366 769 meam
377 730 467 786 super
480 730 539 784 eos,
551 713 622 769 dicit
648 714 790 769 Dominus
808 718 907 769 Deus:
932 718 960 770 et
1016 716 1051 770 ad
1069 732 1118 773 eos
1131 715 1273 788 pertineat
1288 714 1426 787 quibdtl
1456 711 1545 767 tuturi
1566 713 1636 766 suut
1659 710 1690 765 in
1716 708 1839 782 templo,

131 805 321 876 portaverunt
330 802 514 875 iniquitatem
525 807 652 872 suam‚et
667 820 725 858 non
741 804 957 875 appropinqua·
1016 804 1066 860 sed
1082 805 1117 859 ad
1134 820 1183 859 eos
1199 804 1248 876 qui
1265 804 1392 859 luerunt.

131 891 207 948 bunt
221 893 256 946 ad
274 907 331 958 me,
348 895 381 947 ut
395 890 556 946 sacerdotio
572 891 733 964 iungantur
748 891 820 946 mihi
838 909 844 946 :
862 909 956 964 neque
1051 894 1141 964 (Vors.
1160 894 1192 947 17
1207 893 1301 964 seqq.)
1319 894 1437 962 Cumque
1453 889 1642 960 tnqredientur
1658 890 1751 959 portos¹
1773 888 1843 942 utsii

132 981 272 1038 accedent
284 982 319 1036 ad
335 996 421 1036 omne
438 980 638 1035 sanctuarium
654 996 753 1035 meum
776 980 861 1050 juxta
886 998 956 1036 san·
1017 983 1166 1049 interioris,
1182 983 1301 1036 cestibus
1313 981 1383 1051 (sivo
1398 979 1485 1049 stolis)
1501 979 1584 1033 lincis
1599 976 1751 1032 induentur
1767 993 1773 1030 :
1791 991 1842 1031 nec

133 1073 179 1126 cta
189 1075 380 1126 sanctorum:
397 1071 447 1125 sed
459 1069 618 1141 portabunt
629 1069 830 1124 contusionem
862 1086 959 1136 suam,
1015 1071 1139 1126 ascendet
1152 1087 1236 1141 super
1248 1086 1291 1125 cos
1302 1069 1450 1141 quidquam
1466 1068 1578 1121 iuncum
1593 1065 1664 1137 (sive
1684 1071 1711 1120 et
1725 1081 1781 1119 non
1797 1066 1842 1118 iu-

133 1162 163 1216 st
176 1158 285 1216 scelera
300 1175 354 1214 sua
369 1174 433 1230 qua
449 1158 588 1213 iecerunt.
606 1158 659 1212 Pro
675 1157 849 1213 sacerdotali
882 1158 960 1213 anim
1015 1159 1133 1214 ducatur
1148 1159 1290 1228 lanificiis)
1305 1157 1412 1229 quando
1424 1157 1588 1210 ⁴iniriistrant
1612 1157 1640 1209 in
1663 1157 1755 1225 portis
1768 1153 1842 1225 (sive

133 1246 293 1319 officio‚qui
309 1245 513 1302 holocaustum
529 1249 558 1301 et
571 1244 859 1318 victimasomneque
871 1248 961 1303 sacri·
1015 1249 1139 1320 apertis)
1156 1249 1223 1302 atrii
1237 1248 1376 1302 interioris
1403 1254 1429 1300 ct
1453 1247 1627 1300 intrinsecus.
1656 1244 1734 1299 Vittac
1761 1243 1843 1297 tineas

133 1336 235 1391 ficium
250 1335 352 1391 offerre
366 1334 760 1408 consueverant‚redigentur
771 1335 800 1390 in
818 1335 956 1391 ultimum
1015 1341 1095 1392 erunt
1111 1339 1140 1391 iu
1154 1337 1289 1407 capitibus
1304 1351 1396 1390 corum
1407 1333 1478 1401 (sive
1488 1332 1595 1389 cidares
1605 1331 1844 1386 tineosbabebunt

134 1424 270 1498 madum,
286 1429 315 1479 et
329 1428 415 1479 erunt
425 1422 569 1495 Janitores
584 1423 700 1493 domus,
722 1424 752 1479 in
767 1424 960 1497 ignominiam
1014 1440 1096 1497 snper
1109 1426 1203 1496 capita
1218 1424 1278 1495 soa)
1293 1431 1318 1479 et
1331 1423 1480 1498 seminatio
1496 1424 1570 1477 tineo
1584 1425 1667 1476 erunt
1682 1422 1711 1476 in
1739 1419 1844 1474 tumbis

134 1512 342 1584 sempiternam
368 1516 401 1567 ut
414 1512 451 1567 ab
466 1511 601 1568 universo
617 1511 724 1584 populo
746 1513 902 1569 videantur
916 1515 961 1568 in·
1015 1529 1119 1580 eorum,
1136 1521 1162 1568 et
1176 1529 1228 1567 non
1244 1513 1425 1582 acciriqcntnr
1439 1512 1468 1565 in
1483 1509 1580 1565 stidore
1599 1510 1670 1581 (sive
1685 1508 1843 1580 uiolenter).

132 1604 229 1657 trante
239 1600 521 1672 etexeunts‚dequa
535 1600 655 1656 sublimi
667 1601 809 1673 dignitate
822 1603 856 1657 ad
874 1619 961 1674 qucm
1017 1602 1137 1674 Cumque
1158 1600 1330 1672 cqredicntur
1358 1601 1461 1654 utrium
1490 1600 1611 1654 euterius
1637 1597 1672 1653 ad
1696 1598 1844 1668 populum,

134 1688 273 1747 ultimum
288 1690 413 1761 gradum
428 1690 504 1746 Mb
520 1688 713 1761 pervenerint.
726 1690 897 1746 Sacerdotes
913 1708 961 1746 au·
1017 1693 1116 1745 exirent
1127 1706 1156 1745 ss
1171 1689 1338 1744 uestimentis
1355 1686 1425 1755 (sive
1440 1685 1525 1756 stolis)
1541 1689 1610 1750 suis,
1626 1685 1656 1738 in
1676 1683 1773 1754 quitus
1789 1683 1843 1737 mi·

133 1781 204 1847 tem,
220 1777 327 1849 inquit,
342 1775 372 1832 id
387 1781 443 1843 est,
460 1776 572 1845 Levita,
598 1778 648 1848 qui
679 1783 749 1834 suut
777 1779 828 1834 ulii
858 1780 960 1848 Sudoc,
1015 1780 1212 1845 nistraacront
1229 1781 1254 1832 ct
1269 1779 1445 1847 reponentes
1460 1774 1532 1844 (sive
1547 1773 1603 1845 ecs)
1622 1774 1653 1827 in
1675 1770 1844 1844 quuopbqla·

134 1864 190 1922 hoc
206 1870 259 1934 est,
270 1866 432 1936 Justcrum,
448 1864 508 1921 sive
525 1865 601 1937 justi
616 1866 679 1933 Dei,
695 1871 724 1922 et
746 1869 795 1938 qui
830 1874 960 1940 tempore
1015 1868 1066 1923 ciis
1094 1866 1190 1939 [Vulg.
1214 1864 1419 1937 quuopbqtacio]
1445 1862 1514 1933 (sive
1543 1862 1662 1931 caedria)
1687 1860 1846 1916 sanctuarii

135 1953 241 2010 erroris
257 1953 384 2009 universi
402 1952 526 2020 Israelis,
548 1954 750 2010 custodierunt
778 1959 958 2014 ceremonias
1016 1956 1071 2028 (val
1085 1955 1253 2025 sanctornm)
1268 1962 1294 2009 et
1309 1954 1422 2008 vestient
1436 1967 1465 2006 sc
1478 1951 1645 2006 vestimentis
1658 1947 1729 2018 (sive
1752 1948 1843 2016 stolis)

136 2041 296 2098 sanctuarii
313 2041 382 2109 mei,
404 2041 460 2113 ipsi
477 2042 614 2097 accedent
628 2043 732 2110 adme,
748 2049 781 2099 ut
795 2045 963 2103 ministrant
1018 2045 1194 2111 altinatem
1224 2041 1433 2112 sorcetificalruat
1457 2039 1588 2111 populum
1617 2040 1647 2093 in
1675 2038 1845 2094 uestimentis

136 2130 221 2197 mihi,
237 2135 266 2186 et
279 2134 357 2186 stent
371 2130 401 2185 in
426 2135 583 2202 conspectu
609 2148 684 2199 meo,
700 2137 728 2188 et
743 2133 865 2190 offerant
889 2135 960 2191 mihi

137 2219 264 2292 adipem,
281 2219 336 2275 hoc
350 2223 404 2284 est,
418 2219 645 2292 pinguissimam
660 2220 788 2278 hostiam
800 2228 828 2279 at
844 2225 963 2297 sangui·

136 2324 215 2380 nem,
228 2309 324 2364 vivam
339 2307 489 2363 scilicetat
503 2307 666 2380 placentem
696 2310 822 2367 hostiam
839 2318 906 2383 Deo,
934 2319 962 2370 et

135 2394 194 2470 ipsi
208 2395 409 2469 ingredientur
424 2398 625 2452 sanctuarium
642 2414 752 2466 meum,
768 2405 797 2456 et
825 2404 962 2459 accedent

134 2486 171 2542 ad
186 2501 319 2541 mensam
336 2501 442 2551 msam,
459 2490 493 2542 ut
507 2486 668 2542 accendant
691 2488 855 2561 thymiama
875 2491 958 2559 mihi,

136 2578 166 2631 at
180 2590 297 2630 omnem
312 2574 402 2629 ritum
419 2575 555 2630 sacrificii
569 2576 744 2632 custodiant.
757 2579 787 2635 Si
800 2585 899 2635 autem
908 2581 961 2636 hoc

133 2662 177 2719 ita
191 2668 246 2731 est,
262 2667 296 2718 ut
311 2662 404 2734 quiin
421 2668 552 2735 temporo
567 2664 673 2720 erroris
688 2670 717 2722 st
747 2669 963 2738 persecutionis

138 2749 216 2807 idola
229 2754 300 2807 sunt
313 2750 415 2817 secuti,
433 2767 496 2823 que
512 2753 547 2807 de
561 2768 614 2808 suo
630 2755 716 2809 corde
731 2756 920 2821 confixerant,
932 2763 961 2813 et

134 2853 193 2894 non
204 2837 299 2896 solum
308 2839 441 2905 vocesed
451 2841 701 2912 etsubscriptione
711 2859 816 2898 manus
827 2862 959 2901 asserue-

140 2929 210 2982 runt
223 2926 271 2982 Dei
286 2925 392 2981 Filium
409 2932 583 2996 creaturam,
600 2933 628 2984 et
642 2930 804 2986 servierunt
820 2938 959 2990 creatura

139 3015 235 3087 magis
250 3030 338 3087 quam
353 3015 544 3088 Creatori‚qui
561 3018 789 3076 estbenedictus
804 3020 834 3075 iu
854 3023 960 3078 saecula

1017 2132 1088 2204 (sive
1102 2132 1188 2203 stolis)
1203 2132 1267 2185 suis.
1274 2131 1362 2198 Caput
1376 2131 1468 2184 autem
1479 2144 1560 2183 suum
1571 2143 1627 2182 non
1642 2126 1844 2198 sedentesque

1015 2237 1119 2276 comam
1133 2220 1266 2290 nutrient,
1278 2219 1323 2275 scd
1336 2218 1475 2274 inridentes
1490 2216 1668 2272 attondebunt
1686 2215 1776 2287 capita
1790 2230 1845 2270 suc

1018 2310 1090 2382 (siue
1104 2312 1196 2380 capita
1211 2325 1260 2363 suo
1276 2307 1448 2374 abstrudunt,
1464 2314 1586 2361 etcomas
1600 2321 1655 2360 non
1669 2304 1704 2358 od
1717 2319 1844 2376 pressum

1015 2398 1166 2454 tondebunt
1182 2416 1188 2453 :
1206 2399 1355 2469 operientes
1370 2397 1492 2468 operient
1505 2398 1596 2465 cupita
1610 2395 1681 2466 suu).
1697 2397 1731 2449 at
1744 2395 1841 2448 cisum

1014 2503 1070 2542 nors
1095 2488 1165 2544 libet
1192 2488 1281 2542 omnis
1305 2485 1439 2552 sacerdos,
1465 2484 1572 2557 quando
1602 2485 1776 2554 inqrcssurua
1801 2490 1845 2538 est
1891 2469 1897 2477 ’

1015 2578 1120 2631 atrium
1132 2577 1258 2631 interitu.
1274 2574 1404 2629 Primum
1421 2572 1549 2628 historie
1572 2573 1659 2628 verba
1687 2570 1845 2644 pandenda

1016 2666 1176 2720 suntlnter
1187 2668 1288 2719 catera
1302 2679 1364 2734 que
1382 2661 1584 2717 sacerdotibus
1599 2659 1732 2732 praecipit
1740 2675 1841 2716 sermo

1015 2753 1193 2822 Dominicus,
1211 2752 1270 2807 hacc
1286 2767 1403 2823 quoque
1419 2750 1634 2806 observandum
1651 2749 1746 2821 jubet,
1759 2751 1792 2802 ut
1806 2747 1842 2803 iu

1017 2841 1091 2914 ipsis
1106 2842 1198 2912 portis
1213 2840 1359 2895 interioris
1375 2839 1451 2907 atrii,
1467 2837 1608 2907 vestibus,
1625 2838 1654 2892 id
1681 2840 1735 2904 ast,
1750 2833 1841 2891 stolis

1014 2928 1099 2984 lineis
1115 2928 1342 2983 induanturznoc
1353 2925 1576 2982 utanturlaucis
1588 2923 1765 2980 indumentis
1774 2927 1844 2979 tam

1014 3017 1043 3072 in
1060 3016 1151 3090 portis
1167 3016 1231 3071 atrii
1248 3016 1405 3080 interioris,
1423 3030 1510 3087 quam
1525 3014 1714 3082 intrinsecus,
1730 3012 1784 3068 hoc
1795 3017 1844 3069 est

135 3102 959 3178 quomodosibisacerdotaieetpontificaleassumunttas·
1013 3105 1043 3161 iu
1054 3105 1148 3178 adytis
1164 3105 1331 3176 sanctisque
1346 3108 1514 3159 sanctorum
1531 3103 1677 3175 :vittaque
1692 3102 1751 3158 sive
1761 3100 1843 3157 cida-

133 3191 283 3264 tigium‚et
293 3191 646 3250 audentottorreviotimas
657 3196 853 3264 D00‚0u1t0res
865 3218 958 3272 quon.
974 3177 996 3246 G
1017 3211 1064 3250 rea
1078 3193 1160 3249 linea
1170 3193 1230 3249 sint
1240 3193 1269 3247 in
1284 3193 1430 3262 capitibus
1442 3196 1587 3256 aarum,et
1601 3190 1752 3248 seminalia
1765 3189 1845 3247 linea
1899 3238 1907 3248 .

135 3279 204 3335 dam
219 3278 365 3335 idolorum
374 3280 388 3334 ‘t
398 3280 500 3351 Sed,ut
511 3283 737 3340 ardentissimus
743 3290 828 3358 poeta
838 3293 963 3345 testatur

228 3367 364 3431 Quidquid
379 3382 393 3418 a
408 3369 497 3419 multis
511 3375 645 3432 peccatur,
664 3373 780 3424 inultum
796 3381 836 3426 est
851 3392 857 3426 ε

136 3456 291 3514 Multitudo
317 3457 500 3528 peccantium
516 3458 775 3531 impetrabiliorem
800 3464 867 3520 tecit
907 3467 961 3522 im-

138 3545 197 3618 piis
211 3546 338 3612 veniam,
354 3548 387 3601 ut
403 3547 452 3617 qui
469 3548 577 3603 redacti
589 3549 617 3603 in
635 3549 724 3606 laicos
737 3551 862 3623 pristina
877 3557 963 3611 sacri·

139 3631 209 3706 legii
225 3633 271 3689 sui
287 3633 448 3690 debuerant
462 3636 513 3701 [et.
530 3636 704 3711 debuerunt]
724 3639 834 3697 scelera
864 3644 962 3715 deplo-

140 3738 215 3792 rare,
231 3738 309 3778 nunc
322 3722 452 3795 resupini
468 3725 497 3778 iu
514 3725 672 3797 pontificali
689 3726 763 3784 solio
792 3732 913 3787 sedeant
935 3738 964 3790 et

141 3810 498 3867 ructsutnobissimulatae
507 3813 572 3869 fidei
587 3816 962 3893 nauseas,immo(o)opertu

141 3898 269 3971 perfidias
284 3903 384 3970 aperta
399 3901 581 3972 compendia.
599 3903 727 3960 Audiant
748 3906 839 3978 igitur
858 3909 962 3966 saltem

141 3992 249 4057 sero,ct
259 3987 563 4061 observentpraecepta
573 3992 781 4063 omnipotentis
796 3997 963 4055 Dei.0mnis

138 4071 302 4145 alienigena
314 4073 538 4133 incircumcisus
554 4078 650 4147 corde,
680 4085 709 4136 et
738 4083 962 4144 incircumcisus

140 4175 237 4229 carne,
255 4176 313 4216 nou
327 4161 509 4234 ingredietur
532 4168 732 4224 sanctuarium
757 4187 865 4228 meum.
883 4176 963 4234 Licet

138 4248 188 4304 ille
202 4248 241 4305 sit
254 4248 344 4318 illius,
360 4249 428 4307 licet
442 4255 614 4324 cognatione
629 4257 768 4327 sociatus,
799 4260 867 4317 licet
886 4267 961 4320 anti·

56 4340 65 4349 '
136 4353 196 4410 qua
207 4337 291 4394 nobis
307 4337 413 4395 hereat
430 4342 668 4400 necessitudine:
687 4347 711 4401 si
737 4347 961 4411 incircumcisus

1018 3282 1047 3338 in
1062 3281 1183 3338 lumbis.
1194 3281 1334 3351 Quodque
1345 3281 1481 3353 sequitur
1493 3280 1576 3350 Juxta
1586 3279 1776 3353 Septuaginta
1790 3296 1797 3334 :
1810 3279 1845 3334 st

1011 3362 1072 3425 uon
1087 3372 1266 3439 accingentur·
1283 3370 1425 3435 uiolenter,
1440 3385 1493 3440 pro
1508 3384 1566 3439 quo
1582 3366 1688 3440 Aquila
1715 3371 1746 3423 et
1763 3367 1847 3437 Sym·

1019 3459 1142 3515 machus
1157 3457 1416 3525 transtuleruntu‘u
1430 3457 1528 3513 sudore
1545 3475 1551 3512 :
1571 3455 1729 3513 Theodotio
1744 3455 1846 3528 ipsum

1017 3549 1138 3604 verbum
1156 3547 1330 3603 llebraicum
1347 3545 1628 3617 exprimeus‚posuit
1642 3545 1672 3600 in
1686 3545 1753 3600 laza
1764 3546 1845 3617 (perp

1018 3637 1129 3709 Aquilae
1145 3637 1273 3693 secunda
1288 3634 1389 3702 editio,
1411 3651 1482 3690 suns
1498 3635 1540 3705 [st
1556 3635 1640 3706 coza]
1663 3633 1750 3704 (tm)
1767 3649 1774 3687 :
1790 3650 1848 3704 per

1018 3725 1094 3797 quod
1111 3725 1268 3798 significat,
1284 3740 1342 3778 non
1360 3739 1409 3778 eos
1425 3722 1574 3790 violenter,
1587 3727 1665 3778 arcte
1677 3725 1762 3793 atque
1776 3736 1849 3776 con·

1018 3815 1118 3870 stricte
1133 3813 1227 3869 instar
1242 3814 1404 3868 vinctorum
1422 3828 1486 3867 esse
1499 3811 1668 3882 cingendos,
1692 3826 1728 3866 ne
1741 3810 1770 3865 in
1786 3809 1847 3865 mi·

1019 3902 1146 3959 nisteriis
1166 3900 1396 3957 sacerdotalibus
1422 3904 1510 3970 atquc
1540 3899 1677 3955 Leviticis
1699 3897 1846 3955 inhabiles

1017 3993 1100 4059 fiant,
1114 3996 1142 4047 et
1155 3995 1253 4046 tenere
1268 3997 1292 4044 et
1312 3990 1421 4044 cedere
1438 3989 1584 4056 victimas,
1607 3988 1755 4044 attrahere
1769 4002 1845 4059 quo·

1018 4097 1074 4153 que
1094 4083 1244 4151 nequeant
1271 4084 1359 4149 atque
1388 4079 1564 4134 discurrere.
1595 4077 1628 4132 Et
1657 4076 1728 4148 quia
1752 4075 1846 4132 semel

1017 4173 1193 4241 preceperat
1208 4167 1316 4240 quibus
1334 4167 1466 4221 vestibus
1481 4166 1524 4220 uti
1546 4166 1686 4221 deberent
1709 4165 1845 4221 sacerdo·

1015 4263 1070 4328 tes,
1087 4258 1204 4328 quando
1220 4256 1397 4311 intrinsecus
1413 4255 1442 4309 in
1461 4253 1635 4310 ministeriis
1649 4258 1759 4321 esseut,
1778 4269 1847 4309 rur·

1016 4362 1067 4402 sus
1078 4347 1163 4418 jubet
1178 4351 1210 4400 ut
1223 4343 1405 4416 egredientes
1420 4344 1449 4398 in
1475 4340 1700 4415 gazophylaciis.
1728 4342 1788 4398 sive
1811 4341 1844 4398 iu

136 4427 221 4484 corde
236 4426 280 4483 vel
296 4443 383 4485 carne
400 4432 454 4501 est,
470 4447 528 4487 non
550 4432 752 4491 introducatur
774 4438 804 4493 in
822 4445 961 4499 sanctua-
1015 4436 1130 4491 axedris
1145 4437 1328 4503 sanctorum,
1343 4436 1451 4488 exuunt
1465 4448 1496 4487 se
1511 4431 1644 4503 pristinis
1659 4430 1801 4499 restibus,
1813 4434 1845 4486 st

134 4514 212 4571 num
228 4515 279 4571 uei
294 4533 301 4572 :
318 4533 354 4573 ne
369 4517 521 4576 ministros
535 4520 652 4593 christi,
678 4529 794 4582 nostros
816 4528 959 4588 lactamus
975 4544 999 4608 p
1015 4523 1177 4580 induantur
1192 4522 1307 4590 aliisue
1322 4524 1344 4576 si
1362 4526 1478 4577 sancias
1492 4524 1588 4575 vesus
1603 4519 1844 4584 habuerintssn·

136 4604 297 4673 ministros,
313 4609 343 4661 st
357 4623 410 4678 pro
425 4607 591 4665 carnalibus
607 4611 776 4684 refrigeriis,
787 4615 891 4674 altaria
906 4620 959 4676 Do·
1016 4613 1144 4668 clifieeui
1159 4614 1232 4669 W
1249 4610 1390 4684 populum
1407 4610 1477 4665 foris
1493 4609 1633 4682 positum,
1649 4609 1699 4680 qui
1715 4608 1843 4665 fimum

134 4693 207 4750 mini
222 4691 400 4767 polluamus.
416 4695 469 4752 Pro
484 4713 518 4752 eo
542 4699 620 4770 quod
651 4717 704 4756 nos
733 4704 885 4773 posuimus
902 4725 909 4763 :
926 4714 959 4765 st
1015 4701 1103 4757 luerit
1118 4700 1386 4760 sanctificatusnec
1402 4715 1432 4754 sa
1449 4696 1652 4771 praeparaverit
1667 4697 1698 4752 in
1710 4696 1843 4754 sanctiti-

133 4781 204 4839 dabo
215 4798 260 4840 sos
270 4783 407 4855 janitores
421 4784 516 4841 domus
526 4788 555 4842 in
570 4791 648 4843 omni
659 4791 815 4848 ministerio
850 4797 910 4863 cius
934 4803 959 4853 ct

131 4872 270 4928 unitionis
283 4887 345 4943 quc
354 4871 424 4943 fiunt
435 4873 465 4927 in
479 4889 512 4929 ca
525 4891 536 4936 ;
551 4891 601 4931 eos
630 4876 764 4935 videlicet
794 4882 957 4941 Lavitarum

134 4957 286 5032 quilonge
309 4966 495 5017 recesserunt
522 4978 539 5017 a
564 4967 621 5021 Deo
650 4964 679 5020 in
704 4983 801 5025 errore
829 4971 955 5029 tiliorum

133 5045 266 5118 lsrasl‚st
274 5048 367 5104 secuti
382 5053 452 5105 suut
466 5050 662 5123 idolaquibus
675 5054 810 5113 victimas
821 5059 955 5118 immola-

130 5136 246 5192 verunt.
262 5133 457 5206 Symmachus
469 5138 601 5195 ordinem
617 5140 751 5200 lectionis
775 5162 955 5221 sensumque

131 5331 209 5475 quiid
224 5400 308 5457 alteri
323 5400 442 5484 rsocola,
456 5407 584 5462 simulato
611 5407 687 5477 fidei,
703 5412 875 5468 concinnius
910 5431 953 5470 re-

129 5473 263 5545 spondet.
280 5473 465 5529 Machaonas
481 5475 670 5556 nihilosecius
686 5481 807 5537 retinuit
837 5493 950 5555 aperte.

164 5542 202 5615 (b)
218 5543 519 5626 iuterpretatusast,s1
535 5549 606 5618 quid
620 5549 892 5627 vidco‚luxatusque
901 5573 952 5627 per

128 5615 221 5672 terme
236 5614 450 5688 quinquaginta
459 5632 559 5675 versus
569 5622 783 5694 subsequentes
797 5633 951 5684 contextus

223 5328 441 5412 Rescripsimus
457 5339 522 5405 post
536 5334 700 5393 Victoriam
716 5346 816 5410 operta
830 5342 952 5423 perfidiae

1014 4791 1158 4846 cationum
1174 4788 1287 4861 templi,
1304 4793 1337 4842 ut
1352 4788 1390 4844 sit
1404 4787 1519 4843 Domini
1529 4787 1694 4842 Nazaraeus.
1708 4786 1762 4841 Per
1775 4801 1843 4859 qus

1013 4877 1165 4947 discimus,
1181 4894 1239 4931 non
1254 4875 1433 4949 quotidianis
1448 4880 1478 4930 et
1493 4874 1673 4948 quibuslibet
1706 4889 1759 4946 pro
1784 4889 1841 4932 usu

1011 4966 1076 5023 vita
1092 4966 1259 5022 communis
1271 4964 1394 5037 pollutis
1408 4964 1540 5020 vestibus
1552 4963 1726 5036 nosingrsdi
1735 4962 1843 5020 debers

1010 5056 1158 5110 insancta
1178 5061 1357 5125 sanctorum,
1388 5055 1437 5109 sed
1466 5055 1577 5109 munda
1606 5053 1843 5120 couscientia,st

1010 5143 1492 5200 mundisvostibustaneranomint
1502 5142 1739 5214 sacramenta(b)
1754 5140 1844 5206 quod

1008 5340 1125 5397 abhinc
1142 5339 1264 5404 seilicet,
1294 5341 1329 5395 ad
1353 5339 1436 5394 Pauli
1464 5339 1669 5395 testimonium
1690 5337 1795 5394 l'l'im.
1812 5353 1841 5393 v.

1007 5412 1100 5467 Movet
1115 5413 1263 5468 enimvero
1280 5428 1326 5465 me
1340 5410 1505 5482 interrupta
1524 5416 1612 5482 atque
1629 5409 1728 5466 hiulca
1741 5407 1842 5493 expls-

1007 5484 1134 5538 nationis
1151 5484 1251 5548 serias,
1269 5499 1342 5553 quc,
1362 5489 1478 5554 repente
1505 5481 1677 5538 intermissa
1706 5485 1842 5538 orations

1006 5553 1042 5608 de
1053 5553 1383 5625 vestibus,nonnullade
1395 5569 1544 5609 comarum
1557 5552 1637 5608 cultu
1650 5552 1841 5626 ingeritque

1005 5625 1041 5682 ad
1056 5631 1226 5698 sequentem
1240 5624 1417 5682 versiculum
1430 5627 1639 5698 spectant‚tum
1654 5640 1748 5698 pauca
1757 5639 1841 5697 quas·
