3840 6098
106 247 164 314 ³8⁷
739 242 770 308 S.
795 244 950 310 sussen
973 245 1194 311 Alsaoutatt
1744 248 1806 313 388

107 383 249 441 stibulum
261 382 337 454 ejus,
352 380 408 436 hoc
422 382 478 446 ast,
493 378 632 448 elamoth,
659 383 728 436 ante
751 379 827 437 tores
841 380 925 452 ejus:
941 382 970 447 A
984 379 1038 452 15).
1051 381 1085 435 lit
1095 381 1125 435 in
1136 381 1257 437 loannis
1268 380 1398 453 llpistola
1408 380 1516 436 dieitur
1527 397 1533 436 :
1546 378 1628 447 Quod
1638 379 1807 437 audivimus

107 473 170 528 due
181 486 297 543 quoque
308 468 412 543 palme
424 468 541 538 caelatae,
552 470 588 525 do
599 468 742 541 quibusiu
755 469 930 541 Septentrio·
985 473 1013 525 et
1026 469 1163 539 vidimus,
1180 474 1208 527 et
1223 487 1330 526 manus
1340 475 1443 527 nostre
1459 470 1652 542 palpaverunt
1665 470 1702 525 de
1711 470 1808 527 Verbo

106 560 182 615 natis
197 559 288 632 plagas
303 562 388 630 porta
401 558 539 616 diximus.
563 559 597 615 m
620 558 675 614 hoc
697 561 814 614 tautum
829 559 928 615 admo·
983 557 1046 614 vitae
1057 559 1080 630 (l
1090 561 1167 615 loon.
1184 577 1204 626 1,
1219 560 1256 630 1).
1268 560 1305 615 ut
1319 559 1355 615 ad
1366 565 1529 616 extremum
1541 575 1729 633 nequaquam
1737 558 1808 615 utin

105 648 207 704 nuisse
221 646 359 715 sufficiat,
384 648 462 720 quod
488 665 682 721 quecumque
704 648 745 703 ibi
768 651 928 720 ponuntur,
984 649 1201 721 septentrionali
1217 648 1303 722 plaga
1318 653 1429 722 septem
1453 653 1569 705 tanturn
1595 649 1704 721 gradus
1724 648 1809 704 sulti·

100 735 926 810 juxtaintelligentiamviliorem,hocestguxtalitteram,
983 737 1084 794 ciunt:
1104 739 1154 795 sed
1171 742 1236 811 post
1250 741 1362 810 septem
1376 737 1543 795 octonarius
1566 737 1687 810 ponitur
1701 752 1809 794 numo·

104 827 135 882 in
150 825 313 882 meridiana
327 830 412 899 porta
429 825 620 898 intelligimus
630 827 714 899 ,juxta
732 826 927 897 spiritualem,
983 843 1044 895 rus,
1061 832 1094 883 ut
1117 828 1153 883 de
1177 827 1330 901 Synagogs
1353 828 1389 883 ad
1415 827 1585 895 Ecclesiam,
1610 826 1646 883 de
1658 827 1749 883 veteri
1763 827 1809 882 iu·

105 931 236 972 sensum.
248 916 364 973 Eisdem
376 916 453 972 euim
464 915 560 984 lineis,
571 915 927 972 ethistoriacurritattro-
983 919 1147 973 strumento
1163 917 1198 972 ad
1212 933 1332 985 novum,
1341 917 1376 974 de
1387 917 1510 974 terrenis
1522 917 1558 973 ad
1572 915 1699 974 caelestia
1710 919 1810 973 trans·

105 1005 236 1079 pologia:
255 1007 304 1062 sed
320 1005 371 1061 illa
384 1005 523 1062 humilior
537 1009 591 1073 est,
607 1005 664 1061 ista
684 1005 857 1062 sublimior:
878 1005 929 1062 illa
982 1020 1095 1061 eamus.

105 1094 298 1164 haeretterrs,
310 1094 367 1151 ista
377 1095 413 1150 ad
426 1093 706 1151 coelestiasubsolat.
716 1095 788 1151 litio
803 1096 927 1153 circuitu
1019 1095 1110 1168 (Vera.
1127 1097 1162 1151 28
1174 1097 1269 1168 seqq.)
1280 1095 1485 1152 litiutroduxit
1502 1111 1550 1152 ma
1564 1094 1594 1150 in
1611 1093 1720 1150 atrium
1734 1095 1807 1151 inte·

105 1200 157 1257 per
176 1184 537 1257 fenestrascunctaplona
553 1187 636 1240 erant
659 1182 791 1240 luminis.
808 1183 928 1256 Singula
982 1186 1108 1256 riusper
1134 1186 1212 1241 viam
1240 1185 1436 1241 orientalem:
1466 1188 1495 1240 et
1523 1199 1645 1240 mensus
1672 1187 1718 1239 est
1741 1199 1809 1255 por·

104 1266 927 1346 enimnpobttpoeohabentterminossuos,etproprium
981 1278 1042 1330 tam
1064 1274 1226 1331 seeundum
1253 1290 1408 1330 mensuras
1432 1272 1617 1345 superiores3
1640 1270 1808 1328 thalamum

104 1361 927 1436 perillaadanimamcredentislumeningreditur:prae·
984 1364 1088 1434 «ejus,
1121 1364 1196 1421 sss
1228 1368 1256 1419 et
1285 1363 1410 1419 frontem
1445 1362 1519 1433 ejus,
1557 1364 1586 1416 et
1626 1359 1809 1418 vestibulum

104 1451 205 1507 sertim
216 1450 241 1506 si
256 1449 408 1523 longitudo
426 1449 489 1505 vitae
507 1451 573 1522 ejus
591 1450 835 1523 quinquagenarii
846 1451 925 1520 anni,
985 1472 996 1501 a
1014 1453 1126 1524 ejus(a)
1139 1452 1324 1525 sicutsupra,
1335 1456 1363 1508 et
1380 1452 1522 1506 fenestras
1541 1450 1603 1520 ejus
1623 1453 1652 1504 et
1661 1448 1810 1507 vestibula

103 1538 157 1594 hoc
170 1541 223 1604 est,
232 1536 345 1607 jubilaei
356 1538 494 1611 mysterio
514 1538 602 1594 suerit
620 1538 772 1611 protelata,
790 1540 864 1596 etad
880 1538 926 1595 di·
982 1563 996 1591 α
1013 1543 1077 1612 ejus
1088 1541 1118 1596 in
1130 1541 1263 1610 circuitu,
1275 1539 1458 1612 longitudine
1469 1537 1682 1611 quinquaginta
1695 1537 1808 1595 cubito·

102 1625 223 1682 maioris
243 1643 348 1683 sensus
368 1627 554 1684 latitudinem
568 1627 696 1700 potuerit
715 1627 877 1700 pervenire.
895 1628 926 1684 ln
983 1651 997 1680 a
1017 1647 1094 1693 rum,
1105 1635 1134 1686 et
1146 1629 1298 1686 latitudine
1313 1628 1417 1701 viginti
1433 1628 1564 1700 quinque
1579 1625 1758 1682 cubitorum.
1773 1626 1808 1683 st

102 1732 162 1788 qua
173 1715 482 1789 latitudineetplateia
502 1717 563 1790 agit
580 1716 723 1789 sapientia
738 1717 925 1788 confidenter,
985 1719 1189 1776 «vestibulum
1216 1719 1291 1790 ejus,
1320 1718 1421 1785 idest,
1451 1716 1516 1772 atrii
1544 1714 1726 1772 exterioris»
1744 1714 1807 1788 (pro

101 1810 207 1860 etcum
219 1804 340 1862 sublimi
350 1822 418 1862 voce
429 1805 578 1861 clamitat:
599 1811 771 1878 septemque
786 1806 925 1879 gradibus
982 1825 1039 1881 quo
1055 1807 1244 1882 Septuaginta
1254 1812 1283 1863 et
1293 1806 1498 1880 Symmachus,
1514 1807 1686 1874 interiorem,
1703 1819 1808 1875 posue

101 1893 278 1966 ingreditur,
294 1897 327 1949 ut
341 1895 490 1966 perveniat
504 1894 540 1950 ad
555 1895 744 1963 vestibulum,
763 1898 791 1952 et
801 1911 853 1967 per
863 1895 926 1968 pul·
980 1893 1806 1971 runt);aetpalmaecaelateintrontemilliushincetinds,

101 1983 373 2055 inaspropositisui
395 1987 482 2056 atque
506 1987 639 2050 conatus,
662 1983 813 2040 victoriam
828 1988 926 2041 teneat
983 1980 1807 2060 estinoctogradibusascensusejus.»DeSeptentrionali

101 2072 320 2144 sempiternam.
337 2072 373 2127 Et
383 2088 418 2128 ue
438 2078 610 2144 putaremus
625 2091 718 2129 uuum
734 2091 799 2130 esse
813 2075 849 2129 ad
863 2075 924 2130 Au·
979 2075 1074 2150 plaga,
1086 2077 1115 2131 iu
1127 2077 1211 2148 cnjus
1222 2076 1329 2131 atrium
1342 2077 1454 2146 septem
1466 2076 1579 2129 tautum
1591 2071 1809 2128 ascendebatur

101 2160 221 2218 stralem
231 2165 346 2233 partem
359 2161 525 2258 atrium5de
537 2163 665 2219 secundo
679 2163 786 2219 dicitur
800 2163 925 2219 atrio:lit
979 2166 1130 2240 gradibus,
1147 2164 1253 2221 transit
1267 2164 1304 2220 ad
1319 2161 1485 2219 Australem
1512 2165 1625 2234 portam
1650 2164 1680 2216 et
1695 2159 1805 2215 atrium

99 2254 178 2322 porto
188 2251 257 2305 atrii
266 2251 407 2307 interioris
419 2251 450 2305 in
469 2251 514 2306 uia
534 2251 609 2308 484
626 2252 750 2307 Australi
762 2269 768 2308 :
780 2260 805 2308 et
815 2269 925 2308 mensas
979 2257 1112 2329 ejusdem
1123 2254 1225 2327 plage,
1239 2254 1274 2309 ad
1286 2254 1362 2325 quod
1375 2269 1433 2308 uon
1444 2251 1540 2308 solum
1562 2254 1686 2323 septem,
1708 2252 1742 2305 ut
1756 2265 1806 2305 su·

101 2346 141 2396 est
155 2356 172 2395 a
185 2347 264 2411 porto
278 2355 361 2411 osque
375 2339 411 2395 od
429 2343 541 2411 portam
560 2343 591 2397 io
610 2343 656 2396 uia
678 2342 804 2397 Australi
817 2349 925 2398 centum
978 2363 1041 2420 pra,
1054 2345 1105 2401 sed
1117 2347 1181 2400 octo
1192 2341 1333 2416 gradibus
1352 2341 1539 2398 ascenditur:
1560 2338 1695 2395 videlicet
1706 2342 1738 2394 ut
1752 2352 1805 2411 par

100 2428 223 2498 cubitos;
239 2431 272 2484 ut
283 2434 349 2502 post
359 2429 550 2486 hebdomadis
567 2435 596 2486 et
613 2429 802 2488 Instrumenti
817 2431 924 2488 veteris
978 2439 1074 2492 vetera
1088 2437 1273 2489 transeamus
1289 2432 1324 2486 ad
1342 2447 1436 2486 nova:
1453 2433 1482 2485 at
1498 2433 1530 2484 ut
1553 2428 1657 2500 loquar
1679 2426 1804 2482 maniis·

100 2522 293 2587 sacramenta,
315 2520 351 2575 ad
376 2523 484 2575 terram
511 2519 618 2576 bonam
642 2523 671 2576 et
694 2521 842 2595 Evangelii
856 2541 923 2597 gra·
979 2525 1064 2591 atius,
1080 2540 1132 2596 per
1147 2520 1327 2594 patriarchas
1351 2523 1379 2575 et
1402 2517 1570 2591 prophetae,
1596 2516 1753 2573 veniamus
1767 2515 1804 2572 sd

99 2608 170 2665 tiam
182 2608 353 2680 perveniret.
370 2608 427 2666 Nec
439 2607 536 2664 solum
547 2609 577 2664 in
588 2613 672 2681 porta
682 2611 811 2667 Australi
822 2629 925 2669 secun·
978 2612 1143 2687 apostolos:
1162 2615 1193 2666 ut
1204 2611 1234 2665 in
1251 2610 1341 2665 altero
1357 2608 1527 2674 hebdomas,
1545 2607 1575 2661 in
1591 2605 1682 2661 altero
1692 2606 1805 2678 ogdoas

100 2697 172 2752 dum
185 2696 292 2751 atrium
304 2700 367 2752 est:
381 2697 430 2752 sed
445 2697 562 2752 tertium
577 2697 699 2770 :dequo
710 2701 922 2758 nuucdicitur:
978 2703 1025 2760 sit.
1042 2702 1126 2760 Nunc
1139 2704 1238 2756 autem
1253 2698 1332 2754 veuit
1346 2698 1382 2753 ad
1399 2696 1548 2764 ultimum,
1564 2695 1655 2751 immo
1673 2694 1710 2751 ad
1720 2709 1804 2751 sum·

100 2786 134 2839 lit
143 2783 297 2840 introducit
309 2800 354 2839 ene
363 2786 393 2839 in
403 2787 507 2840 atrium
517 2787 636 2842 interius
645 2787 797 2858 adponam
808 2790 924 2846 Austro·
978 2808 1071 2856 mum,
1083 2795 1112 2846 et
1122 2787 1282 2845 introducit
1296 2786 1468 2860 prophetam
1489 2801 1540 2857 per
1555 2783 1632 2839 viam
1651 2785 1740 2856 porte
1755 2782 1805 2837 ic·

103 2873 327 2938 tem,etmensas
337 2874 576 2945 estportomjcste
594 2891 739 2930 masuras
757 2881 922 2949 superiores,
978 2879 1105 2950 terioris,
1126 2879 1186 2935 sive
1200 2894 1252 2949 per
1275 2877 1393 2943 atrium,
1419 2874 1455 2930 ad
1478 2873 1556 2947 quod
1581 2873 1641 2928 itur
1658 2870 1804 2945 perviam

102 2963 158 3017 etc.
169 2959 291 3033 Singula
300 2960 379 3016 enim
392 2960 466 3017 atria
476 2960 587 3017 habent
598 2978 762 3033 mensuras,
773 2970 800 3021 et
808 2967 924 3025 ordines
977 2966 1164 3026 Orientalem.
1180 2965 1234 3023 Via
1245 2966 1330 3037 juxta
1342 2961 1532 3037 Septuaginta
1554 2962 1585 3017 in
1610 2962 1666 3018 boc
1686 2963 1805 3016 tantum

103 3065 184 3115 suos,
195 3048 263 3106 etin
275 3049 385 3106 eisdem
397 3049 545 3106 mensuris
555 3050 773 3126 diversagratia
783 3060 836 3122 est,
852 3057 923 3112 dum
979 3059 1104 3114 habetur
1118 3057 1180 3113 loeo
1195 3081 1202 3125 ;
1217 3055 1246 3109 in
1262 3051 1500 3126 septentrionali,
1525 3055 1554 3107 et
1572 3048 1701 3106 Australi
1717 3048 1806 3121 plaga

101 3139 218 3194 easdem
234 3154 281 3195 res
295 3137 379 3195 aliter
392 3137 422 3194 in
444 3138 598 3211 principio,
621 3140 705 3198 aliter
728 3143 756 3198 iu
780 3129 960 3219 protectus}
979 3144 1195 3204 omninotacita
1212 3147 1265 3211 est,
1277 3146 1310 3199 ut
1320 3142 1468 3214 possimus
1484 3139 1645 3212 intelligere
1656 3139 1686 3194 in
1701 3136 1806 3194 Orien·

102 3225 187 3282 aliter
196 3225 227 3281 iu
238 3226 296 3282 ilus
307 3226 520 3299 cognoscimus.
532 3228 592 3284 Hoc
602 3245 669 3286 vero
679 3232 756 3303 quod
766 3232 795 3288 iu
805 3234 925 3307 Septua-
978 3235 1029 3293 tali
1044 3238 1160 3291 tantum
1181 3237 1264 3306 porta
1287 3230 1367 3287 illam
1392 3229 1610 3303 intelligendam
1631 3227 1721 3293 mam,
1738 3240 1807 3298 quae

101 3318 189 3388 genta
203 3332 261 3372 non
277 3315 412 3384 habetur,
425 3317 633 3389 etvestitutum,
645 3318 865 3395 εῐνεπρὸπυλον,
877 3341 926 3396 per
979 3325 1068 3381 dicit:
1085 3328 1141 3393 uno
1155 3339 1216 3379 sum
1237 3323 1293 3388 vio,
1319 3321 1420 3376 veritos
1443 3322 1468 3375 et
1488 3321 1546 3375 vito
1568 3317 1660 3391 (loon.
1685 3331 1746 3381 xre,
1763 3314 1806 3387 6).

101 3421 201 3476 pyrum
216 3404 927 3481 longitudineuigintiquinquecubitorum,ettntitu·
979 3420 1034 3471 Per
1048 3414 1147 3485 ipsum
1160 3411 1239 3468 enim
1261 3409 1397 3465 venimus
1421 3409 1457 3464 ad
1481 3412 1610 3475 Patrem,
1632 3410 1662 3463 et
1685 3405 1723 3460 de
1738 3402 1808 3475 ipso

100 3492 468 3567 diaeqotnqaeoabttorom,
480 3494 595 3552 videtur
608 3496 701 3554 iacere
721 3501 923 3572 questionem,
980 3504 1122 3575 scriptum
1137 3503 1201 3557 est:
1217 3501 1295 3555 Booti
1309 3499 1483 3554 immaculati
1496 3500 1526 3552 in
1541 3498 1588 3552 oio
1601 3495 1686 3567 (Ptol.
1702 3509 1806 3561 cavan,

100 3587 220 3655 propter
234 3583 353 3654 quodiu
368 3584 456 3640 veteri
469 3584 708 3658 interpretatione
722 3605 779 3645 uon
796 3591 924 3663 positum
983 3595 1018 3665 l),
1035 3592 1086 3665 qui
1114 3590 1188 3647 nihil
1216 3589 1251 3643 de
1279 3587 1394 3644 Christo
1422 3586 1576 3643 sinistrum
1604 3583 1737 3656 sapiunt,
1752 3581 1807 3638 ssd

101 3675 156 3738 est,
173 3671 320 3744 quomodo
336 3675 402 3745 post
417 3672 577 3745 proiectum
594 3675 672 3731 tertii
694 3678 803 3750 gradus
823 3679 926 3752 viginti
981 3682 1053 3738 'tides
1068 3696 1169 3737 eorum
1185 3694 1259 3751 pura
1273 3681 1328 3744 est,
1344 3680 1373 3732 et
1394 3689 1578 3748 nequaquam
1599 3671 1807 3729 hereticorum

102 3759 232 3832 quinque
247 3759 349 3827 cubiti,
366 3769 392 3817 et
404 3762 534 3835 quinque
544 3768 701 3836 ponuntur.
711 3767 764 3823 Sed
777 3767 853 3823 tollit
863 3785 925 3825 am·
981 3768 1194 3842 sordepclluta.
1206 3768 1346 3838 Idemque
1356 3781 1496 3821 numerus
1507 3762 1717 3829 thalamorum,
1727 3760 1809 3816 iron-

101 3847 273 3921 biguitatem
284 3850 357 3905 illud
367 3852 444 3924 quod
453 3853 642 3924 sequitur:Et
650 3856 814 3912 vestibulum
823 3857 927 3930 ejescd
980 3861 1056 3916 tium
1075 3862 1103 3914 et
1118 3855 1340 3925 vestibulorum,
1358 3857 1386 3910 et
1398 3854 1604 3920 fenestrarum,
1630 3854 1659 3905 et
1681 3846 1808 3905 luminis

102 3939 207 3992 atrium
220 3939 344 3994 emerim
353 3956 363 3993 .·
378 3943 404 3994 et
415 3942 525 4012 palmas
539 3942 598 4012 ejus
612 3945 642 3997 io
653 3944 765 4015 fronte:
775 3950 807 4001 ut
817 3946 927 4003 scilicet
981 3946 1230 4014 earum,eteadem
1240 3936 1807 4014 mensuralongitudiuis,ellatitudiuis:

102 4024 157 4079 hoc
165 4025 273 4081 atrium
284 4027 362 4098 quod
372 4027 497 4085 habebat
506 4030 535 4084 in
546 4030 836 4106 longitudineviginti
844 4035 928 4106 quin·
982 4034 1196 4110 quinquaginta
1204 4032 1347 4100 videlicet,
1356 4030 1491 4103 etvigiuti
1500 4025 1808 4102 quinquecubitorum

103 4126 160 4182 quc
174 4113 300 4180 cubitos,
316 4120 344 4170 et
358 4114 388 4170 in
403 4115 558 4173 latitudine
569 4119 709 4191 quinqua,
731 4138 788 4177 nou
803 4122 927 4181 interio·
981 4127 1166 4182 sacramenta
1181 4137 1369 4186 conservans,
1385 4123 1414 4175 et
1434 4117 1612 4175 vestibulum
1635 4115 1701 4187 ejus
1716 4116 1809 4188 porto

104 4199 155 4269 ris,
169 4202 219 4257 sed
236 4201 387 4259 exterioris
402 4205 467 4259 atrii
488 4205 535 4272 sit,
562 4211 595 4261 ut
617 4208 725 4280 prioris
745 4212 813 4266 atrii
827 4212 926 4270 latitu-
982 4214 1041 4271 sive
1051 4212 1118 4270 atrii
1127 4211 1284 4276 interioris,
1296 4210 1373 4282 quod
1387 4210 1472 4280 juxta
1488 4206 1664 4264 Hebraicum
1678 4201 1810 4260 exterius

103 4294 214 4365 dinem,
228 4291 284 4349 hoc
298 4297 354 4360 est,
367 4292 469 4366 viginti
484 4294 616 4368 quinqua
636 4296 761 4370 cubitos,
777 4303 927 4360 exterioris
981 4301 1109 4376 ponitur,
1121 4304 1154 4355 ut
1164 4298 1301 4355 Orientali
1312 4297 1424 4354 lumine
1434 4296 1534 4353 omnia
1543 4297 1699 4352 teneantur
1708 4289 1810 4349 iuclu-

103 4382 170 4440 atrii
186 4381 336 4455 possideat
350 4380 512 4455 longitudo,
528 4387 557 4439 et
572 4384 600 4439 in
626 4383 780 4444 latitudine
795 4389 927 4464 quinqua
982 4409 1024 4459 sa,
1036 4390 1197 4447 secundum
1209 4387 1283 4443 illud
1294 4387 1371 4459 quod
1390 4386 1532 4456 scriptum
1554 4387 1599 4441 est
1610 4401 1617 4439 :
1629 4383 1682 4439 Nee
1703 4388 1745 4438 est
1757 4381 1812 4452 qui

103 4473 218 4531 cubitos
243 4474 350 4528 teneat.
378 4471 455 4537 Quas
484 4488 647 4546 mensuras,
684 4474 711 4531 id
742 4482 795 4547 cst,
825 4479 927 4554 viginti
942 4478 1198 4561 pseudonardoto
1222 4479 1311 4533 catere
1334 4476 1393 4547 ejas
1416 4473 1501 4544 (Psoi.
1526 4489 1607 4540 amir,
1631 4472 1670 4543 7).
1685 4469 1739 4526 Sin
1754 4484 1809 4526 an·

103 4562 234 4636 quinque
248 4564 277 4616 st
292 4560 434 4633 quinque,
451 4563 480 4617 et
495 4562 612 4619 eosdem
638 4580 742 4622 seusus
760 4567 925 4639 referimus,
980 4574 1080 4626 temet
1093 4567 1230 4634 exterius,
1246 4570 1275 4622 et
1289 4565 1413 4620 interius
1433 4562 1595 4635 accipimus
1617 4559 1746 4616 atrium:
1762 4556 1811 4614 sio

102 4653 198 4708 visum
213 4648 359 4718 videlieet,
376 4654 405 4706 et
419 4651 564 4720 auditum,
578 4656 709 4725 gustum,
722 4659 749 4710 et
761 4657 925 4727 odoratum,
980 4657 1204 4733 intelligendum
1225 4659 1279 4726 est,
1294 4655 1372 4726 quod
1388 4653 1465 4710 Deus
1481 4648 1718 4708 etciroumlusus
1729 4646 1811 4704 sitst

103 4743 264 4807 attactum,
276 4738 388 4810 quassi
407 4740 443 4796 ad
464 4738 568 4796 altiora
587 4744 824 4814 conscendimus,
840 4748 926 4819 quin·
981 4748 1108 4814 infusus,
1126 4746 1226 4800 dicens
1241 4760 1293 4815 per
1317 4742 1509 4815 prophetam:
1535 4739 1589 4808 Qut
1610 4741 1684 4794 tenet
1705 4733 1810 4792 cetam

103 4827 391 4901 quiesduplicamus,
401 4828 470 4884 etde
478 4828 646 4887 carnatibus
656 4832 792 4891 sensibus
803 4835 927 4893 iacimus
979 4837 1081 4909 palmo,
1098 4839 1125 4890 et
1139 4837 1241 4890 weram
1251 4832 1356 4903 pupillo
1372 4832 1434 4902 (lea.
1451 4847 1495 4898 xc,
1522 4828 1586 4900 lm:
1609 4831 1643 4882 ut
1654 4823 1754 4882 omnia
1769 4821 1808 4880 ab

103 4916 284 4988 spirituales,
300 4920 332 4972 ut
346 4921 392 4973 est
405 4916 477 4973 illud
491 4935 497 4974 :
523 4919 622 4975 levate
645 4921 745 4977 oculos
761 4928 883 4995 vestros,
899 4931 928 4983 et
981 4926 1031 4981 illo
1042 4924 1198 4980 videantur
1208 4921 1329 4977 includi.
1342 4924 1375 4975 st
1384 4936 1504 4975 rursum
1515 4934 1522 4973 ι
1535 4915 1717 4974 Coetemmibi
1729 4912 1809 4970 thro·

103 5003 208 5074 odota,
224 5006 363 5076 quoniam
376 5006 440 5077 jam
456 5022 568 5064 messes
583 5008 654 5064 albe
680 5012 799 5067 suntad
816 5018 927 5071 meten·
980 5031 1033 5069 nas
1048 5017 1106 5069 est:
1121 5016 1196 5068 terro
1209 5013 1301 5067 satem
1314 5008 1462 5064 scutellum
1484 5007 1583 5079 pedum
1601 5019 1726 5060 meorum
1738 5000 1807 5073 (lea.

104 5091 175 5146 dum
187 5092 274 5163 (loon.
291 5111 331 5164 ιν,
346 5095 402 5166 35).
419 5095 471 5151 Ει;
488 5095 542 5161 Qui
564 5096 652 5152 habet
676 5114 762 5155 aures
777 5102 925 5170 audiendi,
981 5104 1147 5174 ch1‚l),ut
1170 5100 1248 5156 iutra
1271 5097 1370 5155 omnia
1384 5113 1449 5154 esse
1464 5095 1628 5153 credendus
1648 5092 1688 5149 sit
1700 5106 1707 5146 :
1720 5091 1811 5163 juxta

104 5179 205 5237 audiat
219 5180 293 5253 (too.
308 5199 370 5250 vrri,
381 5183 420 5253 8).
436 5185 489 5240 m:
504 5188 663 5241 Gustateet
673 5185 777 5256 videte,
788 5191 927 5261 quoniam
981 5191 1054 5248 illud
1071 5189 1263 5263 Virgilianum
1280 5188 1398 5261 (AEneid.
1415 5187 1463 5242 tib.
1478 5186 1537 5257 val:

104 5269 203 5326 suavis
213 5273 258 5326 est
268 5270 410 5328 Dominus
422 5275 513 5342 (Paot.
524 5290 623 5344 xxxrn,
635 5274 675 5347 8).
687 5275 739 5331 llt:
754 5277 838 5334 Chris

447 5362 452 5373 .
517 5363 523 5374 .
603 5362 610 5375 .
840 5280 863 5334 ti
877 5281 926 5337 Μ’
1012 5317 1082 5366 480
1094 5313 1226 5377 Principio
1241 5311 1338 5362 coelum
1350 5325 1380 5362 ac
1389 5315 1483 5371 terrae,
1495 5321 1659 5372 camposque
1672 5305 1812 5370 liquentes

105 5375 162 5416 nus
177 5359 249 5416 odor
261 5374 365 5416 sumus
376 5360 433 5418 Deo
445 5379 475 5417 an
494 5362 541 5419 hra
561 5379 612 5435 qut
640 5365 763 5421 creduut
776 5366 812 5438 (ll
827 5370 889 5426 cor.
906 5387 926 5440 1,
1013 5379 1211 5441 tacentemque
1225 5375 1333 5438 globum
1349 5375 1430 5434 tune,
1444 5374 1601 5437 Titaniaque
1618 5372 1706 5428 Astra,

140 5501 179 5575 (a)
194 5502 236 5560 De
248 5517 329 5561 more
337 5501 417 5587 tint.
428 5504 463 5559 ad
473 5503 602 5580 vulgate
611 5505 973 5572 lectionemetvestitatam
987 5514 1046 5588 ejas
1069 5515 1100 5576 ia
1122 5511 1245 5573 circuita
1265 5510 1466 5583 quinquaginta
1484 5508 1589 5566 eetttm
1609 5499 1811 5586 beatudinis,

104 5573 134 5636 οι
147 5572 234 5658 paulo
249 5578 317 5655 post
330 5590 361 5634 aa
374 5575 464 5652 (roas
478 5592 531 5653 pro
545 5578 579 5638 ts
590 5579 720 5656 [rosum.
