3840 6098
61 311 125 376 ut
280 313 529 380 rmusnsno
550 309 809 381 nournsnnu.
824 275 1007 378 ostenae
1029 312 1069 374 nr
1090 303 1352 373 senuntncnu.
1375 309 1472 374 nou.
1488 308 1539 373 u.
1702 306 1773 374 se

61 445 165 504 tellum
176 446 338 520 civitatum,
354 450 454 506 audit:
471 451 587 507 Intrasti
609 452 637 506 in
650 451 774 506 ciuitates
789 449 884 505 civito·
898 451 926 519 Α
939 445 1002 503 vult
1013 445 1107 502 fecere
1121 444 1208 500 Deus.
1223 444 1351 501 Etindos'
1361 445 1581 500 teverre‘eolorto.
1594 445 1707 510 Quanta
1717 447 1763 500 est

61 538 128 591 tum.
144 535 273 593 dammis
296 546 350 595 tuse
375 546 472 597 ereetae
486 544 561 596 sunt.
589 541 651 595 Post
679 540 758 594 tonte
769 538 889 593 cumino
943 532 1107 606 benignitas
1120 533 1167 588 Dei
1179 533 1208 587 in
1220 548 1459 605 unamquamque
1471 534 1763 589 animorumtorusa·

60 626 420 696 rursumttoneisti,etueutt
428 627 479 684 ttbi
486 630 601 699 ternpus,
610 626 889 699 sttempsudioerten·
941 621 999 678 lem
1011 621 1017 676 l
1029 637 1086 677 non
1095 618 1442 686 uniuscoloristunicam,
1453 619 1504 675 sed
1511 617 1763 676 multaevarr'etetis

60 715 140 770 bam.
148 713 339 772 Diciturmibi
350 715 429 773 :Noli
439 714 887 788 allegorizare,noliperllgursm
941 710 1050 783 legitur
1058 709 1244 766 credentibus
1255 707 1321 762 sibi.
1332 706 1411 762 Hane
1421 707 1622 764 versicolorem
1634 708 1762 764 tunicam

59 802 887 876 exponereltcspondesntqursso:Jerusalemmarnmas
937 795 1762 872 jamtunoinsignumfecittacob,induensfrliumsuum

61 891 158 961 babet,
172 895 257 949 etesi
271 893 390 966 quando
414 909 472 948 nou
502 891 686 965 colligentur,
711 891 888 964 astquendo
940 884 1058 959 loseph,
1074 889 1103 941 et
1116 884 1230 941 vestivit
1242 901 1310 940 eum
1335 884 1522 941 versicoloria
1544 885 1621 957 (Gen.
1637 888 1761 960 mrxvn).

61 979 222 1053 erigantur,
237 980 557 1052 atumbilicumbabst,
569 980 678 1052 etquis
690 984 804 1036 nonest
817 995 888 1051 pra·
941 983 972 1040 Si
982 982 1148 1039 consideres
1158 981 1324 1038 intellectus
1340 987 1444 1052 sentes,
1460 982 1630 1051 feotnhnnn,
1647 1000 1711 1041 vere
1721 985 1764 1041 vi·

61 1067 149 1138 cinos,
167 1069 321 1143 arguitur:
336 1070 482 1143 quomodo
497 1076 622 1143 possunt
634 1069 691 1124 ista
707 1070 770 1124 sine
782 1067 891 1140 allego·
942 1071 1024 1128 debis
1040 1071 1146 1127 variam
1162 1070 1305 1136 tunicam,
1327 1087 1416 1142 quem
1435 1071 1564 1127 visitatio
1576 1073 1623 1128 llei
1639 1072 1766 1145 largitur

61 1157 120 1215 rica
132 1157 316 1232 expositione
330 1157 477 1231 intelligit
491 1159 616 1216 damme
631 1166 687 1215 tuae
701 1154 778 1214 tm
798 1159 894 1212 meets
941 1159 988 1216 bis
998 1161 1048 1232 qui
1059 1159 1152 1215 vocati
1160 1158 1271 1214 suntin
1282 1160 1418 1215 salutem.
1431 1159 1690 1239 Legcm'intalligo,
1701 1179 1766 1235 pro·

61 1248 133 1313 sant,
146 1255 174 1304 et
185 1247 303 1320 capillus
317 1254 381 1303 tuus
394 1255 506 1304 aecem
532 1250 582 1302 ert.
608 1247 681 1303 Cum
702 1245 782 1302 omni
797 1245 886 1301 hone·
941 1248 1044 1320 phetes
1051 1247 1635 1322 comprehendo,sgnosoollvsngelia‚non
1643 1251 1767 1308 maletot

60 1339 144 1405 stete,
159 1352 195 1393 ee
210 1351 275 1409 quae
290 1335 386 1393 solent
403 1335 551 1409 virginum
574 1336 688 1391 evenire
705 1333 886 1408 corporibus,
940 1336 1113 1408 Apostolus:
1128 1341 1157 1392 et
1169 1342 1274 1392 cautus
1289 1351 1367 1408 sum,
1386 1337 1487 1408 justus
1503 1354 1582 1405 sum,
1598 1340 1766 1398 misericors

59 1432 201 1492 describit
214 1449 311 1491 sermo
321 1433 448 1491 divinus.
461 1433 624 1505 Etedpiltas
634 1435 698 1488 tuor
712 1440 823 1489 coortas
837 1438 887 1498 est,
940 1443 1019 1492 sum,
1034 1429 1063 1482 et
1077 1425 1174 1482 adhuc
1188 1423 1295 1497 queris
1308 1424 1394 1481 aliam
1407 1425 1536 1482 tunicam
1550 1428 1764 1500 versicolorem,

59 1527 90 1579 ts
102 1538 169 1581 sero
182 1538 245 1580 erae
258 1523 336 1580 nudo
349 1526 375 1579 et
389 1522 572 1579 dehonestato.
586 1520 640 1585 Qui
656 1538 712 1578 non
728 1525 773 1578 est
786 1523 887 1576 lesum
941 1537 1030 1594 quam
1040 1520 1137 1578 induit
1147 1521 1287 1577 Dominus
1296 1521 1459 1579 Jerusalem
1471 1523 1585 1581 dicens:
1595 1527 1627 1580 st
1636 1529 1767 1584 oestioite

57 1609 888 1682 Christnmindutus,bienudusest:quinonestindutus
941 1610 1767 1682 vusuotoriaetoolceouttsbyouretborfvultcalcssmente

57 1699 180 1754 viscera
187 1698 393 1766 miserationis,
404 1698 594 1772 benignitatis
605 1696 792 1766 humilitatis,
805 1713 888 1752 man·
943 1705 1043 1756 nostra
1051 1715 1115 1756 esse
1126 1698 1259 1755 florentia
1269 1703 1298 1754 et
1306 1699 1378 1756 bene
1389 1699 1488 1756 tincta.
1499 1702 1566 1766 Qua
1577 1708 1647 1759 sunt
1658 1704 1767 1762 calcea-

57 1786 244 1855 suetudinis,-
251 1786 496 1861 longanimitatis,
512 1791 545 1842 ut
556 1786 721 1860 proximum
732 1786 888 1852 sustineat,
943 1787 1767 1862 mentatAudiPaulumapertiuspraedioentem:detersti-

54 1875 117 1933 iste
133 1876 345 1934 dehonestatus
359 1881 413 1933 est.
431 1877 469 1932 Tu
495 1891 559 1932 uero
573 1892 634 1931 eros
647 1875 722 1931 nude
733 1879 759 1931 et
768 1873 886 1930 detone-
938 1877 1019 1950 pedes
1029 1878 1059 1932 in
1068 1878 1267 1949 preparatione
1278 1879 1426 1950 suaeque·
1436 1882 1512 1950 pacis
1522 1880 1642 1954 (Ephe).
1655 1883 1687 1937 st
1695 1897 1768 1954 prae·

51 1967 143 2033 stata,
157 1968 185 2022 et
199 1965 318 2021 transiri
327 1980 377 2036 per
390 1972 425 2021 te.
442 1964 576 2021 Secunda
588 1963 650 2018 vice
666 1963 745 2018 venit
759 1963 794 2018 ad
811 1978 887 2027 sam,
940 1966 1053 2022 circite
1063 1965 1339 2036 byssoblanifestius
1348 1968 1384 2022 de
1397 1967 1452 2023 boc
1461 1967 1600 2026 cinctorio
1610 1971 1768 2042 Apostolus

51 2052 211 2111 mditmm
221 2057 403 2126 peccantem,
415 2053 522 2110 iterum
533 2056 651 2125 propter
665 2054 782 2123 peccata
797 2051 889 2107 disce·
942 2053 1082 2126 loquitur.
1098 2053 1206 2110 Stentee
1212 2055 1358 2126 precincti
1374 2055 1480 2112 lumbos
1492 2067 1594 2115 vestros
1609 2061 1640 2115 io
1653 2063 1769 2118 ueritate

51 2142 114 2209 (lit,
130 2145 275 2198 ettamen
289 2140 585 2209 rursumrevortitur,
601 2141 707 2196 iterum
717 2140 818 2195 visitet
832 2139 888 2195 cla·
943 2142 1165 2213 (lbid.).Veritas
1180 2143 1258 2199 enim
1273 2160 1325 2216 pro
1348 2144 1434 2218 bysso
1455 2146 1607 2220 accipitur.
1623 2153 1658 2206 Et
1670 2154 1769 2223 operat

48 2245 150 2286 nens
162 2233 194 2286 et
215 2229 362 2302 benignus
393 2234 480 2286 Deus.
507 2230 541 2286 Et
554 2230 618 2285 veui
631 2228 666 2283 od
678 2231 717 2295 te,
744 2237 770 2285 et
783 2229 888 2296 vidite,
942 2231 1124 2302 tetricbcpto.
1139 2235 1203 2286 Non
1218 2230 1370 2287 inveniens
1394 2249 1488 2306 neque
1512 2234 1680 2309 intelligens
1696 2241 1766 2311 quid

40 2323 88 2375 et
100 2333 165 2374 ecee
177 2325 282 2391 tentpus
290 2321 379 2386 taum,
392 2326 417 2375 et
427 2327 534 2390 tempus
545 2317 748 2373 divertentium.
760 2316 835 2382 Quid
846 2319 892 2372 est
944 2323 1022 2375 esset
1035 2318 1226 2391 trichaptum,
1238 2319 1333 2375 inveni
1344 2321 1375 2374 in
1386 2320 1443 2376 elia
1458 2323 1584 2379 editions
1596 2342 1646 2396 pro
1660 2314 1768 2385 tricha-

40 2406 129 2474 hoo,
139 2405 396 2480 quodaittempus
405 2410 491 2463 tuum
501 2406 515 2461 f
524 2408 653 2479 Tempus
664 2405 810 2478 significat
821 2404 891 2461 ado·
945 2412 1006 2480 pto,
1020 2409 1134 2478 (torsus,
1144 2411 1173 2465 et
1182 2407 1213 2462 in
1228 2407 1285 2463 alia
1295 2408 1491 2465 indumentum.
1504 2411 1594 2482 Igitur
1608 2413 1704 2470 induit
1714 2432 1767 2474 nos

42 2493 250 2562 lesocntium,
265 2494 296 2551 in
311 2512 370 2568 quo
380 2495 444 2568 jam
459 2511 512 2567 per
532 2499 646 2551 etatem
663 2497 787 2567 possunt
802 2492 892 2549 forni-
945 2495 1023 2551 Deus
1033 2495 1491 2567 postveriamvestemetllorenti
1503 2499 1770 2561 tunicadternuot·

44 2584 136 2640 cari.
151 2580 343 2640 Etruscum:
361 2586 399 2640 Et
424 2587 540 2656 tempus,
563 2582 670 2655 inquit,
684 2583 891 2640 divertentium.
944 2576 1330 2656 tsomomento,'ettmpoeui
1352 2586 1405 2641 tibi
1428 2588 1555 2644 omittes
1581 2591 1770 2650 cireamenue

52 2680 119 2748 Qui
134 2684 208 2739 snut
222 2680 272 2738 isti
287 2681 488 2739 divertentes?
510 2682 586 2738 Dum
601 2697 706 2736 sumus
721 2679 834 2752 parvuli
850 2679 892 2748 hi,
946 2675 1097 2730 tabacum
1108 2672 1179 2728 mibi
1189 2673 1767 2752 dederitoocasionesbonorumactuum,

52 2769 275 2842 quidlvoroere
291 2768 395 2826 nolunt
409 2771 445 2826 ad
460 2787 520 2839 eos,
541 2770 591 2842 qui
607 2769 741 2825 nituntur
754 2773 893 2837 evertere,
947 2761 1078 2818 armillas
1093 2761 1256 2819 circumdat
1274 2762 1411 2820 munibus
1439 2766 1521 2821 meis.
1537 2768 1769 2829 Eteotenootreo

60 2863 100 2915 ut
113 2863 185 2916 sunt
197 2857 357 2916 Christiani
367 2858 499 2931 pessimi,
512 2858 655 2915 damonia
666 2858 831 2924 immunda,
844 2874 895 2913 en·
946 2850 1048 2907 cottum
1058 2858 1146 2906 mom.
1163 2849 1192 2906 Si
1205 2864 1253 2905 me
1265 2855 1421 2923 postgesta
1429 2853 1549 2923 iustitiae
1563 2855 1713 2915 intellectu
1726 2876 1769 2916 on

65 2946 126 3021 geli
141 2945 264 3018 dioboli,
279 2946 441 3004 nonhabet
468 2946 576 3015 locum,
592 2947 739 3019 quomodo
754 2963 811 3003 non
827 2962 894 3018 pos·
946 2939 1021 2995 verit
1033 2939 1173 3005 veritatis,
1194 2943 1264 2995 tunc
1292 2939 1365 2996 mibi
1393 2947 1599 3001 ornamentum
1626 2949 1768 3020 nuptiale,

70 3036 131 3091 sint
143 3035 296 3092 divertere.
312 3039 385 3092 Cum
400 3041 498 3092 autem
517 3035 661 3092 fuerimus
675 3039 758 3092 etate
773 3035 894 3107 majore,
948 3034 1019 3084 tuns
1034 3031 1136 3084 calent
1149 3027 1223 3085 00110
1233 3029 1337 3085 0100000
1347 3029 1556 3090 circumdatur.
1572 3038 1606 3092 st
1615 3035 1678 3092 dedi
1690 3040 1770 3097 inore

74 3124 171 3196 etjam
186 3139 308 3198 peceare
323 3140 492 3198 possumus,
514 3129 649 3196 quarunt
661 3123 773 3179 aditum
788 3123 825 3179 ed
842 3139 895 3179 nos
949 3133 1008 3174 rem
1022 3119 1096 3173 cirea
1109 3133 1207 3174 uorem
1221 3127 1306 3174 tuom.
1318 3119 1439 3183 Quando
1452 3137 1526 3177 vere
1540 3131 1771 3195 possumsuevi-

76 3210 243 3281 bremundi,
257 3214 287 3269 at
301 3212 356 3269 boo
370 3215 431 3269 tam
443 3210 546 3285 Angeli
567 3212 615 3268 ltei
630 3228 719 3284 quem
733 3210 829 3285 angeli
845 3189 934 3268 Sec
950 3207 1019 3263 tatis
1029 3205 1134 3263 etboni
1145 3205 1242 3263 odoris
1253 3213 1436 3265 sacramente
1447 3211 1606 3284 suscipere,
1617 3219 1688 3273 tuno
1699 3218 1772 3276 mibl

81 3303 147 3357 lans
153 3299 343 3375 Impossibile
352 3305 450 3357 sutem
462 3305 507 3357 est
516 3304 549 3357 ut
562 3300 679 3373 utrique
688 3301 724 3357 ad
738 3317 791 3357 nos
802 3300 895 3356 divor·
948 3301 1034 3353 ornat
1047 3295 1124 3352 Deus
1134 3294 1287 3353 inauribus
1297 3313 1410 3354 nerem.
1427 3304 1460 3355 st
1473 3301 1618 3358 rotularis
1628 3307 1773 3364 cuneolos

82 3390 142 3446 unt.
158 3390 189 3447 si
201 3405 368 3462 psaranum,
383 3388 479 3462 angeli
490 3388 598 3446 diaboli
608 3389 758 3446 divertunt
772 3389 807 3445 ad
822 3403 892 3445 nos:
948 3388 1019 3440 tuoe.
1036 3386 1134 3442 Utuon
1154 3385 1249 3441 solum
1269 3385 1415 3454 aescula,
1427 3387 1572 3445 sedetiam
1579 3394 1772 3463 grundisrota

85 3485 104 3540 si
115 3491 226 3544 damus
241 3487 299 3543 llxo
312 3488 416 3561 gradu,
432 3488 580 3543 divertunt
598 3487 635 3543 ad
648 3504 702 3544 nos
715 3486 817 3559 Angeli
832 3484 893 3542 Dei.
949 3489 1037 3529 301·θῦ
1051 3473 1090 3529 Βῑῑ
1102 3473 1180 3529 Gifffl
1191 3475 1326 3530 luditum
1339 3481 1435 3548 tuum,
1450 3483 1546 3534 ¹³¹1?ssst
1560 3495 1627 3536 lem
1642 3486 1769 3552 Ρθῑᾶθθῑι

86 3571 156 3632 lenit
168 3592 239 3650 ergo
253 3579 370 3649 tempus
386 3580 481 3646 tuum,
497 3581 527 3632 et
544 3581 662 3648 tempus
676 3575 893 3632 divertentium.
949 3578 1015 3635 ques
1031 3561 1229 3619 intellectibus
1240 3563 1474 3621 volvitursscris.
1487 3567 1773 3642 Etcoronoptorifico·

86 3663 144 3727 Ouia
158 3668 277 3738 tempus
286 3668 405 3722 venerut
418 3664 636 3735 divertentium,
646 3669 676 3721 et
689 3662 831 3719 Dominus
847 3678 898 3718 no·
950 3653 1034 3708 tionis
1047 3666 1129 3722 ⁸va
1141 3659 1222 3723 capti
1237 3660 1323 3707 tvvm·
1340 3653 1419 3709 944
1433 3653 1624 3727 Omnipotens
1640 3664 1726 3727 Deus,
1742 3666 1772 3718 et

86 3755 135 3809 εἰς(
141 3755 227 3810 Jfflug
236 3754 371 3810 Gbrjgtug
382 3758 456 3810 Deus
467 3758 567 3811 noster
574 3769 691 3810 purgum
700 3753 801 3809 visitat
811 3753 897 3808 migg.
951 3740 1137 3797 noblflssl'lbue
1144 3740 1771 3817 Utdlgssiefficiamurssol'onaglssl'lssssttlolonlfl

85 3841 327 3911 mmmmm,
342 3842 372 3899 id
395 3846 449 3911 est,
478 3843 668 3915 peeoarrioem
697 3842 826 3897 animam
842 3857 896 3897 no·
950 3830 1585 3903 supercaputnostrumstonuueraoro:
1600 3837 1629 3893 id
1646 3841 1771 3898 estdivi·

85 3933 180 3988 amm,
193 3930 321 4004 &pangi
333 3932 393 3988 ap„
405 3948 480 3988 mm
501 3948 585 4004 ,uper
597 3937 633 3987 η,
649 3931 805 3988 Consumit
818 3930 898 3986 sori.
951 3919 996 3975 nis
1012 3917 1148 3974 sensibus
1160 3936 1167 3975 ε
1182 3922 1209 3974 et
1218 3926 1341 3988 serpente,
1365 3920 1392 3975 id
1409 3926 1454 3977 est
1469 3926 1654 3984 sermonibus
1667 3932 1770 3990 sacris.

83 4023 161 4089 ptura
175 4035 286 4094 pennas
301 4021 354 4090 [dl.
367 4021 478 4094 poenas]
490 4037 661 4093 nuncupare
673 4020 798 4077 vestium
815 4035 897 4076 sum·
949 4020 984 4074 Et
998 4019 1133 4090 opertorio
1142 4025 1190 4073 too
1201 4016 1321 4089 byssino.
1335 4018 1520 4076 profunditas
1535 4039 1675 4084 sensuum
1690 4045 1773 4103 oper·

82 4108 900 4182 mitates:utinltutb,qumveuitabscondite‚ct,discoo·
950 4107 1058 4163 terium
1073 4110 1118 4162 est
1131 4107 1295 4181 byssinum.
1325 4111 1360 4164 st
1386 4109 1524 4178 florentio,
1548 4128 1600 4185 pro
1612 4133 1670 4189 quo
1684 4121 1772 4178 verbo

79 4201 155 4268 porto
169 4195 263 4272 pallio
276 4198 313 4255 ad
328 4199 416 4272 pedes
431 4199 517 4268 Boos,
528 4199 666 4255 dormivit
676 4199 732 4257 sub
747 4198 833 4255 axilla
847 4214 898 4256 ve·
951 4193 1773 4270 Septuaginturptgerrroposuerunt,snbtilemnimisemi·

78 4287 205 4345 stimsnti
219 4288 285 4361 ejus
297 4288 389 4358 (sut.
405 4287 457 4360 rn).
474 4288 553 4344 Deus
576 4304 645 4361 ergo
660 4287 744 4361 quasi
760 4292 838 4344 veste
852 4287 898 4344 lo·
952 4290 1042 4354 ctum,
1052 4284 1172 4358 etqunsi
1182 4286 1216 4341 sd
1227 4285 1773 4358 capillorumsimilitudinemattenua·

74 4376 307 4450 quiturindutus
318 4394 325 4434 :
337 4377 619 4450 Expondtotosmeua
630 4385 755 4449 superte,
765 4380 790 4434 et
800 4378 899 4450 operui
951 4379 1012 4432 tarn
1027 4378 1138 4431 vestem
1154 4374 1363 4447 significantes.
1387 4379 1422 4432 st
1437 4380 1620 4438 ourmotoriu.
1636 4384 1773 4442 docetote

73 4475 124 4539 ω,
134 4474 897 4549 apmflconsmtmmmmBeatugoujusaligguig
951 4467 996 4518 est
1009 4459 1171 4517 Jerusalem
1187 4465 1317 4534 protecta
1343 4460 1407 4531 slis,
1437 4466 1541 4522 vestita
1554 4467 1654 4537 variis,
1670 4475 1773 4530 ornate

66 4559 151 4623 nm
165 4563 294 4639 [mugit
302 4565 504 4623 confusionem
517 4582 524 4621 :
547 4564 573 4620 31
587 4569 686 4620 tamen
701 4577 898 4635 parmomo.
911 4554 935 4619 Β
950 4550 1084 4622 gemmis.
1101 4549 1174 4614 Quid
1191 4555 1258 4623 post
1270 4548 1331 4606 haec
1353 4549 1422 4607 fecit
1436 4569 1561 4625 magnus
1576 4560 1605 4612 et
1619 4557 1773 4618 hominum

68 4653 156 4711 natu
170 4653 364 4721 beatitudine,
376 4654 406 4709 in
419 4652 651 4725 qusterusalem
662 4652 757 4708 noluit
771 4667 900 4723 perseve·
954 4653 1067 4707 ametor
1081 4648 1180 4705 Deus?
1194 4648 1253 4705 Alit
1266 4664 1330 4704 eam
1347 4647 1480 4706 delicatis
1495 4651 1578 4709 cibis.
1595 4655 1732 4726 Similem,
1747 4664 1780 4716 et

68 4755 151 4801 rm.
163 4742 302 4815 Btjurovi
312 4743 365 4799 titt
372 4743 404 4800 ire
413 4745 614 4809 revomentem,
625 4749 650 4798 et
663 4743 767 4798 intrusi
775 4743 806 4796 in
819 4743 901 4798 tetto-
952 4738 1019 4807 mel,
1034 4747 1061 4796 et
1074 4738 1164 4794 oleum
1177 4737 1356 4794 manducasti.
1379 4738 1442 4794 Non
1466 4739 1508 4796 ait
1520 4740 1692 4814 simpliciter
1704 4745 1774 4803 furi-

66 4835 201 4890 mrsu
213 4835 313 4889 tecam.
326 4831 396 4888 Post
408 4835 501 4901 mota,
515 4830 552 4887 ob
571 4846 634 4901 qua
650 4845 768 4885 rursum
784 4828 902 4885 reverti·
954 4844 1034 4895 nam,
1050 4842 1145 4898 neque
1159 4826 1353 4882 hordeaceum
1379 4841 1502 4898 panem:
1525 4829 1578 4885 hoe
1594 4833 1671 4902 quod
1687 4836 1774 4893 modo

67 4922 136 4993 tur,
152 4936 272 4978 mesum
285 4921 404 4989 recedit,
416 4925 483 4993 post
492 4923 553 4975 tem
564 4919 748 4991 frequentem
762 4917 901 4975 visitatio
954 4918 990 4973 ad
1001 4932 1052 4972 vos
1062 4914 1220 4987 loquimur,
1233 4912 1331 4970 simila
1340 4922 1392 4970 est.
1403 4915 1458 4971 Sed
1471 4917 1646 4976 miserabilis
1655 4922 1774 4982 Jeruse·

67 5021 156 5077 nem,
170 5009 389 5082 nuneprimum
401 5008 641 5082 ingrediturcum
652 5024 686 5063 oa
701 5007 730 5063 in
744 5010 901 5063 testamen·
955 5005 1012 5063 lem
1028 5007 1095 5077 post
1106 5003 1245 5073 similam,
1260 5007 1326 5075 post
1340 5003 1437 5071 mella,
1454 5009 1519 5076 post
1533 5007 1639 5080 oleum,
1655 5027 1773 5071 rursum

66 5097 154 5157 tum.
170 5099 290 5170 Μαάθ
300 5114 329 5155 es
343 5097 421 5155 w
434 5097 518 5164 mitri,
544 5100 572 5152 et
586 5097 643 5152 tovi
654 5100 682 5152 te
695 5097 726 5151 to
740 5111 822 5168 equo.
837 5097 902 5152 Post
955 5092 1039 5168 qussi
1055 5091 1376 5163 meretrixinorepatur.
1390 5092 1499 5149 ldcirco
1513 5111 1667 5156 caveamus
1681 5104 1774 5160 atten-

68 5188 134 5247 Απ
145 5190 243 5244 omnio
255 5189 393 5259 assumpsi
405 5191 443 5253 te,
457 5191 484 5243 et
510 5187 568 5259 ipse
583 5186 639 5242 lovi
654 5189 680 5240 te
694 5187 726 5240 ire
734 5185 859 5252 saluum,
875 5188 902 5241 et
955 5185 1014 5240 tius
1026 5199 1061 5239 ue
1072 5183 1144 5238 forte
1155 5198 1208 5237 nos
1219 5186 1286 5254 post
1295 5180 1384 5237 verba
1393 5184 1504 5239 munde
1515 5184 1628 5258 similae,
1640 5195 1706 5261 post
1715 5208 1774 5249 ser-

66 5275 337 5349 &tammum
351 5287 429 5332 tuom
443 5275 490 5332 obs
504 5279 539 5331 te.
555 5273 620 5330 Hac
633 5272 828 5345 intelligentes
841 5288 903 5330 ore
956 5289 1058 5330 mones
1069 5271 1257 5327 dulcissimos
1267 5269 1485 5343 prophetarum,
1498 5279 1563 5345 post
1572 5274 1679 5347 oleum,
1694 5285 1772 5353 qnod

68 5374 157 5435 urus,
169 5361 578 5423 utveniatmiserioordiullei
590 5378 679 5434 super
689 5378 752 5432 nos,
763 5366 792 5418 st
802 5361 902 5419 abluat
954 5362 1081 5418 letificet
1095 5359 1210 5427 faciem,
1227 5376 1284 5430 quo
1299 5358 1434 5416 volumus
1453 5377 1613 5434 perungere
1628 5373 1726 5439 ceput,
1741 5378 1775 5431 ut

68 5447 795 5529 unguinemabanimabusnostrissiquidenim
808 5453 902 5505 morte
951 5451 1098 5525 Jejunium
1109 5454 1242 5504 nostrum
1253 5447 1430 5520 acceptabile
1440 5450 1500 5516 llat,
1509 5451 1615 5509 iterum
1626 5455 1776 5533 delinque.

70 5540 204 5615 dignam
219 5539 353 5613 fecimus,
361 5539 440 5597 istud
450 5537 572 5613 sanguis
579 5541 740 5596 estnoster.
752 5538 902 5595 diluisse·
954 5557 1031 5599 mus.
1047 5539 1110 5596 Non
1125 5536 1219 5595 solum
1233 5540 1330 5594 autem
1358 5539 1551 5613 perungimur
1565 5542 1619 5600 boc
1634 5543 1707 5622 oleo,
1722 5554 1779 5618 ssd·

70 5633 367 5707 mmet«,
383 5631 495 5694 etvovt
520 5628 627 5694 testeo.
655 5628 690 5691 ut
703 5626 833 5693 cbristus
848 5644 903 5691 uos
956 5629 1154 5693 etvssoimur.
1168 5627 1647 5707 stuowrootmeueumo.
1664 5636 1776 5717 lauded
