3818 6104
104 319 168 386 883
513 314 888 385 counuuvsnmuutt
912 315 952 382 lit
974 314 1074 382 esau
1098 316 1170 382 tls.
1194 315 1219 381 l.
1241 317 1329 382 dle.
1352 309 1404 382 Ν.
1748 310 1808 384 881
1886 260 1889 266 ἡ

103 451 178 514 usia
191 453 223 511 in
236 449 374 510 desideria
386 452 476 511 cordis
491 470 595 527 eorum,
624 457 655 512 in
668 453 884 526 immunditiam,
899 460 930 510 ut
943 455 969 521 Α
983 456 1038 510 ieet
1050 467 1096 510 eos
1109 453 1241 510 Dominus
1254 453 1323 510 deut
1336 469 1439 526 cpnum
1465 453 1496 511 in
1509 454 1636 526 spuma.
1652 451 1708 513 Pro
1722 453 1810 512 domo

104 541 284 602 sodomitiis
297 543 423 613 affimant
448 559 562 616 corpora
588 546 682 600 suain
710 545 869 617 semetipsis,
885 544 934 616 qui
987 537 1023 595 ὢν
1035 542 1065 597 in
1078 543 1187 614 quibus
1196 543 1264 598 dam
1272 544 1498 616 exemplaribus,
1510 544 1673 601 etmaxims
1681 544 1712 600 in
1721 545 1812 602 Theo·

105 635 344 690 commutaverunt
353 633 493 689 veritatem
504 634 560 689 Dei
574 635 603 688 iu
613 634 796 695 mendacium,
807 641 833 689 et
846 632 934 689 cotue·
987 629 1103 686 datione
1110 629 1318 704 legiturdomus
1326 632 1813 707 iniqnitatis,quoditquilaetsym-

104 726 174 779 runt
188 725 215 776 et
228 722 534 791 semieruntcreaturoe,
545 724 636 793 petiae
650 739 734 794 quam
747 726 875 790 creatori,
886 721 934 794 qui
988 719 1111 775 machus
1126 719 1308 792 interpretati
1321 725 1390 776 sunt
1399 721 1520 777 domum
1536 717 1706 798 ἀνωφελοῦς,
1717 723 1746 778 id
1758 727 1813 790 cst,

104 817 147 868 ast
162 809 316 866 benedictus
328 811 359 864 in
372 811 483 865 iacula.
509 811 603 866 Amen.
621 811 656 868 Ut
680 815 777 867 autem
792 809 933 880 sciamus,
988 808 1127 876 inutilem,
1142 825 1205 880 qua
1217 807 1289 864 nihil
1301 809 1403 881 prosit,
1415 812 1443 865 et
1457 808 1514 866 alio
1524 811 1609 867 verbo
1624 810 1729 868 idolum
1739 828 1815 868 nun-

102 897 933 972 vieitationemquasivulneratorumatlanguentiumideo
988 900 1121 968 cupetur.
1138 897 1301 953 dstantem
1318 897 1431 953 uertet:
1448 901 1550 971 etqua
1565 900 1816 971 priusvocebatur

103 985 208 1044 inferri
223 1002 241 1042 a
258 986 327 1052 Deo,
344 989 377 1041 ut
391 986 480 1042 veluti
493 987 622 1044 cauterio
635 993 664 1043 et
676 986 871 1044 amarissimis
886 1003 934 1058 po·
988 984 1083 1041 minus
1098 987 1158 1055 Dei,
1174 989 1331 1058 postquam
1357 986 1440 1043 vituli
1455 987 1485 1043 in
1515 1004 1550 1044 ea
1564 987 1650 1061 positi
1666 993 1746 1056 sunt,
1763 994 1815 1046 44

102 1073 237 1133 tionibus
246 1074 302 1131 reci
307 1075 389 1146 piant
397 1075 564 1144 sanitatem,
575 1080 604 1132 et
615 1077 862 1146 morbiscareant,
872 1091 935 1147 per·
989 1072 1135 1146 appellata
1148 1079 1192 1131 est
1206 1075 1356 1144 Betbaven,
1372 1075 1401 1131 id
1419 1080 1473 1142 est,
1488 1076 1583 1132 mmsis
1597 1078 1716 1149 inutilis,
1729 1081 1755 1135 et
1764 1079 1815 1135 do·

102 1163 280 1239 prophetam
289 1161 458 1235 loquentem
468 1164 624 1220 audiamus
634 1165 789 1221 Dominum
799 1182 806 1220 :
817 1164 934 1219 Visitaba
986 1178 1049 1216 mais
1063 1161 1141 1233 idoli,
1154 1164 1232 1236 quod
1248 1180 1302 1219 nos
1316 1167 1348 1218 ut
1360 1163 1390 1219 in
1406 1163 1524 1220 Hebrao
1549 1163 1657 1238 legitur
1670 1167 1813 1238 expressi·

101 1255 138 1309 iu
150 1254 230 1323 virpa
240 1252 400 1322 iniquitates
410 1268 514 1320 eoram,
526 1259 551 1308 et
560 1255 591 1308 in
604 1252 759 1308 verteribus
767 1261 883 1325 peecata
893 1267 935 1307 ec·
988 1266 1065 1305 mus.
1081 1250 1203 1307 Videtur
1214 1256 1312 1308 autem
1328 1250 1402 1308 mibi
1416 1251 1524 1308 idcirco
1540 1257 1568 1308 st
1582 1252 1710 1326 populus
1723 1253 1813 1312 Israel

101 1357 193 1398 rum:
208 1340 427 1396 misericordiam
440 1349 533 1397 eutem
552 1358 644 1397 meam
658 1358 715 1398 nou
729 1342 887 1413 dispergam
900 1339 935 1395 ab
988 1337 1018 1394 in
1035 1338 1193 1396 solitudine
1208 1339 1310 1397 iecisse
1325 1340 1381 1396 sibi
1396 1346 1484 1413 caput
1493 1341 1588 1413 vituli,
1605 1343 1683 1413 quod
1693 1330 1812 1414 coleret,

102 1446 138 1487 aa
153 1430 209 1501 (Pe.
226 1445 358 1494 cmxviii,
374 1430 419 1500 33,
434 1429 489 1499 3l).
515 1429 570 1494 Qui
599 1429 688 1503 igitur
702 1435 828 1496 amatur,
845 1427 934 1484 corri-
987 1429 1017 1483 et
1026 1427 1179 1484 Jeroboam
1191 1428 1268 1485 filius
1279 1428 1392 1485 Nabath
1402 1428 1509 1486 vitulos
1522 1445 1625 1487 aureos
1640 1430 1810 1500 fabricatus,

100 1516 203 1592 pitur:
221 1517 273 1589 qul
288 1516 460 1590 negligitur,
472 1517 534 1573 suis
545 1517 671 1589 peccatis
681 1517 849 1574 dimittitur.
862 1517 936 1571 Tan·
989 1519 1022 1571 ut
1032 1517 1109 1588 quod
1121 1517 1151 1572 in
1161 1517 1282 1590 AEgypto
1293 1517 1455 1574 didicerant
1465 1512 1527 1572 linis
1538 1521 1568 1574 at
1580 1520 1682 1590 posim,
1694 1518 1745 1591 qui
1756 1518 1812 1575 sub

98 1621 213 1680 tueque
221 1605 277 1661 tuit
286 1607 480 1678 numerusta)
490 1606 699 1663 fornicatorum
711 1605 852 1669 Israel,·ut
859 1607 936 1660 essct
989 1603 1084 1676 ligura
1098 1605 1185 1661 boum
1202 1604 1346 1675 coluntur,
1362 1621 1426 1662 cess
1436 1606 1515 1673 deos,
1530 1605 1584 1662 boc
1599 1606 1630 1662 iii
1645 1623 1699 1663 sua
1713 1623 1814 1680 super·

99 1693 189 1763 ultio,
205 1695 367 1767 desperans
378 1694 623 1751 emendationem.
640 1697 691 1752 48
701 1696 776 1760 Quid
787 1696 865 1751 enim
877 1699 936 1751 tur
990 1691 1107 1749 stitione
1122 1698 1281 1750 servarent.
1311 1693 1450 1750 Dicamus
1478 1711 1597 1751 sensum
1628 1694 1766 1768 capituli:
1782 1695 1815 1752 Si

99 1781 172 1856 pius
182 1798 272 1854 quam
282 1781 361 1838 viros
371 1781 557 1838 meretricum
569 1782 660 1839 cultui
671 1782 812 1855 copulari,
823 1787 852 1839 et
863 1800 931 1839 cum
991 1781 1093 1849 semel,
1109 1799 1125 1838 o
1141 1783 1239 1848 lsrael,
1254 1798 1352 1839 errore
1366 1783 1506 1855 deceptus
1526 1797 1567 1851 es,
1584 1787 1613 1840 et
1627 1786 1655 1840 ts
1670 1799 1737 1840 oum
1751 1798 1817 1858 meq

100 1963 203 2016 autem
222 1957 340 2030 jungit:
364 1959 485 2030 papulus
511 1973 567 2015 non
596 1960 751 2029 intellipens
778 1961 930 2032 vapulabit,
986 1959 1159 2034 impleverit]
1176 1960 1356 2016 manumvel
1377 1977 1463 2018 suam
1489 1961 1533 2018 vel
1562 1959 1649 2035 regis,
1665 1961 1814 2018 offerendo

75 2064 157 2122 ,pro
187 2061 245 2119 quo
274 2047 468 2120 Septuaginta
496 2047 730 2105 transtulerunt:
757 2050 791 2106 tr
816 2051 932 2123 populus
987 2047 1040 2123 [it.
1058 2049 1216 2121 afferendo]
1230 2053 1259 2104 et
1273 2048 1370 2105 dando
1385 2049 1411 2104 si
1428 2064 1560 2115 munera,
1577 2049 1713 2105 sacerdos
1730 2048 1814 2106 tieret

99 2136 143 2208 (c)
153 2151 209 2192 nou
220 2135 381 2204 intettipem
391 2135 549 2192 aduaeretat
559 2139 708 2204 meretrici,
720 2138 775 2195 hoc
786 2138 933 2212 significat
985 2137 1185 2194 excelsorum:
1202 2137 1307 2194 saltem
1323 2141 1367 2206 tu,
1383 2137 1399 2193 J
1403 2138 1470 2205 uda,
1487 2137 1538 2210 qui
1549 2137 1683 2209 possides
1696 2137 1814 2195 Jerusa-

101 2223 184 2296 quod
197 2221 316 2295 vapulet
343 2221 373 2278 in
388 2223 565 2294 captivitate,
595 2229 623 2281 et
637 2225 760 2282 diversis
788 2226 933 2282 afficiatur
985 2224 1053 2293 lem,
1070 2225 1203 2282 etbabes
1218 2242 1252 2281 er
1278 2226 1352 2298 Lege
1380 2225 1504 2296 Levitae,
1535 2229 1694 2282 etexerces
1708 2224 1811 2299 templi

102 2311 210 2385 plagis,
225 2314 259 2368 ut
269 2327 320 2382 per
332 2309 461 2368 dolorem
475 2311 596 2385 recipiat
607 2313 805 2387 disciplinam.
820 2319 859 2370 De
871 2314 930 2370 ba·
986 2313 1184 2385 ceremonias,
1198 2329 1255 2369 non
1267 2314 1355 2371 debes
1367 2314 1476 2371 sororis
1486 2314 1636 2386 quondam
1650 2317 1707 2370 tus
1723 2313 1813 2372 ontis

100 2398 309 2457 reticissacilis
339 2399 532 2473 intelligentia
559 2405 613 2469 est,
644 2403 722 2474 quod
751 2401 804 2457 ulii
828 2418 929 2458 eorum
984 2401 1015 2458 in
1030 2401 1223 2458 fornicatione
1233 2401 1365 2473 exempla
1379 2402 1496 2471 sectari,
1510 2407 1538 2458 et
1552 2419 1620 2458 cum
1635 2401 1671 2475 (a)
1687 2416 1721 2458 ea
1734 2401 1813 2459 idola

98 2488 293 2555 ruminentur,
307 2492 337 2544 et
350 2505 475 2560 sponsa,
499 2490 528 2545 id
546 2493 600 2561 est,
630 2491 735 2547 animis
751 2507 824 2562 quas
838 2489 869 2545 in
884 2507 929 2547 cr·
984 2490 1088 2548 colere.
1104 2491 1168 2547 Non
1183 2490 1358 2563 ingrediaris
1374 2490 1504 2564 Galgals,
1520 2490 1556 2547 dc
1575 2489 1678 2562 quain
1693 2489 1811 2546 hocco-

98 2594 167 2635 rore
181 2580 357 2651 genuerunt,
374 2582 403 2633 et
418 2577 480 2634 suis
496 2579 686 2652 dogmatibus
701 2580 928 2652 desponsarunt.
985 2579 1052 2636 dem
1067 2577 1363 2651 prophetalegimus:
1381 2578 1476 2635 Omnis
1485 2579 1739 2635 matitiaeurumin
1749 2575 1814 2635 eat-

98 2665 274 2723 lstiusmodi
288 2664 402 2738 indigni
417 2670 487 2722 sunt
507 2667 690 2740 correptione
706 2668 753 2724 liei
767 2685 773 2722 :
788 2667 928 2739 quoniam
984 2669 1060 2742 palis
1073 2666 1150 2736 (Osee
1163 2685 1202 2735 ιιι,
1215 2667 1304 2740 l5),in
1320 2684 1379 2740 qua
1391 2666 1460 2724 Saul
1473 2672 1580 2724 unctus
1594 2670 1639 2724 est
1648 2666 1679 2722 in
1694 2681 1811 2740 regem:

99 2754 200 2811 clunis
215 2769 316 2810 eorum
332 2752 428 2809 cultus
444 2754 596 2812 fornicatio
611 2761 665 2822 cst,
680 2760 709 2812 et
723 2761 825 2828 turpes
838 2755 930 2828 turpi·
984 2757 1015 2813 in
1031 2774 1090 2830 qua
1105 2757 1205 2813 exiens
1220 2756 1347 2830 populus
1364 2757 1399 2814 de
1414 2757 1540 2826 deserto,
1556 2757 1685 2829 primum
1701 2760 1811 2812 castra·

98 2843 158 2901 bus
173 2842 410 2909 commiscentur,
427 2846 455 2898 et
466 2848 618 2916 propterea
627 2844 818 2917 vapulabunt,
836 2843 929 2901 utali-
982 2849 1120 2913 metatus,
1138 2846 1267 2902 secunda
1289 2845 1513 2903 circumcisions
1541 2846 1813 2918 purgatueest.1tx

99 2929 926 3006 quandoperplagasintelligantquemrequirantttaum.
983 2950 1041 3007 quo
1056 2938 1187 3008 tempore
1200 2932 1350 3007 religionis
1366 2935 1503 3002 adverse,
1520 2934 1550 2989 in
1564 2934 1628 2991 loco
1642 2931 1750 2990 celebri
1767 2949 1812 2989 er·

99 3020 225 3090 Quando
240 3019 349 3076 videris
359 3024 541 3092 peccatorem
554 3021 663 3077 divitiis
674 3022 803 3088 affluere,
814 3024 928 3094 jactare
981 3039 1031 3079 ror
1044 3023 1172 3079 inolevit.
1188 3024 1224 3080 ut
1246 3039 1282 3080 ne
1315 3024 1457 3080 ascendas
1485 3023 1515 3079 in
1529 3021 1686 3094 Bethaven,
1710 3020 1739 3077 id
1755 3026 1812 3096 est,

99 3126 132 3167 se
146 3108 289 3182 potentia,
306 3109 430 3165 sanitate
457 3110 595 3182 gaudere,
625 3110 762 3167 delectari
791 3112 926 3183 conjuge,
982 3127 1046 3184 que
1063 3112 1212 3184 quondam
1235 3112 1394 3169 vocabatur
1415 3111 1525 3180 Bethel,
1555 3109 1624 3184 quia
1654 3113 1812 3184 postquam

98 3213 208 3255 corona
222 3197 398 3253 circumdari
413 3195 583 3266 liberorum,
606 3203 635 3254 et
649 3197 764 3272 impleri
778 3198 852 3256 illud
870 3198 923 3267 [it.
940 3182 962 3251 C
981 3200 1060 3257 aurei
1074 3201 1115 3257 ibi
1128 3199 1212 3256 vituli
1227 3199 1316 3273 positi
1330 3204 1402 3257 eunt
1417 3199 1590 3257 adoraboam
1609 3195 1810 3268 lllio'Nabatb,

97 3284 191 3360 aliud]
205 3285 283 3358 quod
298 3286 442 3358 scriptum
470 3291 534 3356 est;
549 3288 581 3343 lu
610 3288 701 3344 tabere
714 3289 857 3344 nominum
869 3304 925 3344 non
977 3306 1036 3347 non
1046 3295 1155 3346 Domus
1165 3289 1216 3346 Dei
1226 3288 1400 3363 appellatur,
1412 3289 1461 3346 sed
1473 3286 1673 3346 domusidoli.
1687 3287 1811 3360 Proque

97 3382 173 3442 runt,
189 3378 216 3431 et
228 3390 293 3430 eum
306 3375 462 3430 bominibus
471 3390 527 3430 nou
540 3376 754 3447 despoliabantur
763 3377 820 3448 (Pe.
838 3394 924 3448 mxii,
979 3377 1071 3434 miror
1080 3394 1134 3434 cur
1144 3377 1337 3450 Septuaginta
1347 3378 1469 3433 domum
1480 3374 1517 3430 ὣν
1530 3374 1712 3448 interpretati
1724 3378 1809 3444 sunt:

96 3461 137 3536 5),
153 3461 242 3519 dicito
268 3462 298 3518 in
327 3461 378 3517 illo
393 3461 654 3520 comminationem
684 3464 832 3537 Prophetis
860 3481 925 3522 esse
979 3465 1018 3538 (d)
1035 3466 1091 3522 nisi
1107 3465 1179 3521 t'orte
1193 3480 1290 3521 errore
1300 3469 1441 3521 consueto
1452 3481 1505 3536 pro
1518 3481 1570 3520 aon
1585 3462 1683 3519 littera
1694 3460 1802 3528 media,
1882 3534 1885 3538 Δ

98 3549 276 3623 completam
288 3568 295 3606 ε
306 3551 366 3606 Neri
377 3551 493 3608 uisitata
506 3567 588 3624 super·
597 3551 670 3622 titius
682 3557 785 3609 vestras
794 3570 856 3609 cum
866 3557 925 3626 sue·
979 3570 1043 3626 quis
1058 3571 1145 3610 suarii
1158 3557 1187 3609 et
1200 3570 1260 3610 nun
1270 3552 1374 3610 litteris
1389 3570 1424 3609 ex
1437 3557 1561 3624 utraque
1576 3555 1659 3624 parte
1668 3549 1802 3616 vallatur,

97 3641 157 3696 rint
170 3640 330 3711 sarnum,
345 3642 372 3695 et
380 3654 461 3712 super
469 3655 581 3713 sponsas
592 3649 694 3697 vestras
707 3657 770 3698 eum
783 3642 926 3699 adultera·
978 3658 1044 3708 viv,
1060 3657 1124 3713 qua
1138 3639 1201 3698 sola
1215 3641 1311 3697 differt
1326 3639 1539 3713 magnitudine,
1555 3642 1741 3712 putaverunt.
1752 3641 1804 3695 tte·

97 3729 201 3786 verint.
981 3746 1032 3804 que
1041 3731 1213 3802 juraveritis,
1229 3729 1298 3785 vivit
1312 3729 1452 3785 dominiis.
1464 3727 1536 3787 Nolo
1550 3727 1629 3785 enim
1640 3742 1692 3801 per
1707 3742 1740 3782 os
1755 3740 1803 3780 ve-

139 3816 234 3890 (Vsrs.
252 3818 296 3885 15,
312 3815 370 3887 lb.)
385 3817 415 3873 Si
428 3819 575 3889 fornicaris
597 3826 637 3885 tu,
653 3819 753 3890 lsrael,
767 3834 823 3876 non
836 3818 925 3875 deliu-
981 3823 1076 3875 strum
1087 3817 1215 3873 nominis
1226 3817 1283 3873 mei
1294 3817 1357 3872 sieri
1370 3816 1558 3886 mentionem,
1569 3815 1647 3888 quod
1658 3813 1804 3871 idolorum

101 3914 167 3981 quat
180 3906 276 3963 saitem
290 3906 372 3970 tuda,
387 3912 413 3961 et
426 3907 511 3964 notite
538 3908 646 3979 inpredi
669 3910 699 3964 in
713 3907 838 3978 Gatpuia,
854 3917 880 3964 et
893 3925 928 3965 ne
981 3905 1181 3963 recordatione
1196 3903 1341 3977 pollutum
1356 3907 1411 3961 est.
1431 3903 1512 3961 Sicut
1528 3903 1607 3961 enim
1621 3919 1709 3960 vacca
1722 3900 1806 3958 lasci-

97 3997 276 4053 aseenderitis
292 3997 322 4050 iu
336 3996 481 4065 bethaven,
510 4012 597 4068 iiepue
607 3998 780 4068 juraveritis,
797 3998 865 4054 vivit
878 3999 928 4054 llo·
949 4038 956 4049 ,
981 3995 1064 4051 viens
1079 3997 1107 4051 ct
1121 3993 1264 4067 abjiciens
1274 3994 1399 4066 jugum:
1416 3994 1457 4050 ita
1472 3992 1573 4060 lsrael,
1589 3993 1618 4049 id
1633 3995 1689 4060 est,
1704 3991 1805 4047 decem

97 4086 204 4152 minus,
222 4085 352 4157 quoniam
366 4086 436 4139 sicut
451 4102 533 4141 vacca
559 4086 704 4142 lasciviens
726 4087 874 4142 declinavit
889 4088 927 4143 ls-
981 4083 1086 4153 tribus,
1097 4082 1252 4139 declinavit
1262 4099 1280 4138 a
1292 4082 1405 4139 Domini
1416 4081 1565 4139 servitute.
1576 4081 1630 4138 Pro
1641 4078 1807 4137 lasciviente

104 4174 173 4230 raet.
190 4174 267 4230 Nunc
291 4181 385 4246 pascet
412 4174 466 4246 [At.
492 4176 590 4246 puscit]
617 4189 661 4231 ecs
688 4176 820 4232 Dominus
847 4177 928 4248 quasi
981 4171 1274 4246 vacca,Septuaginta
1289 4171 1806 4245 transtuleruntnupciarpioaav,qus

95 4278 200 4335 mnam
214 4262 244 4319 in
258 4260 417 4317 latitudine.
430 4262 524 4320 LXX:
540 4264 839 4334 Tuautem,1sraet‚ne
852 4266 928 4334 ipoc-
982 4265 1081 4330 aestro,
1097 4259 1235 4334 asyloque
1249 4275 1389 4331 percussa
1402 4260 1452 4331 sit,
1471 4275 1559 4332 quem
1574 4256 1661 4330 vulgo
1676 4256 1808 4313 taturmm

95 4366 149 4424 rer,
166 4351 293 4418 etiudu,
307 4351 395 4406 notite
412 4351 526 4421 inpredt
539 4353 570 4407 in
585 4351 709 4422 Gatpata,
728 4352 928 4409 neaseeudatis
982 4354 1095 4407 vocant.
1111 4352 1149 4406 lle
1164 4366 1222 4421 quo
1237 4353 1266 4405 et
1279 4350 1328 4408 Ab
1345 4348 1484 4422 Virgilius
1507 4347 1537 4403 in
1552 4346 1638 4404 tertio
1652 4343 1805 4418 Georgico·
1861 4419 1868 4431 ι

94 4442 125 4497 in
140 4441 252 4498 domum
269 4435 318 4509 ὢν,
333 4449 361 4496 et
373 4456 408 4496 ue
416 4441 529 4512 juretis,
552 4442 622 4496 vivit
635 4440 784 4497 dominus:
798 4443 928 4514 quoniam
982 4456 1049 4497 run:
1064 4439 1139 4496 libro
1155 4438 1260 4496 refert:
1640 4499 1641 4502 Ἴ

103 4530 175 4587 suut
186 4544 269 4586 vacca
287 4529 364 4601 asylo
376 4544 508 4600 percussa
523 4530 657 4586 insanivit
672 4529 768 4585 lsrael.
783 4530 860 4586 Nunc
872 4546 925 4601 pa·
940 4547 965 4614 D
1291 4567 1350 4584 ......
1364 4533 1413 4584 Cui
1429 4545 1528 4584 noman
1542 4531 1617 4593 asilo,

131 4689 175 4763 (a)
186 4689 250 4746 Duo
258 4687 392 4757 Palatini,
401 4704 535 4744 numerus
541 4687 779 4760 fornicantiumin
789 4686 925 4756 lsraetut
976 4686 1068 4772 levior
1078 4687 1110 4770 in
1126 4702 1160 4742 ea
1176 4702 1211 4742 su
1225 4689 1295 4767 'erat
1310 4683 1479 4750 difficultas,
1495 4683 1546 4755 qui
1558 4682 1707 4766 potuerint
1722 4679 1804 4747 LXX,

95 4761 163 4818 attic
177 4761 301 4832 desperet
314 4760 543 4816 emendationem.
978 4775 1003 4815 si
1014 4758 1064 4830 yod
1076 4763 1201 4814 interme
1223 4773 1285 4812 ium
1299 4759 1487 4828 putaverunt,
1502 4765 1561 4842 pu,
1577 4770 1634 4811 non
1649 4770 1681 4809 in
1696 4755 1804 4819 auten,

131 4850 169 4923 (t)
179 4849 234 4905 Hic
242 4848 351 4904 iterum
362 4849 452 4903 nostri
464 4865 549 4915 mss,
557 4847 682 4919 negandi
693 4845 867 4919 particulam
879 4863 922 4902 re·
978 4847 1029 4903 sed
1040 4863 1073 4903 on
1085 4844 1284 4918 pronuntiare.
1295 4845 1482 4900 Manifestum
1494 4859 1580 4915 porro
1590 4842 1673 4898 estin
1683 4841 1804 4897 liebrieo

98 4924 219 4994 spuunt.
233 4920 310 4976 Tum
324 4918 436 4991 tegunt,
453 4919 642 4991 pucdvoputet
656 4919 741 4997 lsrael
756 4920 923 4990 captivitate,
978 4934 1036 4974 non
1052 4921 1086 4973 ut
1110 4917 1158 4972 hic
1184 4917 1300 4972 Hieron.
1316 4915 1453 4988 opinatur
1515 4931 1530 4970 r
1539 4914 1600 4986 jad,
1616 4913 1667 4969 sed
1684 4928 1735 4985 per
1748 4928 1803 4968 vau

100 4996 144 5049 etc
978 4988 1066 5045 scribi
1083 4997 1141 5074 put,
1158 5004 1222 5060 qua
1238 4992 1330 5044 voret
1343 4987 1417 5043 luen
1429 4959 1462 5042 st’
1491 4991 1567 5042 unat
1580 4986 1621 5042 On
1630 4983 1687 5057 legi
1697 4986 1803 5056 potest,

133 5036 168 5137 (i)
185 5061 218 5118 ¹¹¹
231 5060 428 5160 idisti-¹¹¹5,
441 5070 468 5117 ⁶⁸
481 5078 544 5116 itm
555 5062 612 5156 ⁰00¹
623 5059 696 5116 idtlfl
711 5060 807 5157 witti·
905 5146 910 5156 ε
978 5074 1287 5160 sicqueestprolubito
1294 5076 1330 5131 ab
1339 5070 1806 5158 antiquisinterprctibusreddita

111 5221 117 5232 ι
132 5147 310 5277 Sdlbabihic
317 5151 526 5228 Hieronymum
536 5146 926 5228 manifestopditoresetcri-
979 5149 1055 5213 Quin
1070 5165 1133 5221 ipse
1147 5147 1177 5203 S.
1195 5150 1298 5203 Doctor
1312 5146 1446 5227 hoclipso
1460 5161 1491 5200 in
1515 5143 1579 5201 loco
1594 5161 1645 5217 per
1657 5161 1711 5200 vau
1724 5143 1804 5230 legit,

96 5224 268 5364 ttius
281 5220 517 5371 „teuteus
533 5215 926 5378 {tltmbttilutbtli
979 5213 1807 5371 titutuiiitiutstuuninevitarum

95 5378 130 5419 su
153 5362 338 5435 petiaeierat
387 5362 520 5431 ictorius,
550 5377 580 5442 in
609 5364 925 5442 contrariumscnsum
979 5378 1085 5434 magis,
1102 5361 1157 5416 dici
1173 5360 1209 5415 ali
1223 5364 1413 5441 eoupotuisee,
1439 5358 1516 5441 axx,
1541 5363 1574 5414 ut
1590 5363 1635 5440 'tto
1650 5359 1804 5440 verterent,

93 5437 122 5491 8.
133 5379 268 5490 ssoctoris
278 5437 387 5488 textum
403 5437 506 5499 mutat,
520 5434 578 5487 nisi
589 5447 637 5500 pro
648 5447 702 5486 vau
715 5431 810 5485 littera
820 5431 924 5497 niedia,
978 5449 1033 5488 vau
1048 5449 1099 5504 pro
1109 5431 1158 5503 jod
1173 5446 1329 5504 accepisse.
1341 5429 1455 5501 Alioqui
1471 5445 1549 5485 enini
1566 5444 1627 5484 scio
1642 5433 1671 5484 et
1681 5428 1806 5484 Bettaun

169 5503 257 5576 aleph
271 5509 298 5559 et
313 5520 373 5559 nun
389 5504 536 5559 titterireu
564 5507 679 5574 meaque
697 5503 924 5571 parteuattctum
979 5504 1116 5560 aGracis
1131 5502 1250 5585 lectum,
1267 5501 1343 5582 quod
1362 5501 1530 5582 Bonirerius
1545 5501 1582 5556 ad
1595 5499 1704 5555 librum
1718 5499 1805 5556 Loco·

94 5521 156 5650 fiiri,
172 5573 411 5649 puaeeotadittert
423 5573 623 5645 caecitudines,
632 5576 809 5646 putaverunt.
821 5573 927 5638 Quam·
980 5591 1045 5631 rum
1062 5574 1191 5644 Eusebn,
1207 5589 1266 5631 sive
1283 5573 1449 5646 Hieronymi
1464 5575 1554 5629 notat.

97 5663 189 5722 qum
204 5662 259 5706 nec
273 5646 359 5705 bonis
373 5662 405 5704 ss
419 5645 545 5705 testibus
570 5645 632 5707 hac
647 5648 747 5702 tuetur
760 5643 856 5714 lectio,
874 5659 926 5701 nec
