3818 6104
123 376 126 381 -
138 322 202 396 its

762 335 796 399 S.
818 332 1217 403 suspensissimum

1777 318 1839 392 us

140 467 233 538 tibus,
250 466 375 526 sentires
384 467 564 525 calamitates
573 471 650 525 tuas.
662 469 871 543 Quodquidem
886 475 914 526 et
924 472 959 526 nd
973 473 1000 539 Α
1016 475 1070 539 est,
1087 472 1172 527 tertia
1187 475 1216 527 et
1231 468 1366 527 sublimis
1381 482 1522 541 sacraque
1536 459 1835 539 intelligentia,juxta

141 571 258 616 omnem
270 558 398 614 animam
409 557 605 615 Christianam
613 557 713 616 referri
721 564 826 631 potest,
838 577 900 632 que
911 560 960 616 de·

142 651 220 706 serto
236 647 316 703 cultu
329 646 389 715 Dei,
400 646 528 715 vitiisse,
540 646 767 719 (ailaxurieque
780 649 922 720 permisit,
933 651 963 705 et

142 735 309 794 secularem
324 736 579 802 secularitam,ne
590 737 619 791 in
635 737 793 809 ecquidem
806 738 864 810 egit
875 738 962 794 lalisi-

140 828 195 897 tsr‚
212 825 263 882 sed
276 828 304 881 et
318 824 436 882 divitias
450 824 599 898 religionis
613 826 748 899 perdidit,
765 831 794 883 et
803 827 906 883 mundi
918 828 961 884 di·

140 913 227 971 vitias
242 931 301 971 non
317 914 446 987 accepit:
463 930 517 970 nec
532 915 561 970 in
572 915 789 984 constupranda
800 932 835 971 ea
846 916 901 971 luit
912 914 961 971 ali-

140 1001 378 1076 quadifflcultas,
388 1003 439 1059 sed
448 1002 513 1075 ipsa
524 1020 555 1060 se
566 1004 689 1076 ingessit
699 1005 959 1061 amatoribussuis.

140 1091 192 1148 llst
207 1095 305 1148 autem
320 1096 350 1148 et
363 1091 420 1147 alia
434 1091 584 1148 fornicatio
601 1091 772 1165 spiritualis,
785 1094 903 1165 quando
914 1094 962 1150 de·

141 1184 274 1240 serentes
294 1180 467 1250 Ecclesiam,
491 1181 635 1238 hereticis
657 1181 822 1254 Jungimur,
845 1188 874 1238 et
893 1182 960 1237 edi-

141 1269 266 1327 fleamus
279 1269 404 1343 lupanar
416 1274 552 1327 nostrum
562 1270 591 1324 in
607 1270 699 1342 capite
714 1271 811 1327 omnis
823 1270 884 1341 vie,
894 1271 961 1344 qui-

142 1358 199 1416 bus
218 1359 350 1432 precipit
365 1376 460 1415 sermo
475 1358 610 1415 divinas:
630 1363 706 1416 State
720 1361 748 1415 in
770 1362 834 1431 viis,
848 1365 874 1417 et
888 1377 961 1432 que·

1015 558 1087 616 illud
1112 560 1244 630 ejusdam
1259 559 1337 614 m
1360 557 1508 629 Apostoli:
1535 558 1685 628 Propterea
1700 553 1834 626 rectique

1015 648 1093 704 bomo
1105 656 1211 719 patrem
1224 656 1250 704 et
1263 655 1389 714 matrem,
1405 655 1430 702 et
1444 646 1592 702 adterebit
1601 645 1686 700 acori
1699 657 1768 701 sue.
1786 641 1838 698 Sa·

1014 741 1186 792 earnentum
1201 737 1249 792 boc
1262 752 1393 806 moenum
1407 742 1455 791 est.
1464 735 1520 803 sno
1534 736 1624 790 auem
1642 732 1703 788 dico
1716 732 1746 787 in
1757 731 1839 787 ctri-

1014 829 1065 892 ste,
1080 828 1106 880 et
1130 827 1160 880 in
1174 826 1294 881 Ecclesia
1317 825 1435 896 (pres.
1451 840 1479 891 v,
1501 823 1546 888 3l,
1562 822 1619 894 32).
1644 819 1721 876 Filie
1736 822 1837 875 autem

1015 917 1086 970 sunt
1098 912 1230 970 Dorlesie
1247 910 1619 979 fornicantis,credentium
1635 909 1729 981 prius,
1746 911 1836 979 etpo-

1015 1007 1078 1059 stea
1088 1004 1275 1076 deceptorum
1286 1002 1316 1058 in
1326 1001 1429 1058 heresi
1440 1000 1555 1070 anime,
1563 995 1786 1070 quarumculpa
1796 1012 1839 1052 re

1015 1091 1107 1147 fertur
1122 1092 1157 1147 ad
1173 1096 1308 1148 matrem.

1051 1179 1142 1251 (Vers.
1158 1181 1193 1234 32
1208 1178 1302 1251 seqq.)
1320 1178 1374 1235 Sed
1393 1179 1474 1250 qnasi
1491 1178 1593 1233 mulier
1615 1174 1756 1242 adulera,
1778 1190 1841 1246 quac

1014 1282 1096 1338 super
1109 1269 1202 1322 viram
1210 1284 1292 1322 suum
1302 1266 1410 1322 inducit
1419 1266 1533 1321 alienos.
1547 1265 1678 1321 Omnibus
1685 1265 1841 1321 meretrici-

1016 1355 1065 1410 bus
1079 1355 1183 1411 dentur
1193 1355 1327 1412 mercedes
1337 1375 1344 1411 :
1356 1363 1385 1411 tu
1395 1362 1489 1410 autem
1499 1353 1600 1411 dedisti
1611 1353 1839 1409 mercedescunc·

140 1449 195 1504 rite
208 1449 319 1504 semitas
331 1449 442 1504 Domini
454 1449 644 1521 sempiternas,
660 1458 685 1505 et
694 1448 781 1506 videte
794 1467 853 1521 que
867 1451 903 1506 sit
915 1452 962 1505 uia
1015 1445 1050 1499 tis
1065 1445 1235 1501 amatoribus
1251 1447 1316 1516 tais,
1332 1452 1359 1500 et
1369 1443 1491 1500 domums
1505 1445 1546 1499 eis
1564 1449 1597 1499 ut
1612 1444 1750 1498 intrarent
1765 1441 1802 1497 ad
1818 1448 1841 1500 e

142 1537 212 1594 bons
221 1543 248 1592 et
260 1535 402 1592 ambulate
415 1538 446 1592 in
459 1552 493 1592 ea
511 1537 624 1609 (ierem.
639 1556 677 1609 vi,
692 1539 748 1612 te),
773 1538 864 1612 Moysi
883 1539 960 1595 vida·
1015 1533 1135 1606 undique
1149 1533 1184 1589 ad
1198 1533 1393 1605 fornicandum
1408 1536 1506 1589 tecam.
1527 1535 1695 1603 Factumque
1708 1538 1748 1587 est
1768 1532 1800 1586 in
1813 1532 1842 1586 te

141 1623 220 1693 lieet,
236 1624 317 1696 lesu,
331 1624 470 1681 iudicum
490 1631 519 1683 et
533 1627 644 1698 Regum
668 1626 762 1693 libris,
788 1628 921 1701 lsaiaque
933 1631 962 1685 et
1015 1623 1496 1680 contraconsuetadinemmutierum
1504 1623 1533 1678 in
1542 1620 1776 1692 remeationem
1783 1621 1841 1677 tuis

140 1712 277 1779 Jaremia,
294 1716 323 1768 et
337 1712 402 1769 aliis
426 1714 585 1786 prophetis.
603 1717 679 1772 112
705 1715 737 1772 ln
752 1717 889 1773 omnibus
904 1717 962 1773 via·
1015 1714 1113 1783 etpost
1129 1716 1222 1768 tenen
1236 1714 1288 1768 erit
1301 1713 1456 1782 fornicatio.
1472 1712 1504 1765 ln
1519 1708 1726 1780 etenimquod
1739 1707 1843 1766 decen

141 1816 208 1858 rum
223 1801 542 1875 principiisiabriontur
550 1802 779 1876 lupanarsuum‚
792 1804 842 1877 qui
853 1806 888 1861 ad
901 1822 962 1878 per-
976 1848 1000 1913 B
1016 1799 1160 1871 mercedes,
1176 1810 1203 1857 et
1219 1801 1351 1857 mercedes
1364 1817 1422 1855 non
1437 1801 1585 1871 accepisti:
1600 1800 1706 1869 {actam
1715 1799 1801 1854 estin
1813 1800 1840 1854 te

123 1885 310 1948 'versitatem
344 1891 495 1958 doctrine,
519 1893 696 1949 testimoniis
723 1893 799 1950 male
831 1894 963 1951 abutitur
1015 1889 1304 1944 centrariumbltX:
1322 1890 1424 1946 Mulier
1441 1888 1568 1944 aduiicrc
1591 1886 1841 1952 &insilistis-‘⁰

141 1978 361 2053 Scripturarum
381 1985 410 2037 at
429 1981 518 2037 dicit:
544 1983 609 2038 llec
631 1983 671 2039 ait
686 1983 791 2040 lsaias:
816 1984 877 2040 hec
891 1983 962 2039 dicit
1014 1978 1133 2034 virosae
1148 1980 1284 2050 accipiens
1295 1977 1446 2034 mercedes:
1463 1977 1648 2048 omnibusqui
1661 1974 1842 2046 pumicaban-

141 2066 232 2125 Osee:
247 2067 309 2124 bec
321 2067 436 2125 locutus
450 2073 495 2126 est
509 2073 639 2144 Moyses:
656 2072 716 2127 heo
730 2071 843 2128 Daniel.
855 2073 890 2128 et
899 2072 962 2144 pul·
1014 2073 1064 2122 tur
1076 2082 1142 2123 cum
1157 2084 1194 2124 ea
1208 2069 1293 2124 anam
1305 2069 1463 2124 mercedes:
1480 2072 1507 2123 et
1523 2071 1553 2121 te
1566 2065 1678 2122 dedisti
1692 2065 1841 2122 mercedes

140 2157 210 2214 chre
225 2173 283 2214 nan
297 2158 328 2213 in
339 2158 444 2215 mediis
458 2158 524 2226 viis,
537 2177 590 2216 nec
603 2160 755 2217 inviarum
765 2161 899 2217 terminis
910 2178 961 2234 po·
1014 2158 1127 2213 cunctis
1141 2160 1320 2213 amatoribus
1326 2158 1392 2227 tuis,
1400 2165 1426 2212 et
1436 2154 1697 2212 onerabositiosut
1706 2155 1840 2210 renent

25 2322 35 2335 ,
86 2323 89 2328 ι
141 2246 186 2304 nit
207 2245 333 2319 lupanar
357 2264 456 2315 suum,
472 2248 522 2305 sed
548 2248 579 2305 in
595 2250 747 2324 principio.
773 2251 802 2305 si
824 2250 902 2307 enim
924 2251 960 2306 ad
1015 2244 1320 2318 ceremonensem
1330 2246 1625 2316 infornicationetua.
1635 2245 1840 2314 Etpastumcst

141 2335 345 2404 scientiamet
355 2337 797 2410 prolundsdivinorumvenerit
806 2339 960 2409 librorum,
1016 2333 1046 2392 in
1057 2346 1084 2393 te
1094 2353 1261 2408 perversum
1272 2333 1559 2393 contramulieresin
1568 2333 1766 2404 [crematione
1776 2340 1839 2398 tua,

140 2440 237 2482 errare
251 2441 309 2480 non
333 2426 447 2498 poterit.
470 2426 623 2484 Excelsum
643 2444 759 2501 quoque
786 2446 885 2497 suum,
902 2429 962 2485 sive
1020 2432 1119 2497 etpost
1134 2425 1458 2499 tenonsuntlorniratse
1470 2422 1838 2496 :incoqueddoresmerce-

140 2512 248 2582 basim,
264 2513 332 2570 facit
348 2515 378 2570 in
393 2515 474 2571 omni
489 2514 595 2588 platea,
606 2517 796 2574 Dthnicorum
811 2534 852 2591 se,
867 2523 895 2575 et
909 2519 963 2574 im·
1015 2518 1072 2588 des,
1089 2522 1117 2571 et
1131 2516 1274 2572 mercedes
1283 2519 1411 2571 nonsunt
1422 2513 1570 2570 datetitn':
1586 2517 1613 2568 et
1626 2512 1740 2585 sactum
1754 2514 1797 2565 est
1808 2509 1839 2565 ia

141 2600 259 2675 piorum
274 2601 399 2658 lascivis
421 2602 559 2675 vitiisque
574 2605 757 2675 permittens,
782 2605 871 2660 etiam
887 2605 963 2662 inter
1016 2616 1043 2664 te
1050 2604 1372 2676 perversumilnoquod
1381 2603 1410 2659 iu
1420 2602 1489 2658 LXX
1501 2619 1507 2658 :
1518 2601 1659 2673 scriptum
1666 2596 1839 2665 estsimilis

142 2690 222 2764 ipsos
237 2690 389 2748 hereticos
410 2708 477 2747 cum
494 2693 530 2748 ab
554 2692 596 2749 eis
616 2694 703 2749 suerit
724 2694 887 2765 deturpata,
903 2711 961 2750 non
1017 2698 1069 2763 tui,
1085 2695 1116 2750 in
1131 2694 1271 2751 Hebraico
1284 2691 1483 2760 nonhabetur,
1495 2695 1524 2746 et
1537 2687 1671 2746 lectionis
1682 2687 1840 2743 conturbat

141 2777 254 2835 habens
269 2778 404 2851 gratiam,
421 2780 471 2836 sed
483 2786 586 2852 patens
597 2782 786 2854 contemptui,
799 2783 869 2854 quia
879 2783 962 2840 laeile
1017 2784 1161 2849 ordinem,
1177 2788 1205 2839 et
1220 2782 1288 2838 iacit
1302 2798 1360 2837 non
1383 2780 1537 2836 minimam
1553 2777 1757 2851 questionem,
1775 2791 1840 2850 que

143 2865 321 2940 preteritam
337 2868 405 2923 fidei
432 2868 560 2941 perdidit
584 2870 757 2926 castitatem.
783 2871 842 2927 Hoc
864 2875 962 2928 autem
1017 2864 1841 2943 mulier,cujussimilissit:semlerusalemipsamulier

143 2955 222 3027 quod
238 2955 283 3028 (ut
294 2973 385 3029 supra
399 2956 539 3029 diximus)
550 2957 580 3014 in
591 2957 730 3015 Hebraico
745 2977 803 3016 non
818 2959 960 3017 habetur:
1018 2961 1150 3019 adultera
1163 2977 1227 3017 esse
1242 2960 1365 3016 dicatur.
1375 2954 1725 3030 Tulitigiturierusalem
1741 2969 1840 3011 rerum

142 3045 294 3101 Fornicota
307 3061 336 3101 es
351 3046 497 3118 tripliciter
511 3048 542 3102 in
553 3047 664 3116 titinius
677 3048 741 3115 tais,
758 3048 817 3105 sive
831 3050 868 3105 ad
883 3049 964 3104 Jeru·
1017 3052 1149 3108 omnium
1166 3048 1388 3116 abunduntiam,
1405 3065 1464 3116 qua
1478 3047 1572 3102 iuerat
1594 3043 1648 3100 viri
1663 3041 1838 3100 liberalitate

144 3132 236 3189 salem
249 3134 335 3204 juxta
349 3133 478 3191 litteram
492 3135 610 3207 dieitur,
627 3138 705 3208 quod
721 3139 800 3193 omni
812 3154 917 3210 genere
932 3138 962 3193 in
1017 3141 1170 3210 donata,et
1180 3139 1330 3195 dediteam
1342 3136 1456 3203 alienis,
1470 3133 1653 3191 demonibus
1663 3131 1841 3189 videlicetet

143 3223 206 3277 sais
214 3222 340 3295 oppidis,
347 3226 375 3279 et
385 3223 488 3281 viculis
498 3224 637 3281 fornicata
645 3225 684 3281 sit
695 3225 838 3295 ;etnullus
848 3243 963 3283 reman-
978 3212 1000 3279 C
1019 3228 1116 3298 idolis,
1128 3228 1211 3299 juxta
1225 3226 1381 3298 illudquod
1395 3225 1539 3299 scriptum
1553 3226 1598 3278 est
1606 3221 1636 3277 in
1644 3220 1840 3278 Oseezsrtaec

144 3309 217 3366 serit
236 3311 363 3384 angulus
382 3311 427 3368 vel
440 3312 548 3386 platea,
559 3314 610 3370 ubi
626 3331 683 3371 non
698 3314 868 3371 idololatris
879 3315 964 3387 signa
1016 3334 1074 3374 non
1087 3317 1226 3388 copaouit,
1243 3317 1374 3388 quiaeqa
1386 3313 1637 3380 dedicitriticum,
1648 3318 1675 3366 et
1685 3309 1795 3376 uinum,
1812 3315 1840 3366 et

141 3399 323 3458 condiderit:
341 3401 401 3457 sive
415 3401 548 3458 Ecclesia
563 3403 808 3476 credentibusque
823 3403 961 3476 deceptis,
1015 3402 1842 3478 oteum,eearpentnrnmuttiptieauiei:ipsaueroargentea

142 3488 192 3561 qui
206 3506 264 3546 nou
280 3490 437 3546 audierunt
452 3489 525 3546 illud
541 3491 671 3563 Apostoli
687 3509 694 3547 :
718 3493 777 3564 lpse
790 3496 879 3548 autem
891 3497 963 3549 Deus
1016 3505 1044 3553 et
1058 3512 1149 3553 aureo
1158 3497 1226 3567 fecit
1240 3496 1356 3552 Baetim
1367 3493 1485 3565 (Orsen,
1495 3490 1535 3562 8.)
1546 3489 1839 3547 Uudeiratusstatim

138 3579 215 3649 pectis
227 3580 379 3650 sanctificet
394 3594 441 3635 uos
454 3582 615 3651 peram-niu,
632 3590 663 3635 ut
678 3582 907 3654 inteperspiritus
917 3597 961 3637 re·
1017 3586 1120 3642 interi:
1133 3591 1294 3657 Propterea
1321 3588 1497 3648 convertam,
1516 3580 1687 3650 etouleram
1706 3578 1840 3635 triticum

137 3669 205 3738 ster,
215 3669 242 3722 et
259 3668 367 3736 anima,
382 3677 409 3725 et
426 3685 524 3741 corpus
537 3671 597 3726 sine
607 3671 717 3741 querela
732 3673 763 3727 in
775 3670 819 3727 die
833 3672 962 3728 moereas
1015 3692 1108 3731 meum
1117 3675 1463 3746 intemporesuo,etvinam
1476 3671 1603 3725 meumin
1617 3674 1841 3739 temporassem

137 3758 253 3813 Domini
263 3759 351 3813 nostri
365 3759 427 3814 lesu
443 3758 547 3815 Christi
567 3763 694 3815 seruetur
708 3760 731 3832 (l
748 3761 834 3817 Thess.
850 3778 878 3833 v,
894 3761 959 3833 23)3
1017 3754 1765 3829 tottamaestimentomen,etlinteaminomea‚utnonio)
1778 3769 1840 3826 epe·

136 3845 277 3902 sedemui
286 3861 392 3918 genere
402 3847 535 3903 fornicati
546 3852 654 3905 suntet
664 3865 793 3922 corpore,
810 3850 960 3919 stenima,
1016 3845 1838 3926 riomultratpnominiomeiuszetnuncreaetnboimmun·

136 3935 165 3989 et
178 3932 295 4004 spiritu.
305 3933 440 4006 Legimus
455 3935 484 3990 in
492 3935 654 3993 Proverbiis
666 3955 672 3993 :
684 3938 722 4009 (b)
736 3939 962 3996 Taautemscribe
1015 3943 1185 4012 ditianrejus
1203 3944 1234 3999 in
1253 3950 1402 4010 conspectu
1422 3933 1694 4004 emotorumiliias,
1708 3941 1737 3990 ct
1754 3947 1838 3989 nem

137 4034 171 4076 ea
191 4021 348 4092 tripliciter,
364 4029 394 4078 at
417 4024 579 4095 respondens
597 4041 733 4081 sermones
757 4029 892 4094 veniatis,
913 4031 962 4100 qai
1015 4031 1394 4087 erueteamdemanumea.
1424 4028 1556 4099 Cumque
1571 4038 1672 4080 amnes
1698 4021 1840 4078 mulieres

135 4117 328 4181 proponuntur
340 4112 393 4166 tibi
404 4111 496 4182 (Pron.
517 4130 586 4180 xxn,
602 4114 648 4183 20,
659 4115 714 4187 21).
730 4116 766 4171 Et
776 4116 897 4187 iubetur
912 4135 961 4173 no-

137 4195 194 4269 bis,
210 4200 242 4253 ut
255 4195 371 4271 eloquia
385 4199 528 4266 veritatis,
538 4201 567 4257 id
582 4207 638 4269 est,
654 4201 820 4275 Scripturas
830 4209 960 4274 sanctas,

137 4284 339 4359 intelligamus
362 4287 527 4361 tripliciter.
544 4290 686 4357 Primum,
714 4292 799 4362 juxta
811 4292 957 4362 litteram;

136 4374 276 4447 secundo,
288 4376 382 4433 madia
395 4392 446 4449 per
456 4377 649 4451 tropologiam
661 4397 669 4447 ;
681 4380 776 4452 tertio,
789 4381 957 4450 sublimius,

135 4466 170 4519 ut
183 4463 438 4538 mysticaquequa
454 4483 621 4524 noscamus.
633 4468 799 4525 Secundum
820 4471 956 4544 litteram,

1015 4120 1191 4177 fornicantes
1200 4112 1643 4190 soleautacciporemercedesab
1652 4108 1840 4167 amatoribus

1014 4199 1837 4278 suis,Jerusalemlecitcontrarium,utmagisdaretquam

1014 4299 1202 4369 acciperetltt
1213 4301 1244 4352 ut
1253 4296 1419 4369 largitatem
1428 4292 1571 4350 mercedis
1581 4285 1839 4348 ostenderettone-

1013 4386 1096 4442 rabat
1104 4383 1538 4457 (lt.1{0n0rabac),inquit,1u
1553 4381 1643 4436 eosut
1655 4375 1789 4433 venirent
1799 4376 1839 4433 ed

1013 4464 1840 4548 sepercircuitum3nequisassetvicinusqaiejusiguo·

134 4549 208 4608 illud
224 4557 270 4609 est
281 4570 288 4608 ε
299 4554 390 4625 Neque
403 4555 581 4625 fornicemur,
595 4559 665 4614 sicut
677 4559 894 4629 quidemeorum
901 4560 958 4634 sor·
972 4581 995 4646 Β
1013 4565 1174 4621 minienon
1190 4562 1409 4620 miscereturAElt
1424 4560 1543 4634 quidem
1556 4555 1721 4616 Jerusalem
1734 4554 1765 4609 in
1778 4553 1839 4610 hoc

133 4642 221 4699 sicuti
233 4651 309 4712 sunt,
329 4648 357 4699 et
370 4643 524 4700 ceciderunt
540 4661 595 4701 una
608 4646 653 4702 die
672 4648 770 4718 uiqintr
784 4649 840 4704 tria
861 4650 956 4707 miliia
1012 4672 1128 4729 quoque
1141 4654 1211 4710 vicit
1225 4653 1297 4710 alins
1309 4651 1521 4715 meretrices,ut
1533 4666 1591 4705 non
1608 4645 1705 4704 solum
1716 4658 1771 4701 sua
1780 4643 1839 4701 da·

134 4731 157 4802 (Ι
173 4732 239 4789 Cor.
263 4749 292 4801 x,
308 4732 346 4805 8).
371 4733 421 4789 lit:
452 4733 539 4789 Nolite
556 4750 740 4805 marinarore,
763 4740 835 4794 sicut
844 4739 956 4809 queam
1011 4750 1063 4812 rat,
1080 4760 1144 4815 que
1160 4760 1211 4816 pro
1235 4742 1292 4797 ritu
1309 4739 1501 4813 turpitudinis
1515 4737 1615 4794 labora
1640 4733 1838 4808 quesivarat;

133 4817 167 4876 de
179 4821 219 4876 eis
229 4829 474 4880 mensuraverunt
488 4826 514 4879 et
532 4825 675 4895 perierunt
689 4826 723 4881 ab
741 4830 958 4885 enterminatere
1010 4833 1061 4890 sed
1076 4837 1105 4888 et
1122 4848 1243 4887 munera
1258 4829 1405 4887 maritalia
1415 4827 1609 4892 amatoribus,
1619 4827 1648 4880 et
1662 4820 1840 4896 stupratori·

134 4905 158 4978 (Ι
172 4906 233 4963 Cor.
256 4926 284 4978 x,
301 4912 355 4982 10).
382 4912 475 4969 Media
490 4916 589 4969 autem
604 4916 634 4969 et
653 4914 738 4985 juxte
751 4917 955 4992 tropologiam,
1011 4923 1066 4978 bus
1082 4920 1459 4990 suistribaeret.'l'antaquo
1476 4911 1684 4987 luitexpositio
1695 4909 1840 4968 adultere

134 4994 253 5067 quando
271 5001 436 5058 recedimus
450 5018 468 5057 a
481 5000 586 5073 littera,
602 5006 631 5058 et
641 5002 794 5074 paululum
808 5008 843 5063 ad
853 5007 956 5065 altiora
1009 5012 1046 5069 ad
1061 5026 1178 5066 omnem
1196 5009 1388 5082 turpitudinis
1404 5005 1652 5080 magnitudinem,
1667 5004 1773 5057 utnon
1788 5014 1840 5056 sc·

133 5085 371 5156 conscendimus,
401 5091 515 5148 dicente
539 5092 697 5164 Apostolo:
727 5092 864 5167 Scriptum
890 5105 953 5155 cst:
1009 5099 1072 5156 lum
1096 5098 1300 5170 presentibus,
1317 5097 1367 5153 sed
1391 5097 1480 5152 etiarn
1496 5092 1605 5150 tuturis
1627 5088 1839 5146 meretricibus

132 5172 192 5231 Non
205 5173 339 5244 alligabis
353 5179 452 5236 osbovi
465 5183 619 5237 trituranti.
632 5182 794 5256 Statimque
805 5185 952 5257 sequitur:
1010 5188 1190 5262 preferatur.
1207 5187 1288 5243 Unde
1303 5190 1331 5243 et
1346 5202 1399 5243 nos
1410 5186 1495 5257 juxta
1516 5178 1729 5255 Symmachum
1744 5176 1839 5234 inter-

130 5263 272 5337 Numqaid
285 5263 318 5321 de
334 5265 417 5323 bobus
436 5285 502 5326 cura
516 5273 556 5327 est
567 5272 642 5327 Deo?
655 5272 697 5327 An
710 5277 821 5345 propter
833 5291 883 5331 nos
898 5279 953 5332 uti·
1009 5277 1112 5349 pretati
1128 5292 1250 5332 sumus:
1268 5277 1306 5330 Et
1318 5278 1378 5346 post
1390 5283 1416 5330 te
1430 5288 1486 5328 non
1501 5272 1555 5328 erit
1568 5268 1728 5340 fornicatio.
1743 5264 1841 5323 Colla·

131 5367 184 5425 qae
211 5355 318 5411 roncas
351 5355 440 5412 estil
457 5356 627 5428 Cor.1x,9).
645 5361 780 5418 Dxtrema
800 5368 908 5434 autem,
925 5366 954 5422 id
1007 5366 1086 5422 tione
1109 5365 1187 5422 enim
1204 5364 1256 5433 tui,
1283 5363 1379 5419 omnis
1403 5361 1542 5433 deinceps
1567 5354 1724 5415 fornicatio
1744 5353 1840 5412 levior

167 5509 206 5582 (a)
222 5513 252 5596 ln
268 5513 681 5598 Vatic52ms.;cuijetliabanus
692 5520 913 5587 concinit,vitir's
924 5541 954 5583 se
985 5515 987 5520 ¹
1043 5525 1575 5599 (c)DescribitVietorius,operiant,ax
1582 5521 1630 5572 τοῦ
1640 5511 1837 5590 μὴκαλόπτειν

131 5580 255 5642 imm&
267 5586 357 5657 portu,
369 5590 507 5669 perman.
554 5658 558 5669 Ι
634 5660 639 5670 .
1007 5600 1096 5656 Greci
1111 5603 1219 5668 textus,
1236 5602 1269 5653 ut
1285 5595 1481 5664 sicininum,
1499 5588 1726 5666 significatione.

167 5651 205 5727 (t)
219 5655 279 5730 bt,
289 5658 419 5724 Describe
428 5660 524 5717 auum
536 5658 586 5714 nbi
600 5661 756 5732 tripliciter.
