3840 6098
105 330 166 409 Μ
495 337 870 407 commessationum
891 339 932 404 lli
954 338 1055 405 OSEE
1075 338 1151 406 LIB.
1173 337 1212 406 11.
1235 338 1322 405 (ldP.
1343 334 1424 405 ult.
1751 326 1813 400 882

104 475 151 552 dio
162 475 396 549 priscepseomm
405 475 697 548 propterimpsritium
708 476 931 546 tinpuaeeorum:
945 473 973 542 Α
987 474 1046 532 rint
1055 475 1182 543 esse,sed
1199 475 1276 548 quod
1292 475 1328 531 ad
1355 469 1602 546 comparationem
1617 470 1692 545 elus,
1704 471 1754 545 qui
1770 470 1810 530 lo-

107 568 148 625 sic
162 565 496 622 estsubsennutioeorum
521 566 552 620 in
575 573 651 621 terre
671 565 791 637 AEpypti.
811 564 931 637 Propter
985 563 1087 639 quitur
1103 565 1138 620 ad
1152 567 1285 638 Moysen:
1315 562 1393 631 lude,
1408 563 1453 619 die
1470 561 1569 636 populo
1584 560 1689 619 lsrael:
1704 561 1758 641 Qui
1770 565 1812 619 est

105 653 328 720 abundantiam,
344 653 450 726 inquit,
471 669 569 709 rerum
598 653 731 710 omnium
746 657 928 710 corruerunt.
983 655 1062 720 misit
1073 670 1116 710 me
1130 651 1225 726 (lieet.
1243 671 1285 724 111,
1302 654 1462 721 lt),omues
1472 649 1522 724 qui
1537 654 1639 709 contra
1653 649 1809 708 Dominum

104 743 187 820 Quod
202 742 290 799 etiam
306 740 435 798 Ezechiel
451 741 482 797 in
504 740 929 799 SodomisetGomorrhisla·
984 742 1113 816 sapiunt,
1148 758 1206 799 non
1221 758 1285 798 esse
1300 741 1436 798 dicantur
1460 740 1513 811 (lt.
1529 738 1688 813 dicuntur).
1721 739 1810 817 iuste

104 837 187 891 mum
201 834 485 888 essecommemorst
499 830 607 903 (Erech.
622 832 690 902 xix),
709 834 739 885 ut
760 830 832 886 nihil
849 830 929 886 aliud
984 830 1057 886 illud
1067 832 1145 903 quod
1157 830 1187 887 in
1198 830 1302 886 Esther
1310 828 1672 905 legimusinileptueginta
1683 827 1810 902 (oldum-

103 920 162 994 nisi
177 919 259 977 cibos
273 925 303 975 st
328 918 473 975 luxuriam
500 918 702 976 ruminarent:
719 936 770 991 pro
786 936 843 992 quo
859 919 930 992 Sep·
983 923 1082 975 taxat:
1098 920 1136 976 lle
1150 919 1243 976 trudes
1270 923 1405 992 sceptrum
1432 927 1510 975 tuum
1538 918 1582 975 iis
1606 934 1654 992 pur
1677 934 1733 974 non
1745 922 1810 977 sunt

101 1006 468 1083 tuagintntrnnstulerunt,
479 1024 562 1080 super
574 1011 713 1080 frumento
729 1016 755 1064 et
767 1009 830 1064 uino
844 1008 929 1065 disse·
983 1007 1089 1080 (Estter
1101 1024 1160 1072 xlv,
1176 1008 1219 1076 tl,
1236 1023 1290 1063 see.
1300 1006 1390 1080 LXX),
1406 1007 1485 1062 haud
1501 1005 1624 1062 dubium
1648 1006 1719 1079 quin
1730 1005 1809 1081 idola

102 1098 249 1165 menter,
277 1097 308 1152 in
338 1094 504 1168 exemplum
535 1096 742 1169 prophetarum
775 1095 853 1163 Baal,
878 1096 929 1168 qui
984 1095 1262 1170 significet.Sienim
1275 1094 1808 1169 Deusestveritas,quidquidcontra·

102 1189 246 1262 pressante
258 1184 329 1251 Elia,
340 1184 507 1241 concisione
522 1186 722 1241 membrorum
737 1182 853 1257 pluvias
867 1201 931 1257 pre·
984 1184 1059 1242 rium
1070 1184 1183 1241 veritati
1195 1188 1248 1254 est,
1265 1184 1451 1240 mendacium
1468 1189 1524 1251 est,
1539 1187 1569 1240 et
1583 1182 1657 1241 nihil
1673 1183 1808 1263 nomine-

101 1274 306 1347 mhantur(ltl
316 1275 381 1342 liep.
393 1278 485 1341 xvns).
497 1273 650 1346 Simulque
661 1277 694 1330 ut
703 1274 870 1330 ostenderet
879 1290 930 1330 eos
984 1277 1041 1330 tur.
1059 1273 1118 1330 Hoc
1142 1273 1286 1330 haereticis
1301 1273 1446 1343 convenit,
1466 1273 1517 1346 qui
1531 1272 1670 1334 instructi
1682 1272 1719 1347 de
1733 1272 1808 1330 Scri·

96 1365 304 1439 jumentorum
318 1361 442 1429 similes,
459 1378 517 1418 non
545 1362 628 1429 dixit,
657 1363 859 1431 comedebant,
877 1362 929 1419 sed
984 1358 1536 1434 pturissanctis,adrersumDominum
1549 1359 1808 1437 LegisetPropbe·

100 1451 312 1510 ruminabant:
329 1455 357 1507 et
372 1450 437 1507 ideo
451 1438 636 1506 recesserunt
650 1468 667 1506 a
680 1450 805 1507 Domino
819 1451 869 1523 qui
885 1451 929 1506 di·
982 1454 1080 1507 tarum
1095 1453 1124 1506 et
1140 1449 1287 1523 Evangelii
1319 1451 1408 1507 verba
1430 1453 1566 1510 vertunt:
1592 1453 1622 1506 et
1638 1452 1709 1507 sunt
1723 1449 1809 1525 quasi

101 1541 160 1600 eit:
177 1556 232 1614 ego
244 1556 294 1597 eos
308 1538 431 1608 erudivi,
460 1554 513 1613 ego
539 1538 740 1596 fortatidinem
765 1539 886 1612 praebni,
902 1543 931 1596 et
984 1555 1069 1605 arcus
1085 1537 1205 1595 dolosus
1216 1537 1276 1595 sive
1298 1553 1463 1611 perversus.
1479 1538 1605 1601 Dolosus
1620 1555 1706 1596 arcus
1720 1543 1810 1612 atque

103 1633 264 1689 contremo
280 1645 349 1685 suas
363 1644 478 1684 erexere
493 1627 639 1696 eervices;
656 1645 713 1684 non
727 1628 804 1700 quod
819 1627 930 1700 aliquid
985 1642 1138 1701 perversus
1151 1630 1207 1694 est,
1223 1627 1272 1699 qui
1294 1627 1419 1700 percutit
1433 1625 1617 1703 dirigentem,
1632 1631 1662 1686 et
1676 1625 1809 1699 vulnerat

102 1716 218 1792 possint
232 1716 327 1773 lacere
353 1720 382 1771 et
410 1730 514 1771 nocere
539 1714 665 1771 Creatori
690 1731 762 1771 suo:
786 1716 836 1771 sed
851 1716 929 1788 quod
983 1715 1137 1772 dominum
1153 1731 1251 1770 suum.
1268 1714 1333 1771 Sive
1354 1714 1602 1791 lactisuntquasi
1615 1731 1700 1775 arcus
1713 1716 1809 1773 inten-

101 1805 203 1864 solum
218 1805 313 1863 tacere
339 1807 507 1877 potuerunt,
524 1802 724 1875 cogitaverunt
738 1802 818 1859 mala
831 1807 931 1860 contra
983 1803 1141 1877 insperati
1156 1819 1273 1876 semper
1301 1804 1337 1860 ad
1353 1818 1482 1878 pugnam
1508 1805 1538 1860 et
1552 1803 1764 1868 contentiones,
1777 1803 1808 1859 in

100 1894 200 1952 me.Et
209 1892 356 1967 quomodo
368 1908 384 1947 a
396 1891 539 1964 principio
552 1892 682 1958 luerunt,
695 1892 869 1965 priusquam
880 1908 930 1948 vo·
984 1891 1202 1949 subversionem
1218 1891 1411 1948 audientium.
1438 1892 1520 1951 Unde
1534 1892 1681 1965 principes
1695 1908 1808 1962 eorum,

99 1999 198 2041 esrem
211 1999 262 2039 eos
277 1998 328 2055 per
349 1980 508 2050 Abraham,
524 1984 553 2036 et
576 1984 677 2053 postea
701 1995 753 2052 per
775 1984 931 2055 Moysenet
983 1981 1013 2037 id
1039 1986 1084 2037 est
1111 1979 1321 2050 heresiarche,
1354 1980 1470 2038 Domini
1499 1995 1639 2038 mucrone
1653 1979 1808 2053 feriuntur,

99 2073 240 2140 daromet
250 2069 528 2146 erantabsquejugo
543 2068 675 2142 legisque
690 2068 803 2140 notitia,
819 2073 929 2126 etcun·
983 2072 1103 2142 propter
1116 2068 1261 2125 insaniem
1273 2067 1381 2143 linguas
1396 2086 1466 2135 suar,
1482 2085 1542 2142 qua
1556 2067 1715 2126 Dominum
1731 2068 1808 2126 blas-

100 2160 155 2217 ctis
163 2158 336 2216 nationibus
346 2157 564 2214 miscebantur:
581 2158 622 2214 ita
633 2158 720 2214 etiam
733 2175 811 2214 nunc
821 2156 929 2213 reversi
982 2157 1214 2230 phemevorunt:
1230 2156 1286 2213 hoo
1301 2157 1378 2213 idem
1395 2157 1535 2217 iacientes
1551 2157 1581 2213 in
1597 2156 1664 2214 lalsi
1678 2156 1808 2214 nominis

100 2246 212 2306 suntin
222 2246 383 2320 pristinum
403 2248 514 2302 statum
527 2263 534 2301 ε
547 2250 580 2301 ut
592 2245 702 2317 absque
708 2247 782 2318 jugo
796 2251 825 2301 et
840 2245 929 2302 thenis
983 2244 1121 2314 Ecclesia,
1137 2245 1215 2317 quod
1226 2244 1415 2303 iaciebanteo
1425 2251 1556 2319 tempore
1571 2262 1630 2318 quo
1645 2247 1676 2305 in
1686 2247 1808 2323 AEgypto

99 2336 284 2395 dotcrrentur
294 2351 345 2407 per
357 2333 529 2407 praecipitia,
542 2338 571 2390 et
581 2338 767 2391 mutarentur
781 2334 811 2390 in
826 2330 928 2390 eroum
982 2332 1082 2389 saculi
1097 2333 1298 2401 morabantur,
1309 2333 1364 2390 hoc
1378 2339 1434 2401 est,
1447 2335 1564 2407 quando
1579 2333 1703 2408 gentiles
1713 2337 1806 2397 erant.

99 2423 285 2493 dolosum,ut
295 2423 333 2493 (o)
344 2439 431 2495 quem
442 2422 519 2478 Deus
534 2426 636 2478 contra
646 2421 929 2479 adversariosinten-
982 2421 1090 2479 Omnes
1105 2421 1184 2478 enim
1198 2420 1399 2478 haereticorum
1415 2427 1444 2478 et
1460 2421 1613 2496 gentilium
1631 2422 1807 2498 questiones

99 2511 253 2585 dorat,ipsi
267 2515 369 2568 contra
383 2527 469 2566 suum
484 2509 640 2566 Dominum
648 2513 802 2577 verterent,
816 2513 845 2566 et
859 2510 927 2565 mit·
981 2509 1089 2567 eedem
1104 2513 1184 2579 sunt,
1195 2509 1264 2582 quia
1278 2527 1335 2567 non
1349 2497 1568 2583 Scripturarum
1583 2511 1631 2568 81
1649 2509 1806 2568 auctorita.

100 2601 345 2662 umnsaenreus
355 2615 422 2665 eum
433 2597 682 2670 blasphemiarum
700 2598 829 2672 sagittas.
845 2598 928 2655 Unde
980 2602 1051 2661 tem,
1068 2598 1118 2655 sed
1133 2598 1269 2654 humane
1285 2598 1406 2655 rationis
1422 2614 1542 2656 sensum
1560 2602 1734 2673 sequuntur.

102 2689 241 2764 prinecps
252 2704 365 2755 eorum,
375 2687 426 2760 qui
437 2685 581 2742 infelicem
589 2688 730 2759 populum
741 2687 926 2761 deceperunt,
1016 2686 1097 2761 (Cep.
1112 2687 1186 2743 Vlll.
1202 2719 1237 2729 -
1250 2687 1332 2744 Vere.
1350 2690 1363 2743 l
1381 2687 1456 2760 seq.)
1465 2690 1497 2743 ln
1507 2695 1618 2758 putere
1627 2692 1673 2744 tuo
1682 2690 1719 2746 sit
1728 2689 1804 2762 tubo,

102 2779 208 2836 cadent
218 2775 316 2851 gladio
330 2780 449 2848 propter
455 2775 698 2849 luroremlinguae
710 2792 780 2843 suoe,
796 2776 927 2853 quodvi-
980 2778 1060 2847 quusi
1069 2775 1166 2847 equite
1176 2776 1376 2847 superdomum
1387 2778 1499 2834 Domini
1508 2795 1518 2831 .·
1525 2792 1577 2850 pro
1590 2776 1700 2851 eoquod
1714 2781 1805 2845 truns-

104 2865 298 2924 tnlosaureos
322 2863 547 2946 decsappellare
561 2864 721 2931 santensi,
737 2863 838 2920 uthoo
852 2864 926 2921 lace·
980 2865 1066 2934 pressi
1078 2873 1143 2920 sunt
1157 2863 1244 2931 fedus
1257 2880 1361 2931 meum,
1377 2867 1402 2921 et
1416 2866 1502 2938 legem
1524 2881 1615 2921 rneum
1625 2867 1807 2939 praevenienti

104 2958 169 3013 reni
182 2953 215 3011 in
228 2957 307 3011 terra
323 2951 569 3026 repromissionis,
584 2952 662 3024 quod
675 2954 705 3008 in
720 2952 926 3025 AEgvptodidi·
980 2961 1053 3008 sunt.
1078 2953 1118 3008 lle
1139 2952 1307 3009 invocabunt
1328 2953 1384 3026 (Al.
1409 2953 1593 3026 inuocabant),
1621 2954 1693 3010 lleus
1717 2970 1804 3024 num,

104 3048 204 3102 mrant
215 3060 224 3099 ε
234 3041 363 3100 solentes
374 3041 461 3113 Apim
477 3042 654 3114 AEgypiium,
670 3046 698 3097 et
712 3041 811 3098 omnia
825 3057 927 3098 eorum
979 3043 1153 3113 supervimus
1166 3045 1193 3098 te
1205 3042 1302 3099 lsruet.
1319 3043 1438 3116 Proiecit
1449 3043 1535 3099 lsrael
1550 3042 1660 3111 tonum,
1676 3042 1808 3099 inimicus

104 3135 239 3207 permuta
266 3134 460 3187 venerantes:
483 3129 525 3185 ita
548 3130 626 3185 enim
651 3133 681 3185 et
703 3129 734 3186 in
757 3129 925 3197 solitudine,
979 3135 1157 3204 persequetur
1178 3147 1251 3187 eum.
1280 3132 1336 3202 lpsi
1362 3139 1556 3204 repnuuerunt,
1583 3139 1610 3188 et
1624 3147 1680 3188 non
1694 3147 1730 3188 ee
1743 3148 1807 3189 me:

102 3221 220 3295 qnando
234 3218 348 3294 egressi
358 3222 428 3275 sunt
441 3219 477 3275 de
492 3218 784 3293 AEgypto,llominum
800 3220 926 3275 subsnn-
942 3204 964 3271 C
980 3222 1118 3292 principes
1128 3222 1302 3288 exstiterunt,
1318 3229 1344 3278 et
1354 3237 1409 3277 non
1422 3221 1545 3293 coenosi.
1561 3221 1710 3293 Argentum
1722 3237 1805 3277 suum

103 3311 257 3378 naverunt,
280 3306 410 3364 dieentes
440 3324 446 3362 :
480 3308 531 3362 lsti
570 3315 635 3362 sunt
680 3306 724 3363 dii
753 3309 805 3375 tui,
838 3306 926 3364 irruet
979 3311 1006 3365 et
1019 3325 1214 3365 serumserum
1226 3309 1414 3381 feceruntsiti
1427 3309 1802 3377 idoteutiuterirentbxll:

103 3396 197 3470 (hod.
212 3412 271 3464 xvr,
286 3395 324 3465 3).
340 3394 394 3450 Et:
420 3393 471 3449 80
487 3395 601 3452 Utinam
610 3410 729 3450 essemus
738 3397 769 3450 in
781 3399 858 3451 terre
876 3396 926 3451 AE·
980 3397 1011 3453 ln
1024 3398 1090 3452 sinu
1103 3413 1197 3454 rorum
1212 3399 1293 3469 quusi
1306 3401 1379 3454 terro
1397 3398 1468 3453 siem
1490 3397 1585 3473 equite
1599 3413 1682 3469 super
1694 3396 1803 3457 domm

102 3482 407 3560 pppti,utisedebumus
416 3498 500 3555 super
509 3483 578 3538 ottus
587 3484 715 3539 earnium
726 3483 823 3555 (Emori.
838 3500 925 3554 xxxu,
982 3485 1097 3542 Domini
1111 3504 1121 3540 .·
1133 3501 1184 3556 pro
1199 3501 1230 3543 eo
1254 3485 1324 3557 quod
1337 3488 1503 3556 transgressi
1525 3488 1590 3541 sunt
1614 3488 1807 3559 tesmmerrtum

103 3573 169 3647 t),oi
178 3575 294 3628 enum.
309 3570 403 3642 Super
427 3568 523 3625 tritico
533 3568 649 3640 etviuo‚
666 3569 705 3641 (t)
729 3573 758 3624 et
772 3568 854 3626 lalsis
864 3584 926 3642 my·
981 3578 1111 3641 meumst
1124 3578 1221 3633 contm
1231 3575 1315 3645 tepens
1329 3590 1419 3629 nseum
1435 3575 1519 3647 impie
1537 3580 1658 3646 eperunt.
1674 3578 1718 3630 Me
1732 3575 1808 3630 iuue-

104 3660 200 3718 steriis
215 3658 348 3732 corporis
372 3662 403 3713 et
425 3657 579 3731 sanguinis
601 3657 720 3729 Christi,
748 3657 798 3729 qui
813 3657 928 3713 dicitis
981 3661 1175 3735 caveruntihl.
1192 3662 1374 3733 inuocabant),
1389 3662 1469 3730 Deera
1494 3664 1670 3734 eognovimus
1684 3663 1809 3735 tesquis

104 3746 279 3821 Evangelio:
295 3749 357 3804 Nisi
377 3746 502 3804 ceeidmt
524 3763 644 3815 pronum
662 3747 750 3802 tritici
772 3748 801 3802 in
816 3754 927 3812 turum,

105 3842 132 3895 et
141 3844 285 3894 mortuum
292 3837 389 3908 tuerit,
400 3837 489 3907 ipsum
502 3835 589 3910 sotum
599 3838 692 3889 menet
702 3836 789 3901 (loen.
801 3851 853 3903 x11,
863 3834 909 3906 211)
921 3851 928 3890 :

105 3925 137 3983 ts
151 3925 185 3982 in
209 3923 267 3981 alio
286 3924 368 3980 loeo:
394 3924 449 3992 Epo
472 3938 534 3977 sum
555 3924 619 3978 uitis
633 3937 699 3978 uere
714 3924 801 3991 (loon.
817 3939 864 3990 xv,
881 3922 929 3986 lt:

104 4014 157 4073 Et:
175 4014 244 4073 lis'si
265 4012 390 4069 biberitis
413 4013 578 4081 sanquinem
600 4026 692 4066 meum
713 4010 804 4082 (leid,
819 4028 858 4082 vr,
873 4011 929 4083 54).

105 4101 264 4177 huperhoe
282 4116 350 4174 ergo
361 4099 457 4156 tritico
472 4103 501 4155 et
511 4098 577 4155 vino
587 4098 715 4155 heretici
726 4099 929 4172 conciduntur,

105 4191 258 4249 sidiversa
273 4189 331 4246 sibi
341 4192 518 4245 construunt
539 4186 728 4244 tabernacula
740 4204 747 4243 ι
759 4189 819 4245 sive
831 4188 930 4261 preci·

982 3751 1067 3807 lsrael
1077 3752 1117 3823 (d)
1126 3755 1263 3808 auersatus
1273 3751 1407 3807 estisne:
1422 3751 1569 3807 inimicum
1580 3752 1719 3823 persecuti
1732 3758 1808 3818 sunt,

983 3856 1020 3896 ee
1030 3841 1180 3913 semetipsis
1204 3842 1397 3911 regnaverunt,
1411 3847 1438 3896 et
1461 3855 1516 3896 non
1530 3855 1581 3909 per
1593 3856 1656 3899 me:
1670 3840 1810 3913 principes

984 3930 1159 3999 exstiterunt,
1170 3932 1196 3986 et
1210 3944 1264 3984 non
1277 3927 1549 3985 indicaveruntmihi
1556 3946 1566 3984 :
1575 3936 1721 4000 arpentum
1730 3945 1811 3986 suum

984 4026 1010 4075 et
1024 4032 1125 4072 eurum
1140 4033 1219 4072 suum
1233 4019 1356 4088 [ererum
1365 4018 1419 4073 sibi
1432 4016 1553 4087 tristent
1563 4015 1732 4091 dispereunt.
1750 4016 1810 4074 Hoc

984 4105 1062 4177 quod
1077 4092 1258 4176 interpretati
1274 4107 1421 4173 sumus,in
1436 4110 1549 4177 gutture
1561 4107 1608 4161 tun
1622 4107 1659 4163 sit
1673 4105 1748 4175 tute,
1759 4121 1813 4178 pro

985 4209 1043 4266 quo
1058 4192 1089 4248 in
1110 4192 1228 4250 Hebrreo
1256 4193 1400 4267 scriptum
1427 4197 1481 4266 est,
1511 4210 1673 4250 emesenae
1701 4209 1817 4253 sorana

105 4279 261 4338 emensas
273 4276 548 4349 molismensem,
561 4280 591 4332 et
604 4275 700 4352 legem
723 4275 930 4344 permeatus,
986 4283 1075 4356 (anre
1093 4266 1214 4367 pinta),
1230 4281 1338 4355 aquila
1360 4286 1389 4339 et
1402 4282 1595 4355 Symmachus
1610 4285 1639 4338 et
1651 4280 1812 4339 rneouotio

105 4367 335 4427 struminarese
345 4364 497 4422 simulant.
514 4365 570 4421 Sed
582 4364 637 4420 hoc
648 4363 933 4422 iacientesreoedunt
985 4370 1122 4427 similiter
1137 4371 1359 4427 transtulerunt.
1377 4370 1436 4427 Soli
1451 4370 1642 4444 Septuaginta
1655 4368 1811 4425 dixerunt:

108 4454 263 4515 nilomino
278 4454 330 4537 qui
344 4453 443 4511 docuit
467 4470 517 4510 eos
545 4454 576 4509 in
600 4452 737 4524 Ecclesia,
753 4457 782 4509 et
795 4453 875 4509 dedit
889 4453 932 4509 eis
986 4461 1015 4515 in
1026 4461 1091 4515 eun
1106 4475 1202 4516 eorum
1217 4461 1296 4532 quasi
1309 4471 1403 4517 serra:
1419 4459 1497 4531 quod
1513 4458 1584 4531 quid
1600 4457 1756 4532 significet,
1771 4457 1814 4511 in·

106 4544 319 4611 tortitudinem,
334 4559 394 4615 qua
410 4546 511 4606 eontra
539 4540 720 4597 fldterflssrios
749 4540 930 4598 dimicarent·
946 4567 971 4632 D
986 4552 1100 4604 certum
1115 4547 1644 4611 est.0uidamenimestimantsinum
1656 4543 1814 4618 dupliciter

106 4624 145 4691 uli
158 4648 232 4690 roro
246 4633 447 4705 cogitaverunt
470 4629 614 4686 malitiam
639 4633 739 4686 contre
760 4629 930 4700 Dominum,
986 4634 1119 4708 accipi,et
1129 4635 1295 4691 interiorem
1308 4639 1419 4705 partem
1431 4634 1597 4690 vestimenti
1608 4651 1626 4690 n
1634 4630 1813 4706 genitalibus

106 4721 299 4796 impiissimas
313 4719 440 4776 hareses
452 4722 681 4786 exstruentes,et
695 4718 801 4776 reversi
816 4724 886 4775 sunt
899 4719 930 4776 in
986 4740 1080 4795 usque
1095 4724 1131 4779 ed
1147 4722 1254 4795 pedes:
1279 4727 1308 4778 et
1323 4722 1441 4794 colpum
1467 4723 1568 4789 maris,
1583 4722 1612 4778 id
1629 4725 1683 4790 est,
1700 4720 1812 4786 sinum,

107 4815 217 4870 sutum
232 4807 400 4883 gentilium,
416 4811 561 4865 utessent
585 4807 696 4879 absque
720 4807 770 4863 Dei
787 4807 933 4865 notitieet
985 4811 1066 4867 verbi
1095 4811 1199 4883 gratia,
1229 4809 1396 4878 lladriatici,
1425 4814 1454 4866 et
1470 4810 1553 4877 lonii,
1568 4813 1598 4866 et
1615 4807 1810 4882 Propontidis,

105 4898 195 4976 ingo:
211 4897 272 4956 sive
286 4896 394 4954 reversi
409 4900 480 4954 sunt
492 4897 523 4953 in
534 4894 731 4966 nihilum,non
743 4896 821 4968 quod
837 4896 933 4953 desie-
986 4899 1135 4972 falsosque
1150 4897 1370 4971 magistroe,qui
1385 4897 1598 4972 blasphemiam
1612 4886 1727 4973 AEgypti
1742 4901 1813 4955 sunt

140 5076 185 5151 (s)
196 5075 247 5133 Sic
260 5076 296 5133 ad
312 5075 401 5132 tidem
416 5078 542 5147 quatuor
556 5073 706 5130 Florentia
721 5074 855 5129 codicum
869 5091 931 5131 cor·
988 5074 1094 5132 decimi
1110 5091 1143 5130 ca
1165 5073 1262 5141 rtis,ea
1272 5089 1333 5143 qum
1349 5076 1449 5147 postea
1461 5072 1642 5147 legunturin
1652 5069 1767 5138 Esther,
1778 5087 1813 5127 ex

107 5149 182 5205 taxii
194 5147 353 5215 Victorius,
369 5161 450 5217 quem
463 5146 544 5211 Deus,
561 5148 592 5200 ut
605 5144 810 5218 subintelligas
820 5162 931 5202 arcum.
987 5146 1113 5219 Vulgata
1130 5092 1200 5201 [gill
1215 5144 1341 5201 editione
1366 5149 1484 5217 accepta
1498 5148 1586 5200 suut:
1614 5143 1722 5200 desunt
1733 5144 1812 5199 enim

107 5217 312 5291 lantiampost
322 5217 476 5274 Erasmum
492 5216 622 5287 retinuit,
633 5232 707 5288 quos.
988 5234 1077 5290 penes
1092 5217 1235 5273 Hebraeos.
1792 5277 1796 5284 ,

140 5292 223 5361 (dnn
235 5305 295 5354 uuo
308 5288 449 5356 Palatino,
463 5288 530 5359 [elsi
543 5289 678 5359 mysterii,
704 5287 733 5342 in
749 5286 854 5353 altero,
869 5287 935 5359 ipsa
1024 5288 1064 5360 (d)
1074 5289 1116 5343 lte
1126 5292 1154 5344 et
1162 5285 1254 5345 nostri
1264 5301 1331 5341 eum
1342 5284 1469 5341 Victorio
1481 5301 1554 5343 mss.
1566 5286 1722 5342 aumonius:
1736 5286 1812 5339 Ean

987 5359 1059 5415 tien.
1076 5375 1144 5414 oum
1172 5358 1303 5424 Erasmo,
1327 5356 1482 5412 adversata.
1511 5354 1632 5412 Redolet
1645 5370 1712 5412 vero
1726 5353 1811 5410 soioli

110 5364 165 5419 so'x
190 5360 261 5434 taisi
272 5358 457 5433 expungitur.

107 5504 264 5561 anensem
283 5506 304 5559 l.
357 5501 514 5567 dumtaxat,
531 5498 600 5571 quia
613 5500 642 5554 in
657 5499 799 5556 Hebraico
816 5517 873 5557 non
889 5500 934 5556 in·

108 5575 226 5632 venitur
234 5571 398 5646 capitulum
407 5577 545 5645 quartum
561 5570 777 5640 decimum,uhi
792 5571 825 5628 id·
837 5570 936 5643 prodi·

109 5647 168 5716 tur,
179 5645 260 5705 sicut
273 5661 327 5703 nec
349 5643 407 5702 tria
420 5642 479 5702 alia
505 5640 665 5714 superiora.
681 5646 705 5697 Α
720 5641 936 5717 ᾱίωἰᾱίο,οηίω

140 5403 179 5505 (si
193 5431 256 5487 lloo
269 5447 327 5504 quo
350 5446 386 5485 ue
410 5431 542 5485 notatum
562 5427 689 5483 Victorio
716 5432 770 5499 est,
786 5428 851 5485 ideo
865 5429 933 5501 dici,
988 5429 1160 5557 glossatoris
1175 5426 1387 5498 manum,quod
1400 5427 1540 5483 statimin
1548 5425 1652 5483 iisdem
1668 5424 1813 5482 msasub·

1008 5501 1077 5568 itur,
1094 5503 1221 5571 iniquum
1234 5499 1322 5556 secuti
1348 5508 1423 5568 suns,
1448 5515 1499 5571 pro
1519 5500 1664 5556 inimicum
1676 5497 1814 5572 persecuti

988 5575 1071 5630 sunt:
1087 5571 1177 5631 Grec.
1194 5567 1291 5647 ἐχθρὸν
1306 5564 1479 5649 meritorium.
