3818 6104
97 311 161 381 uas
720 317 753 378 s.
776 313 933 379 unsnau
955 280 1188 377 sinuosius
1743 300 1810 373 sno

101 444 268 514 eumenum
277 446 475 516 mursensem,
486 455 510 503 et
518 446 769 519 perdomreliquios
779 449 928 503 nutritione
943 450 971 516 Α
1020 446 1098 519 (Dap.
1114 446 1227 519 xxvi.)
1240 448 1272 503 ut
1287 446 1394 520 sudum
1408 453 1448 503 est
1461 445 1491 502 in
1500 444 1645 501 undecimo
1655 458 1742 514 nouo,
1750 444 1811 516 prt-

98 533 230 605 rapiente,
246 534 400 606 snetnmqne
413 537 442 590 iu
459 538 499 592 eis
516 534 632 593 ultiones
645 552 770 607 inopum,
783 552 884 605 erperae
897 538 927 592 in
981 551 1027 591 mu
1043 536 1115 608 (sive
1129 537 1200 608 uno)
1215 538 1329 603 mensis,
1343 537 1431 607 foetens
1443 539 1581 592 misermo
1591 533 1744 589 Dominind
1754 545 1809 599 me,

100 622 218 695 moret,
233 623 358 679 tinnient
372 625 439 694 putu
459 640 507 694 epo
529 625 670 690 Dominus,
684 641 748 680 cum
760 624 858 682 dedero
869 628 929 681 vin·
981 623 1089 680 dicens:
1117 624 1170 680 tite
1196 626 1327 691 bominis,
1342 640 1392 697 pro
1406 640 1436 682 eo
1460 624 1531 696 quod
1543 623 1620 680 dixit
1636 624 1721 694 Tyrus
1733 621 1810 694 (sive

100 709 201 769 uiuum
218 726 309 768 meum
330 728 414 784 super
435 728 489 769 eos.
513 714 577 768 lllll
586 731 595 767 :
616 715 765 786 Propterea
789 713 929 770 interdicit
981 713 1043 784 Sor)
1056 713 1089 768 de
1102 712 1277 770 Jerusalem:
1294 717 1379 784 dupe,
1394 715 1539 783 contractae
1548 719 1612 769 sum
1623 714 1710 783 porte
1721 725 1811 783 popu·

99 797 370 859 terminantem:
391 807 449 858 Pro
475 818 506 859 eo
529 802 600 875 quod
625 805 748 873 iecerunt
762 802 930 872 elienipenee
982 802 1073 858 lorum
1085 802 1156 874 (sive
1171 803 1273 875 pentes)
1282 820 1292 857 .·
1304 818 1434 858 converso
1448 806 1487 858 eet
1500 800 1536 856 ud
1543 816 1596 868 me,
1612 797 1813 872 inmittendo-

98 887 246 959 nlttouem
261 893 288 944 et
308 891 509 948 smeimnerum
530 891 681 948 vindictum
708 892 879 959 insultantes,
895 907 930 947 ex
982 895 1058 948 serto
1071 894 1111 947 est
1124 891 1196 963 (sive
1211 906 1274 964 quoe
1286 892 1344 962 [uit
1362 892 1453 963 plene,
1469 890 1574 947 deserta
1587 889 1654 968 est),
1665 895 1813 961 propterea

101 976 205 1044 artene,
221 984 252 1034 ut
264 976 481 1052 delerenturque
495 983 526 1037 tn
536 987 840 1052 oeternum:proptereu
852 979 929 1037 m
983 979 1043 1038 baee
1056 979 1124 1036 dieii
1151 980 1282 1036 Dominus
1303 982 1389 1036 Deus:
1412 982 1478 1036 Eece
1504 995 1552 1050 epo
1577 977 1813 1049 inperialem

101 1064 163 1124 uteo
172 1065 358 1123 dioitldonui
365 1068 510 1125 Dominus:
522 1071 587 1126 Doce
600 1086 649 1141 epo
659 1069 804 1125 extendum
815 1085 930 1125 monum
984 1069 1054 1142 (sive
1069 1068 1147 1140 Sor):
1163 1072 1190 1124 et
1199 1069 1341 1124 oscendere
1354 1071 1457 1140 famum
1471 1084 1553 1140 super
1566 1071 1593 1123 te
1606 1065 1706 1140 [Vulg.
1721 1065 1759 1122 nd
1774 1065 1812 1138 te]

99 1169 193 1211 meum
200 1170 282 1227 super
295 1158 476 1228 otienipenus,
486 1162 512 1214 et
526 1159 755 1231 disperdamsiue
765 1159 930 1229 interfinium
983 1166 1075 1230 pentes
1088 1147 1202 1225 mutae,
1218 1160 1288 1213 sieut
1302 1158 1423 1213 ascendit
1435 1174 1516 1212 more
1529 1157 1674 1226 fluctuans.
1683 1157 1716 1211 tt
1729 1154 1812 1211 diest·

99 1242 252 1310 Dreteuoes,
269 1248 295 1300 et
309 1244 553 1316 perdomreliquur
566 1247 833 1317 littorismeritimae,
848 1255 874 1303 et
886 1251 930 1318 to·
984 1247 1089 1319 potunt
1103 1262 1196 1303 muros
1215 1248 1287 1318 Tprn‘,
1304 1249 1329 1302 et
1352 1246 1491 1302 destruent
1505 1249 1596 1301 turres
1613 1246 1684 1317 ejus,
1702 1247 1729 1300 el
1741 1245 1812 1300 bre·

102 1333 215 1391 uuum
230 1334 269 1388 eie
283 1333 402 1390 ultiones
411 1337 567 1406 moguntin
581 1335 706 1392 vindicte
720 1338 834 1408 fun-oris,
850 1345 875 1392 et
887 1352 929 1392 co·
984 1337 1050 1391 dom
1073 1335 1143 1406 (sive
1168 1334 1319 1408 omtilolro)
1338 1335 1480 1408 puluerem
1502 1335 1561 1405 ejus
1580 1333 1614 1390 de
1634 1349 1680 1401 ec,
1703 1335 1730 1390 et
1744 1331 1812 1393 dubo

101 1425 230 1492 pnosernt
242 1422 311 1493 quio
324 1437 372 1494 eoo
385 1423 491 1480 Adonei
505 1425 646 1494 Dominus,
657 1441 719 1480 eum
733 1425 833 1481 dedero
847 1424 930 1481 ultio·
985 1442 1046 1482 eom
1071 1427 1100 1480 in
1122 1424 1348 1496 limpidissimum
1368 1422 1439 1494 (sive
1467 1422 1678 1494 nitidissimum)
1701 1428 1811 1494 petram

101 1518 165 1569 nem
177 1524 267 1566 meum
281 1525 364 1582 super
377 1526 430 1568 eoo.
453 1515 524 1569 Post
548 1512 624 1568 illins
640 1518 777 1584 Ammon,
793 1513 888 1579 Moab,
903 1516 932 1568 et
986 1514 1102 1570 Sieeatn'o
1116 1529 1281 1586 sopenorum
1290 1515 1344 1569 erit
1352 1515 1381 1569 in
1394 1512 1482 1569 medio
1497 1513 1719 1585 morimonianus
1731 1510 1811 1568 nee

102 1595 175 1664 snb,
191 1597 243 1669 qui
258 1600 288 1652 et
313 1597 372 1670 ipsi
387 1603 456 1655 sunt
483 1599 614 1664 Idumaei.
631 1604 660 1656 et
677 1618 728 1673 per
749 1602 798 1657 Lot
812 1605 840 1656 et
855 1602 929 1659 Esau
984 1611 1109 1667 tuscum,
1124 1603 1432 1669 eitDeminusDeue,et
1446 1602 1500 1657 erit
1514 1601 1545 1656 in
1557 1600 1824 1673 terepttmemeene

102 1685 211 1760 pupulo
226 1685 327 1755 lsrael,
337 1691 367 1745 ει
380 1688 480 1745 domni
490 1689 573 1746 ludu
589 1689 761 1763 cognatione
771 1689 930 1758 sociantur,
984 1692 1066 1747 tibus.
1082 1691 1159 1746 Filiae
1188 1706 1292 1762 quoque
1317 1691 1449 1762 ejusque
1474 1694 1539 1745 sunt
1566 1690 1596 1745 in
1612 1705 1679 1760 uero
1695 1687 1768 1758 (siue
1782 1689 1813 1745 in

102 1774 401 1836 tenitadeilistbim
413 1793 488 1849 quos
498 1777 690 1852 Septuaginta
700 1775 888 1855 ἀλλοφύλους,
900 1779 929 1836 id
945 1817 969 1883 B
983 1783 1088 1853 cumpo)
1102 1779 1196 1851 plodio
1210 1780 1419 1850 interficientur,
1436 1782 1462 1834 et
1476 1780 1562 1835 scient
1575 1779 1641 1849 quia
1655 1793 1703 1850 epo
1718 1778 1814 1835 Domi·

92 1868 148 1925 -net
157 1864 330 1936 adnotemus
348 1865 572 1936 transtulerunt,
596 1884 654 1924 nnn
670 1867 798 1940 generali
813 1868 931 1925 nomine
984 1886 1046 1926 nus.
1062 1869 1280 1941 Consequenter
1295 1867 1452 1941 prophetia
1475 1868 1546 1924 ordo
1562 1867 1737 1923 contexitur.
1755 1866 1811 1923 bn·

96 1953 235 2013 -omnium
251 1953 394 2028 gentium,
410 1971 474 2026 quas
488 1971 546 2012 nnn
563 1960 633 2012 suut
646 1957 682 2012 de
697 1973 803 2029 genere
817 1957 931 2013 tuden·
985 1963 1072 2015 entus
1088 1961 1259 2015 erntcnntra
1274 1957 1350 2013 filios
1358 1959 1483 2013 Ammon
1497 1961 1527 2012 ει
1542 1956 1664 2013 Moabet
1677 1954 1813 2028 sesequi

98 2060 181 2111 rum,
193 2044 243 2101 sed
260 2043 378 2116 speciali
388 2044 484 2117 gentis
499 2061 570 2111 sue,
582 2061 646 2117 quae
662 2061 740 2101 nunu
754 2045 862 2101 dicitnr
875 2046 931 2102 Pa·
984 2045 1524 2120 etipsisnntldumaeei,ethilistbiim
1534 2042 1813 2116 quisuntinlittnrs,

100 2131 228 2203 lactine,
240 2132 626 2205 mutulaeunlittera,juxta
635 2133 799 2190 Graeeornm
811 2149 932 2191 consue·
984 2136 1058 2194 etin
1076 2133 1206 2191 tunicula
1222 2135 1313 2192 maris
1327 2135 1464 2191 eumdem
1479 2134 1604 2190 limitem
1619 2137 1731 2190 teuent.
1743 2132 1815 2190 Post

104 2220 249 2287 tudinem,
264 2220 294 2278 in
311 2237 339 2278 rs
353 2221 406 2294 (π),
423 2221 499 2279 sicut
513 2226 541 2278 et
565 2223 642 2295 apud
657 2238 711 2278 nos
724 2239 776 2295 pro
791 2222 931 2280 Hebraico
986 2223 1154 2280 Palaestinos
1170 2224 1248 2279 enim
1260 2223 1390 2279 succedit
1404 2222 1546 2279 Phoenicis
1557 2223 1646 2295 regin,
1658 2222 1744 2294 enjus
1754 2237 1815 2279 me·

104 2326 194 2368 ruens
204 2310 300 2383 (uon).
313 2310 444 2368 Grmcum
457 2314 488 2367 ει
500 2311 635 2368 Latinum
644 2311 930 2383 pasenacelebratur.
986 2311 1106 2384 tropolis
1122 2311 1376 2384 ostcivitnslurus,
1389 2309 1814 2384 quseappellaturllebraeosp·

104 2397 651 2472 PbilietbiiminterpretentureoDentes
661 2405 772 2470 poento,
783 2400 867 2473 quiet
875 2399 933 2473 ipsi
986 2417 1077 2473 reque
1092 2417 1225 2457 sermone
1240 2417 1293 2457 sna
1307 2400 1388 2472 (ιιι).
1406 2395 1440 2455 llt
1452 2401 1522 2473 qnia
1537 2403 1622 2472 capta
1635 2397 1812 2467 seruantem,

96 2487 139 2546 ds
149 2504 237 2546 aureo
248 2487 405 2561 Babylonis
415 2488 505 2545 calice
517 2489 651 2546 inebriati
662 2495 741 2557 sunt,
753 2494 782 2545 et
797 2489 932 2557 seviunt,
987 2491 1077 2546 etiam
1102 2490 1167 2562 ipsa
1190 2489 1289 2562 gavisa
1299 2494 1353 2556 est,
1369 2493 1398 2546 ει
1413 2489 1566 2545 insultavit
1580 2504 1614 2545 ac
1628 2487 1721 2545 dixit:
1739 2489 1813 2545 Don-

101 2581 133 2635 et
147 2581 205 2635 toto
216 2577 317 2636 animo
328 2577 480 2644 insultant,
494 2578 718 2635 inimicitiarum
729 2583 830 2634 eontra
844 2579 933 2636 lsrael
986 2582 1241 2651 froetaesuntportae
1253 2577 1430 2650 populorum,
1440 2592 1493 2650 ego
1502 2575 1814 2649 portumtutissimum

103 2667 932 2740 veterumrecordantes‚quibnsaDeipnpulodirisisunt.
987 2667 1089 2730 babeo,
1106 2665 1215 2738 illeque
1235 2667 1387 2731 subversa,
1410 2666 1446 2722 nd
1473 2666 1630 2724 menmuie
1654 2664 1814 2723 multitude

97 2752 724 2824 'Cumquednminnsdinamttilioindietom,
734 2758 934 2826 eteteporetri.
988 2773 1128 2813 conversa
1143 2760 1197 2822 est,
1214 2772 1277 2827 qua·
1293 2754 1373 2811 illius
1388 2755 1543 2828 regebatur
1556 2753 1690 2821 arbitrio,
1703 2754 1816 2827 etquis

95 2842 190 2899 ,dmm
213 2842 479 2914 (Deut.¹xx11,35),
504 2843 560 2914 ipsi
575 2859 608 2900 se
623 2842 807 2899 ulciscuntur
822 2845 932 2901 interll-
986 2844 1037 2901 illa
1047 2846 1225 2910 describent,
1234 2844 1343 2901 idcirco
1353 2861 1406 2918 ego
1417 2842 1571 2916 implebor,
1583 2841 1816 2916 sivequaepleuu

103 2930 226 3000 cientes,
242 2934 271 2987 et
284 2929 442 3003 implentes
451 2931 575 3005 antiqua
585 2933 662 2989 odia.
675 2932 795 3005 Propter
809 2949 873 3006 quae
888 2950 934 2990 ex·
987 2933 1134 3000 scitante,
1150 2934 1298 3007 redigetur
1313 2934 1343 2989 in
1354 2931 1554 2990 solituDinem.
1565 2931 1639 2996 Quia
1652 2931 1746 3005 igitur
1757 2931 1816 2993 ista

102 3023 216 3081 tentam
244 3035 334 3092 super
362 3037 393 3077 se
421 3037 543 3077 manum
572 3021 689 3077 Domini
710 3022 848 3090 sentient,
870 3039 933 3094 qun
988 3022 1096 3091 dixisti,
1112 3020 1504 3093 etruinislerusalem,quae
1516 3018 1816 3093 neijuoioiopmptsr

105 3107 261 3165 interficiet
274 3108 484 3166 interlectores.
503 3110 560 3167 Pro
580 3127 639 3183 qun
655 3110 734 3178 Lxx,
750 3113 847 3169 neseio
862 3112 933 3184 quid
988 3117 1105 3184 peccata
1116 3128 1170 3168 sna
1186 3111 1327 3168 subversa
1340 3114 1395 3181 est,
1410 3108 1570 3175 insultasti,
1587 3113 1743 3182 propiores
1756 3124 1814 3169 non

98 3195 246 3254 uolentes.
263 3196 402 3254 Cretenses
412 3198 595 3270 interpretati
606 3204 686 3266 sunt,
702 3216 769 3255 cum
784 3204 812 3256 ει
826 3199 932 3273 Aquila
946 3186 968 3253 C
988 3217 1039 3273 per
1049 3200 1181 3266 nuntios,
1198 3216 1249 3255 nec
1265 3216 1317 3272 per
1336 3198 1480 3271 quoslibet
1495 3197 1578 3265 ulios,
1599 3197 1651 3254 sed
1673 3213 1727 3271 ego
1750 3196 1816 3271 ipse

32 3345 36 3361 ,
99 3285 350 3360 &Symmachus
362 3291 391 3344 ει
401 3288 560 3344 Theudalis
572 3288 669 3361 ipsum
679 3289 799 3345 verbum
812 3290 934 3346 llebrrei-
988 3306 1037 3347 ero
1052 3289 1206 3345 adversum
1231 3292 1269 3357 ιε,
1284 3288 1368 3360 Tyre,
1396 3292 1425 3344 et
1447 3287 1540 3344 instar
1563 3286 1708 3345 fluctuum
1723 3286 1816 3345 ma&

97 3391 175 3432 eum
188 3391 353 3432 euenerunt
369 3376 508 3449 intrim),
524 3377 567 3433 vel
584 3379 778 3449 interfectores,
791 3377 835 3435 vel
850 3381 934 3436 inter-
988 3378 1143 3434 ascendere
1152 3377 1256 3432 lucium
1266 3380 1368 3433 contra
1377 3381 1405 3432 te
1413 3374 1587 3448 Babylonios
1597 3391 1666 3432 cnm
1676 3373 1815 3447 plurimis

100 3466 472 3536 ιῖεειὶειεεειεεειεεὶει,εοιι
488 3465 627 3523 salumin
643 3466 777 3539 praesenti
792 3467 866 3535 loco,
882 3468 933 3525 sed
988 3464 1166 3531 nationibus,
1177 3481 1303 3536 quarum
1320 3464 1394 3547 m
1412 3464 1629 3536 oppugnatione
1643 3462 1817 3522 meritust

99 3552 195 3610 selim
204 3553 235 3610 in
247 3554 405 3626 Sophocle,
419 3555 469 3611 ubi
480 3560 581 3611 centra
588 3554 757 3613 Palestinae
767 3557 824 3612 ists
834 3556 936 3613 dicun·
987 3559 1083 3611 turres
1098 3555 1296 3621 destruentur,
1323 3554 1470 3609 intantum
1496 3557 1528 3608 ut
1543 3568 1635 3624 usque
1661 3552 1698 3609 ad
1712 3550 1813 3621 solutu

99 3645 175 3701 tur:
191 3642 265 3712 Dauo
279 3643 386 3716 direpto
399 3646 463 3711 erit,
484 3647 511 3700 et
531 3645 646 3701 leonton
660 3645 691 3700 in
703 3646 893 3717 perditionem,
909 3654 935 3705 et
988 3643 1153 3708 concidant,
1168 3646 1197 3698 et
1211 3640 1535 3714 pulvisilliusrndntnr,
1547 3638 1645 3697 sivein
1661 3643 1818 3711 purtem·

107 3732 429 3804 cummunionem
440 3733 665 3792 erodimluntur.
684 3735 935 3792 inhabitatoribus
988 3731 1047 3789 ries
1062 3730 1229 3797 ventiletur,
1240 3734 1268 3787 et
1283 3729 1325 3786 sio
1334 3728 1549 3797 humiliabitur,
1560 3731 1592 3785 ut
1601 3728 1685 3801 petru
1694 3726 1817 3786 nitidis-

105 3819 332 3894 funiculimenis,
341 3823 442 3881 neeolae
449 3824 606 3890 cremnon,
616 3824 729 3881 uerbum
736 3825 847 3881 Domini
853 3841 936 3898 super
988 3821 1071 3878 simin
1085 3823 1289 3892 comparetur:
1305 3823 1445 3890 tantaque
1456 3817 1551 3875 eritin
1566 3817 1649 3886 urbe,
1663 3816 1816 3889 quendum

105 3922 152 3964 une
167 3908 279 3964 Currant
294 3911 370 3965 terro
383 3911 619 3981 olimipermrum,
630 3920 658 3969 et
671 3913 828 3985 disperdam
839 3931 884 3971 vos
897 3932 936 3970 eu
988 3909 1237 3983 frequentissima,
1249 3907 1386 3975 solitudo,
1403 3912 1559 3980 utsagenas
1574 3904 1815 3979 pisnsternmex-

106 3994 288 4063 latitudone,
304 4000 396 4054 eterit
407 3999 488 4056 Crete
503 4002 534 4056 in
547 4001 680 4072 polutum
688 4011 837 4072 postorum,
852 4008 879 4059 et
890 4020 935 4060 cu·
988 3999 1157 4071 pendantur
1171 4001 1199 4055 et
1208 3997 1396 4054 siccenturin
1406 3995 1502 4055 medio
1511 3996 1585 4067 ejus.
1604 3994 1817 4068 llgnenimno·

107 4083 162 4140 bile
175 4085 270 4141 ouium
284 4084 413 4158 (Sopbon.
430 4104 463 4156 ιι,
478 4088 493 4143 li
519 4089 617 4160 seem).
646 4089 681 4144 nt
705 4089 752 4145 hic
773 4089 851 4146 euim
867 4107 935 4147 cum
989 4086 1088 4143 minus
1104 4086 1307 4154 locutussum,
1319 4087 1404 4158 cujus
1415 4085 1504 4142 uerba
1515 4084 1600 4141 irrita
1607 4100 1672 4142 esse
1683 4099 1819 4155 nonpos-

109 4171 301 4246 Deptuoginta
316 4173 423 4231 Cretam
446 4175 595 4241 verterint,
624 4177 718 4233 ceteri
747 4178 935 4236 translatores
989 4178 1068 4246 sunt,
1084 4177 1234 4233 cttradam
1245 4191 1310 4232 enm
1320 4175 1351 4230 in
1366 4174 1558 4247 direptionem
1567 4169 1820 4246 genuensem*

107 4256 527 4338 Depeois1.ne,epoo]‚icest
541 4265 772 4336 internetionem,
788 4268 831 4323 vet
842 4269 936 4340 peros-
989 4279 1106 4337 quoqus
1121 4265 1195 4335 ejus.
1215 4281 1279 4337 que
1292 4268 1362 4320 sunt
1377 4264 1407 4319 in
1423 4280 1492 4336 agro
1508 4263 1570 4319 sive
1584 4262 1614 4319 in
1630 4277 1746 4334 monuo,
1761 4259 1820 4332 hm

96 4352 220 4421 ¹tionem,
230 4350 412 4424 interpretati
423 4356 501 4409 sunt.
516 4352 557 4408 De
572 4370 631 4426 qno
647 4353 677 4410 in
693 4356 861 4428 supradicto
872 4374 935 4430 pre·
990 4354 1078 4411 estin
1095 4352 1236 4409 Phoenicis
1250 4353 1358 4420 littore,
1374 4353 1463 4409 urbes
1478 4356 1507 4408 et
1521 4351 1639 4425 oppida,
1660 4349 1823 4422 vicinique

105 4439 205 4515 pheta,
223 4442 279 4498 Deo
293 4445 459 4513 prestante,
476 4442 554 4515 quod
578 4442 663 4499 nobis
686 4443 850 4512 visumst,
866 4446 938 4502 dixi·
990 4441 1329 4499 castellninterllcientur
1338 4440 1435 4514 gladio
1447 4459 1454 4497 :
1467 4437 1823 4514 metaphorieu'nemuiafl·

104 4545 183 4586 mus.
194 4529 277 4586 Unde
289 4533 318 4586 et
327 4530 453 4587 duarum
464 4529 613 4605 legionum
628 4532 729 4601 David,
741 4550 865 4605 quarum
877 4552 936 4593 una
951 4557 974 4622 D
989 4533 1044 4591 lias
1056 4530 1221 4605 appellavit,
1233 4531 1465 4587 interiectionem
1477 4528 1666 4604 ponitgludii,
1675 4533 1821 4596 utrorum

94 4618 308 4693 ‚uppellnbntur
319 4619 454 4690 Ptelellei,
470 4624 498 4676 ει
513 4618 605 4677 altera
619 4621 729 4679 Deretini
739 4627 749 4692 (
757 4623 780 4678 ll
792 4624 856 4695 llep.
871 4627 930 4698 xv),
996 4623 1055 4679 fine
1070 4625 1248 4694 cognoscunt
1263 4636 1309 4676 me
1315 4636 1379 4677 esse
1386 4621 1543 4687 Dominun,
1555 4619 1607 4692 qui
1613 4618 1678 4679 fieri
1685 4617 1822 4690 mespres

98 4707 207 4766 ultima
222 4709 258 4765 ab
272 4724 307 4765 eo
322 4708 402 4781 quod
428 4709 627 4766 interficerent
651 4715 738 4782 atquc
748 4710 929 4785 jugularent,
985 4712 1058 4784 cepi.
1073 4710 1169 4766 Potest
1179 4710 1266 4779 juxta
1279 4708 1472 4782 tropologiam
1488 4710 1622 4782 quiasos
1633 4722 1744 4765 nomen
1756 4705 1816 4775 tle

99 4797 245 4854 Cltorettm
258 4799 310 4871 [nl
319 4798 485 4870 cneretiml,
497 4797 551 4854 boc
565 4802 619 4866 est,
632 4800 839 4870 interfectorum
853 4803 931 4861 2⁰4
980 4799 1116 4857 braiaum
1127 4799 1250 4854 vertitur
1272 4798 1302 4855 in
1325 4801 1493 4870 angustiam,
1514 4797 1612 4855 omnis
1626 4796 1727 4855 anima
1750 4810 1817 4868 qna

104 4898 211 4940 nomen
223 4887 342 4959 accepit.
353 4886 510 4959 Perditque
525 4886 667 4944 Dominus
678 4905 781 4946 omnes
791 4890 930 4963 reliquiae
985 4887 1252 4962 perturbationibus
1268 4893 1410 4961 occupata
1428 4891 1483 4954 est,
1500 4888 1555 4944 Sor
1577 4883 1730 4959 appellari,
1746 4899 1817 4958 qun

100 4969 259 5027 maritime
274 4975 413 5047 regionis,
428 4992 493 5048 que
508 4974 596 5032 salsis
608 4976 619 5048 [
629 4975 671 5032 tt.
688 4977 780 5049 salsa]
796 4979 931 5035 tunditur
985 4977 1102 5050 quando
1116 4976 1220 5033 viderit
1234 4993 1286 5049 pro
1301 4975 1452 5035 suisvitiis
1467 4973 1690 5050 utquepeocatis
1705 4972 1820 5045 uniju-

92 5055 255 5127 Dnctibue,
267 5063 447 5122 etvindictas
458 5082 515 5121 nun
526 5081 642 5137 parvas,
652 5066 703 5122 sed
715 5081 837 5139 magnas
847 5067 932 5124 saciet
984 5066 1060 5123 dicio
1075 5066 1204 5122 subverti
1213 5065 1386 5137 Jerusalem,
1396 5066 1491 5138 inqua
1501 5063 1712 5136 luittemplum
1725 5065 1819 5136 alpos

103 5145 136 5204 ln
148 5147 259 5216 lurore,
275 5155 308 5205 ut
319 5152 399 5208 furor
412 5154 477 5224 ejus
491 5153 579 5210 tinem
592 5153 698 5211 habeut
712 5155 928 5224 misericordie,
984 5157 1027 5213 cis
1042 5155 1125 5223 visin,
1141 5153 1269 5212 exsultet
1284 5156 1362 5211 etad
1379 5171 1411 5211 se
1426 5152 1755 5227 putaturbisqunndnm
1768 5151 1817 5215 tu·

94 5241 134 5294 -et
147 5241 303 5310 postquam
319 5238 460 5298 ultionem
477 5243 585 5312 lecerit,
597 5259 723 5317 urguens
738 5259 806 5300 eum
821 5244 928 5318 lurore,
984 5245 1067 5319 clytus
1078 5240 1819 5317 imperiumtransferendumouodetincentmiit

101 5328 175 5383 tuno
188 5331 365 5401 cognoscant
377 5329 535 5396 palestini,
551 5333 628 5404 quod
643 5333 708 5406 ipse
721 5332 760 5389 eit
775 5332 928 5391 Dominus.
983 5333 1172 5406 dogmatibus
1196 5332 1349 5406 accipitur,
1380 5338 1409 5390 ει
1442 5334 1471 5391 in
1504 5331 1675 5393 bominibus
1701 5329 1819 5401 sumti,

14 5584 20 5593 -
87 5584 91 5591 ·
130 5553 930 5634 lctflnppletllioteriusexipsnrduLXXtextuudhuno
982 5565 1169 5624 erudienbitur

104 5625 242 5695 medum:
257 5637 285 5692 ot
297 5629 396 5690 luetur
420 5632 452 5692 in
476 5632 595 5693 meridie
617 5635 749 5708 ειιειειιε
760 5640 791 5699 et
803 5638 929 5703 unam
1020 5639 1060 5720 (t)
1074 5637 1185 5699 vitiose
1197 5639 1261 5697 arat
1275 5636 1384 5701 trudam
1397 5654 1451 5717 pru
1465 5638 1575 5702 rudem
