3818 6104
96 285 175 358 {ihi
459 286 831 360 COMMENTAth'tRUM
853 287 893 353 ΙΝ
915 287 1109 354 dicemini
1129 288 1205 355 tls.
1227 290 1254 356 l.
1269 286 1357 356 oin.
1377 290 1432 358 lll.
1719 289 1797 359 tlt!

47 441 50 446 ·
96 423 280 497 tortitudine,
297 426 329 482 ut
344 424 485 499 quiprius
496 427 637 500 populum
648 424 857 482 blandimentis
870 424 920 480 de·
935 424 961 490 Α
978 440 1036 479 ιιοιι
1051 423 1301 497 solumJudioium
1317 423 1553 494 conticiscunt:
1578 424 1629 483 sed
1649 426 1800 486 abomina-

96 514 257 587 oipiebant,
274 519 376 587 postea
396 533 464 572 vera
483 516 685 572 annuntiando
701 516 876 585 deterreant,
892 515 921 568 et
976 513 1085 570 bantur
1098 513 1632 589 illud,etomniarectapervertehant‚
1644 517 1797 574 nescitam

96 605 135 659 ad
152 609 258 660 rectam
274 610 409 660 rovooent
424 606 514 676 viam,
529 605 621 678 etqui
638 621 727 661 causa
742 602 848 659 erroris
863 603 922 658 lae·
977 618 1066 674 parva
1076 602 1195 672 justitia
1208 608 1371 660 remaneret
1381 605 1411 660 in
1427 604 1551 661 civitate.
1568 605 1622 671 Oui
1638 605 1798 664 edificave-

95 696 175 759 runt,
197 692 341 764 incipiant
360 695 469 750 mederi
492 694 662 751 vulneribus
673 711 737 766 quae
751 692 920 758 intulerant,
976 691 1405 765 runtSioninsanguinihus,et
1416 694 1579 751 Jerusalem
1592 694 1622 749 in
1632 694 1797 767 iniquitate,

94 785 126 837 et
141 797 206 837 esse
230 781 345 837 occasio
361 782 505 838 sanitatis.
521 784 725 839 Animadverte
738 783 768 837 in
784 779 921 854 presenti
977 779 1088 852 rapinis
1104 797 1277 854 pauperum,
1293 783 1370 839 caede
1385 782 1555 851 insontium,
1571 784 1716 841 occisione
1730 801 1798 841 ean-

95 869 174 935 loco,
188 885 273 943 posse
284 858 411 942 aliquem
423 872 526 928 docere
537 878 602 943 post
613 877 775 944 peccatum,
788 871 812 925 si
823 875 921 926 tamen
977 873 1100 924 ciorum.
1112 870 1193 934 Quod
1209 871 1234 926 si
1248 871 1314 942 quis
1324 872 1360 926 de
1369 871 1550 943 principibus
1560 872 1799 943 videbaturjudi-

94 959 169 1015 vitia
184 958 309 1031 pristina
320 959 409 1032 digna
424 961 595 1033 poenitentia
604 959 717 1016 eluerit.
734 959 816 1015 Unde
829 958 922 1014 etDa-
978 973 1043 1013 care
1058 959 1136 1029 quod
1152 961 1496 1026 eratreotum,vendebat
1507 961 1602 1033 magis
1613 963 1798 1030 sententiam,

94 1046 146 1102 vid
157 1052 224 1118 post
234 1045 411 1103 adulterium
424 1053 452 1104 et
462 1048 652 1105 homicidium
665 1048 796 1119 loquitur
806 1048 835 1102 in
845 1045 922 1118 psal·
978 1046 1048 1101 etin
1066 1048 1238 1103 muneribus
1249 1049 1411 1120 judicabat.
1428 1051 1598 1107 Sacerdotes
1614 1067 1730 1123 quoque
1741 1067 1799 1107 non

97 1150 166 1191 mo:
189 1136 373 1206 Asperpesmc
399 1137 499 1209 hysopo
514 1143 539 1192 et
557 1138 725 1194 mundabor:
744 1138 848 1193 inuictis
869 1151 922 1199 me,
978 1135 1121 1191 docebant
1144 1137 1297 1210 populum,
1327 1137 1383 1193 nisi
1412 1143 1530 1210 accepto
1554 1140 1665 1211 pretio:
1682 1143 1711 1195 et
1733 1156 1801 1195 cum

93 1233 123 1281 et
144 1226 331 1295 repertricem
346 1224 504 1283 dealbabor.
521 1227 578 1282 Neo
595 1245 648 1282 sua
664 1231 779 1282 tantum
796 1225 923 1298 puritate
979 1223 1094 1303 dicatur
1119 1227 1152 1282 ad
1171 1231 1305 1284 sanctos:
1338 1227 1428 1284 Gratis
1455 1231 1610 1300 accepistis,
1640 1229 1727 1298 protis
1740 1229 1802 1286 date

95 1316 254 1369 contentus
269 1317 324 1380 est,
345 1315 494 1371 sedinlert
505 1332 512 1369 ι
525 1316 613 1371 ltcddc
624 1317 695 1371 miti
713 1316 924 1372 latiticmsatu·
978 1314 1087 1385 (Mutet.
1097 1332 1124 1385 x,
1135 1315 1280 1387 8),illiDei
1289 1332 1474 1390 responsum,
1484 1322 1602 1391 accepta
1609 1318 1803 1392 pecuniapro-

95 1403 169 1457 turis
183 1403 236 1472 tui,
251 1409 277 1457 ct
291 1404 391 1475 spiritu
405 1404 561 1476 principati
574 1406 705 1474 confirmo
723 1421 775 1459 me.
792 1404 924 1475 Cumque
980 1403 1113 1471 terentes,
1130 1405 1610 1476 gratiamliominiavuramercede
1624 1408 1800 1465 vendebant.

94 1490 153 1546 hoc
167 1489 280 1546 feceris.
296 1492 407 1559 Docebo,
424 1492 474 1563 ait,
487 1495 596 1564 iniquos
606 1495 665 1549 cios
677 1497 748 1564 tuns,
757 1497 784 1548 rt
797 1493 881 1564 impii
889 1491 924 1546 od
979 1492 1014 1549 llt
1029 1497 1095 1564 post
1108 1492 1170 1549 hac
1178 1493 1256 1550 mala
1264 1511 1322 1551 non
1333 1495 1528 1569 intelligentes
1536 1502 1687 1569 peccatum
1702 1515 1801 1566 suum,

94 1588 123 1636 te
138 1583 333 1636 convertentur
347 1581 432 1652 (Psoi.
449 1582 488 1653 x).
979 1581 1064 1652 quasi
1075 1581 1235 1639 sceleribus
1246 1584 1423 1640 redimerent
1436 1585 1609 1643 charitatem
1622 1587 1680 1658 Dei,
1687 1587 1803 1659 judices

132 1668 227 1737 (Vere.
257 1669 274 1723 9
294 1673 368 1740 seq.)
391 1670 488 1727 ludite
515 1673 580 1742 neec,
604 1673 745 1744 principes
764 1671 859 1727 domus
881 1673 925 1727 ia·
980 1686 1013 1726 ac
1029 1670 1194 1728 sacerdotes
1205 1676 1233 1727 et
1247 1672 1404 1744 prophetas
1414 1676 1492 1730 410
1509 1675 1557 1731 Dei
1573 1691 1638 1731 esse
1651 1692 1802 1734 sememo-

93 1759 154 1828 σοὺ,
165 1758 237 1828 cua)
247 1759 357 1830 judices
383 1760 589 1817 demuslsracl:
605 1764 655 1833 qui
668 1763 869 1818 abominemini
880 1762 926 1833 ju·
941 1791 965 1858 B
980 1758 1094 1827 rabant,
1103 1764 1132 1816 et
1139 1761 1300 1816 secundam
1309 1761 1497 1834 impaenitens
1505 1764 1801 1823 corsuumdioebant:

93 1847 211 1918 dicium,
218 1850 244 1902 et
255 1849 429 1905 omniarcctu
433 1851 602 1921 pervertitis,
612 1852 660 1920 qui
666 1850 926 1920 certificatisSionin
981 1849 1111 1904 Dominus
1127 1851 1157 1904 in
1170 1850 1262 1905 medic
1284 1857 1408 1906 nostrum
1422 1857 1474 1916 est,
1488 1857 1516 1908 et
1529 1869 1585 1908 non
1599 1856 1710 1910 veninat
1723 1871 1805 1928 super

91 1936 289 2007 sanguinitas,
300 1940 327 1990 et
337 1937 489 1993 Jericsniem
500 1940 529 1993 in
543 1940 700 2009 iniquitute.
710 1940 855 2011 Principes
869 1940 928 2010 ejus
981 1952 1030 1991 nos
1045 1938 1131 1992 uiola.
1145 1938 1217 2003 Quia
1232 1938 1323 2011 igitur
1337 1955 1395 1995 non
1410 1944 1533 2012 egerunt
1548 1942 1760 2014 paenitentiam,
1775 1948 1805 2000 et

93 2027 127 2081 in
142 2025 304 2080 muneribus
324 2025 499 2097 judicabant,
518 2035 545 2083 ct
568 2028 724 2084 sacerdotes
739 2030 797 2084 eins
813 2030 844 2084 in
860 2044 929 2084 mer-
982 2026 1078 2081 omnis
1094 2025 1805 2102 populussecutusestprincipiumetsacerdotum

94 2113 161 2171 cede
175 2114 316 2180 docebant,
327 2122 353 2170 et
368 2117 613 2188 prophetaeejusin
626 2116 926 2189 pecuniudiciucdunt,
982 2114 1249 2187 prophetarumque
1263 2115 1342 2184 vitia,
1359 2116 1426 2173 Sion
1442 2117 1526 2189 quasi
1542 2133 1611 2190 ager
1624 2118 1767 2185 arabitur,
1778 2125 1807 2178 et

94 2207 123 2260 et
137 2219 221 2274 super
244 2205 391 2259 domiuum
405 2206 611 2276 requiescebant
634 2206 767 2262 dicenter:
792 2207 929 2277 Nunaquid
981 2202 1145 2259 Jerusalem
1161 2204 1239 2260 sicut
1253 2220 1374 2260 acervus
1389 2204 1520 2278 lapidum
1535 2207 1601 2273 erit,
1616 2211 1645 2263 et
1660 2209 1805 2281 templum

96 2307 154 2348 nou
177 2292 310 2349 Dominus
325 2296 354 2347 in
379 2293 468 2349 medio
482 2295 629 2351 nostrum?
642 2311 696 2351 non
722 2297 832 2351 uenient
845 2311 930 2364 super
983 2291 1059 2362 quod
1071 2291 1153 2363 prius
1163 2308 1235 2348 auro
1245 2297 1423 2364 argentoque
1433 2293 1573 2366 fulgebat,
1585 2295 1615 2351 in
1627 2296 1729 2353 ruinas
1740 2297 1808 2355 ulti-

102 2397 154 2438 mos
163 2381 256 2436 mota:
271 2391 384 2452 propter
396 2382 445 2438 hoc
458 2399 540 2439 cuma
550 2386 633 2445 uestri
645 2384 710 2439 Sion
724 2386 754 2438 ut
768 2385 930 2455 samarati-
983 2396 1048 2451 mas
1062 2379 1233 2437 collabetur.
1258 2385 1323 2437 Hac
1338 2388 1440 2439 contra
1464 2382 1605 2454 populum
1626 2386 1805 2455 ludaeorum,

105 2478 165 2537 tur,
180 2474 207 2525 et
221 2471 374 2527 Jerusalem
385 2473 464 2543 quusi
473 2488 586 2528 annuus
601 2472 726 2544 tapidum
736 2475 801 2541 erit,
815 2478 842 2529 et
852 2488 931 2528 mons
984 2470 1069 2540 cujus
1084 2486 1152 2526 vera
1166 2470 1319 2542 captivitas
1335 2474 1364 2526 et
1378 2475 1512 2528 extremis
1529 2473 1630 2542 ruina,
1646 2478 1675 2529 et
1690 2479 1806 2546 propter

100 2559 205 2628 tempti
215 2560 245 2613 in
259 2560 367 2616 excelsa
381 2563 525 2616 siluarum.
547 2561 633 2618 Lllll:
649 2561 746 2618 Audite
760 2561 828 2627 hece,
846 2562 931 2618 duces
984 2558 1134 2630 superiora
1144 2558 1262 2630 quidem
1272 2559 1392 2628 scelera,
1406 2561 1456 2616 sed
1469 2561 1594 2617 maxime
1605 2567 1723 2635 propter
1732 2564 1805 2619 ellu-
1877 2596 1884 2607 ·

101 2647 161 2720 [nl.
168 2647 294 2719 judices]
308 2647 404 2704 domus
418 2650 499 2705 Jacob
508 2653 534 2705 et
549 2650 649 2721 reliqui
659 2651 756 2707 doinus
770 2649 869 2721 lsrael,
884 2650 933 2722 qui
984 2647 1096 2703 sionem
1111 2647 1253 2703 Dominici
1271 2648 1424 2721 sanguinis
1439 2648 1567 2722 irrogata
1580 2654 1659 2706 sunt.
1683 2650 1764 2708 Unde
1778 2655 1808 2709 et

102 2736 394 2794 ahmeinominidtttt
401 2739 756 2811 judicium,etomniorecto
764 2740 931 2812 peruectus:
984 2735 1054 2791 Sion
1070 2736 1154 2807 quasi
1169 2752 1237 2808 ager
1252 2740 1333 2792 arata
1348 2741 1403 2803 est,
1414 2741 1444 2793 et
1456 2737 1620 2794 Jerusalem
1631 2739 1661 2794 in
1675 2740 1807 2797 tumulos

101 2829 154 2899 qui
169 2825 310 2897 :edificatis
324 2827 389 2883 Sion
401 2830 431 2882 in
444 2829 828 2901 sanquinihus‚etierusotem
839 2830 870 2884 in
877 2831 932 2884 ini·
984 2840 1067 2880 versa
1081 2841 1230 2892 saxorum,
1245 2829 1274 2880 et
1289 2823 1433 2897 templum
1450 2824 1521 2882 illud
1545 2828 1695 2898 quondam
1711 2829 1808 2885 nobile

103 2915 271 2988 quitatibus.
282 2917 368 2971 Duces
382 2918 441 2989 ejus
454 2918 484 2971 in
494 2918 656 2974 muneribus
661 2918 834 2988 induebant,
851 2922 930 2973 etso-
985 2913 1253 2985 atqucsublime,in
1263 2913 1806 2973 extremoscinerescomminutumest.

104 3003 230 3060 cerdotes
237 3005 296 3075 ejus
311 3007 340 3059 in
351 3004 471 3061 mercede
478 3005 718 3074 respondebant,ct
727 3007 931 3078 prophctieejus
985 3002 1013 3057 Si
1032 3003 1098 3074 quis
1114 3007 1211 3057 autern
1229 3003 1289 3058 hac
1310 3019 1373 3074 qus
1389 3003 1425 3059 de
1438 3002 1599 3060 Jerusalem
1615 3003 1765 3077 dicuntur,
1779 3009 1809 3062 et

108 3094 143 3147 iu
160 3095 277 3164 pneuma
292 3094 465 3161 divinabant,
478 3099 504 3150 ct
518 3110 602 3164 super
616 3095 763 3151 Dominum
778 3098 931 3166 requiesce·
984 3091 1020 3147 do
1035 3091 1103 3147 Sion
1119 3091 1155 3146 ad
1171 3090 1330 3148 Ecclesiam
1345 3091 1501 3147 transierat
1514 3091 1649 3164 (ipsaest
1662 3093 1740 3149 enim
1756 3095 1807 3150 do·

105 3181 184 3253 bant,
195 3181 333 3239 dicentes:
344 3184 439 3239 Nonne
453 3184 587 3239 llominus
607 3186 637 3240 iu
651 3184 729 3239 notis
743 3187 869 3240 estinan
882 3200 929 3239 ce·
945 3160 967 3227 C
986 3180 1160 3248 musiacob,
1171 3186 1200 3236 et
1210 3181 1317 3236 domus
1328 3180 1426 3248 lsrael,
1436 3180 1765 3254 secundumilludquod
1776 3181 1807 3239 in

100 3273 184 3328 niem
195 3287 276 3343 super
296 3288 345 3328 nos
358 3273 446 3328 malo.
462 3271 565 3328 lctcirco
579 3281 691 3344 propter
704 3289 750 3329 cos
763 3274 831 3329 Sion
851 3274 931 3345 quusi
985 3270 1061 3326 lsaia
1071 3270 1211 3327 scribitur
1222 3286 1228 3327 :
1239 3271 1396 3338 lucobpuer
1404 3286 1490 3336 meus,
1500 3272 1807 3345 suseipiomeum(lsai.

99 3361 321 3430 opmarulrilur,
333 3369 359 3417 ct
373 3362 524 3418 Jerusalem
539 3369 568 3417 ut
581 3363 711 3419 custodia
728 3364 849 3434 pomarii
864 3364 929 3431 erit,
983 3376 1040 3428 xm,
1053 3361 1092 3431 8),
1109 3360 1143 3415 lit
1156 3358 1228 3414 illud
1254 3360 1290 3414 ad
1306 3358 1511 3415 Timotheum:
1530 3360 1561 3416 o:
1582 3363 1654 3415 scias
1676 3361 1808 3432 quomodo

99 3457 126 3506 et
136 3465 217 3506 urens
225 3451 338 3506 Domini
348 3453 377 3505 in
388 3452 481 3506 lucum
493 3452 590 3506 sottus.
600 3451 691 3507 Nemo
702 3451 835 3523 ambigit,
846 3451 929 3506 Jeru-

98 3536 195 3594 salem
210 3542 329 3611 proptor
344 3538 455 3595 scelera
468 3556 531 3610 quos
546 3540 576 3594 in
594 3539 656 3597 ,hoc
677 3537 805 3610 capitulo
820 3537 929 3593 descri-

98 3630 224 3697 buntur,
240 3626 331 3684 fuisse
341 3628 522 3699 subversam,
534 3633 562 3684 et
575 3627 644 3700 quia
654 3627 795 3699 supravel
808 3626 844 3682 ad
851 3626 930 3697 judi-

98 3732 162 3784 ces,
178 3715 222 3772 vel
238 3716 274 3772 ad
290 3716 561 3789 pseudoprophetas
572 3720 759 3789 precesserat
769 3713 929 3771 commina-

98 3805 164 3861 tio:
187 3805 295 3871 dudite‚
308 3807 450 3878 principes
473 3806 569 3862 minus
587 3805 679 3872 Jucoh,
694 3813 719 3860 et
737 3805 816 3860 duces
834 3805 930 3860 domus

98 3894 198 3952 lsrael.
217 3899 252 3951 st
266 3899 333 3967 post
348 3911 456 3967 paucos
477 3894 655 3951 versiculos:
670 3897 733 3951 Hac
750 3894 817 3949 dicit
831 3894 930 3950 Domi·

98 3999 157 4039 nus
169 3999 253 4057 super
265 3984 425 4056 Prophetes,
453 3986 500 4055 qui
520 3983 652 4041 seducunt
673 3983 804 4055 populum
825 3998 927 4050 mmm,

99 4072 271 4145 etreliqua:
301 4089 380 4128 nuno
395 4072 571 4145 generaliter
592 4077 621 4128 et
634 4072 789 4128 adversum
800 4070 927 4143 judices,

98 4166 130 4219 et
140 4161 298 4218 adversum
310 4161 590 4235 pseudoprophetae,
601 4165 630 4216 et
639 4164 740 4217 contra
749 4162 927 4230 sacerdotes,

99 4254 130 4308 et
146 4255 249 4307 contra
262 4267 322 4320 eos,
344 4249 394 4323 qui
409 4250 466 4306 sibi
481 4250 531 4306 Dei
547 4249 761 4322 pollicebantur
783 4250 927 4319 notitiam,

984 3450 1009 3502 te
1023 3451 1143 3516 oprorieot
1157 3449 1188 3502 in
1209 3447 1293 3502 durno
1309 3447 1358 3502 liei
1371 3448 1536 3516 accerseri,
1554 3461 1617 3516 quae
1634 3456 1672 3503 cst
1687 3450 1807 3505 Emtesia

984 3534 1007 3606 (l
1024 3536 1082 3590 Tim
1097 3551 1139 3598 111,
1156 3535 1200 3603 15)
1213 3533 1268 3588 iste
1283 3533 1395 3604 liquido
1410 3532 1580 3605 pervidebit,
1603 3534 1680 3606 quod
1697 3534 1807 3607 princi·

985 3639 1036 3695 pes
1045 3623 1151 3678 domus
1164 3621 1265 3692 Jacob,
1281 3625 1310 3676 et
1322 3620 1426 3693 reliqui
1441 3621 1573 3677 dedomo
1585 3621 1763 3692 lsraelteiva
1774 3629 1809 3682 ut

984 3711 1131 3767 meliusin
1142 3710 1261 3765 Hebraeo
1271 3709 1477 3781 scriptumest)
1485 3710 1595 3766 ludices
1605 3710 1806 3782 domuislsrael,

984 3816 1041 3856 non
1058 3800 1118 3856 siut
1128 3799 1176 3855 alii
1188 3798 1245 3855 nisi
1255 3797 1394 3870 episcopi,
1406 3798 1566 3872 presbyteri
1578 3799 1742 3868 etdiaooni‚
1756 3802 1806 3874 qui

984 3889 1041 3944 nisi
1058 3888 1137 3945 omni
1162 3886 1296 3944 custodia
1309 3885 1487 3943 servaverint
1509 3903 1559 3944 cor
1577 3903 1676 3958 suum,
1692 3889 1808 3947 abomi-

984 3976 1240 4049 nanturjudicium
1250 3980 1279 4032 et
1287 3975 1510 4032 universarecta
1519 3982 1704 4048 pervertunt:
1716 3995 1808 4051 quan-

983 4068 1020 4124 do
1035 4067 1113 4123 enim
1125 4068 1210 4138 Juxta
1219 4065 1526 4138 personamjudicant,
1538 4070 1567 4123 et
1578 4065 1609 4122 in
1620 4065 1806 4140 disceptatio·

984 4172 1019 4211 ne
1031 4155 1140 4229 negotii
1155 4171 1212 4211 non
1223 4153 1398 4211 raletcause
1406 4155 1556 4222 meritum,
1568 4155 1619 4211 ead
1631 4172 1748 4213 reorum
1760 4173 1806 4230 po·

983 4244 1190 4310 tentia,nonne
1199 4242 1568 4314 abominanturjudicium,
1580 4247 1609 4300 et
1618 4245 1719 4301 omnia
1729 4249 1808 4304 recta

98 4337 282 4412 prophetalis
297 4355 394 4396 sermo
408 4338 525 4405 texitur,
542 4343 571 4394 et
585 4339 683 4411 arguit
694 4355 743 4394 eos
755 4338 833 4409 quod
845 4354 929 4411 prop·
984 4333 1175 4407 pervertunt?
1190 4333 1390 4389 Potestautem
1397 4337 1427 4389 at
1435 4332 1521 4389 aliter
1528 4332 1630 4405 accipi,
1640 4335 1719 4405 quod
1731 4335 1808 4407 priu-

98 4432 147 4486 ter
161 4427 272 4484 scelera
286 4444 387 4484 eorum
398 4428 466 4483 Sion
483 4427 568 4498 quasi
582 4443 650 4499 ager
660 4428 770 4482 aranda
784 4428 833 4498 sit,
846 4430 930 4484 ette-
984 4423 1063 4495 cipes
1078 4424 1184 4479 domus
1198 4421 1298 4492 Jacob,
1315 4426 1343 4477 et
1353 4421 1469 4492 judices
1477 4421 1583 4477 domus
1593 4420 1683 4477 lsrael
1691 4421 1807 4479 abomi-

99 4516 232 4574 rusalem
247 4516 326 4573 velut
336 4533 457 4573 acervus
470 4516 602 4588 lapidum
617 4515 793 4585 corruitura,
805 4520 929 4573 etmons
943 4531 967 4597 D
984 4516 1092 4568 nentur
1107 4511 1345 4581 detestenturque
1350 4508 1506 4580 judicium,
1518 4508 1806 4581 Deijudicissentan·

97 4603 927 4680 templiiuturueinexcelsasilvarum.Videmuscomple·
982 4602 1054 4657 tiam
1069 4599 1262 4665 declinantes,
1275 4603 1303 4654 et
1318 4597 1576 4670 omnemregulam
1587 4597 1805 4670 Scripturarum

98 4700 132 4752 ta
146 4711 214 4768 quae
223 4695 391 4752 dictasunt:
402 4695 460 4751 oris
470 4692 702 4765 eloquiumoculi
713 4693 852 4765 probant:
861 4711 928 4766 pro·
983 4690 1069 4746 malis
1078 4686 1368 4758 interpretationibus
1383 4687 1584 4758 depravantes,
1596 4686 1645 4742 isti
1660 4687 1807 4744 edificant

99 4785 208 4859 phetia
221 4784 305 4841 testis
321 4788 456 4857 aspectus
472 4786 525 4839 cst.
541 4782 601 4838 Hoc
615 4782 713 4855 ipsum
724 4781 927 4840 testimonium
981 4779 1085 4836 Sionin
1093 4776 1289 4849 sanguinibus
1301 4793 1308 4831 :
1319 4774 1805 4849 etJeruealemininiquitate.Cum

98 4878 130 4931 et
144 4873 177 4929 in
190 4872 323 4929 Jeremiae
338 4871 487 4930 volumino
498 4870 637 4928 scribitur
651 4872 761 4943 (ierem.
772 4874 860 4941 nxvr),
877 4872 926 4927 ubi
981 4868 1058 4925 enim
1072 4866 1222 4937 Scriptura
1232 4864 1336 4936 jubeat
1348 4880 1354 4918 ε
1368 4863 1451 4936 Ne(b)
1465 4863 1580 4920 inducas
1590 4865 1709 4933 impium
1718 4867 1750 4920 in
1761 4869 1808 4923 to·

98 4967 130 5019 et
144 4962 270 5019 Miohaeae
285 4961 433 5035 prophetae
448 4961 612 5028 crementio,
629 4965 658 5016 et
668 4959 830 5016 Jerusalem
840 4960 928 5017 vasti·
982 4955 1307 5026 temacutumjusurum
1322 4953 1407 5025 (Psoi.
1423 4954 1462 5023 v),
1473 4959 1502 5008 et
1515 4952 1610 5009 virum
1625 4954 1804 5026 sanguinum

98 5055 148 5109 tas
160 5052 344 5124 predicatur.
358 5052 374 5108 J
378 5052 477 5107 udices
489 5054 518 5106 et
527 5049 673 5122 principes
681 5050 787 5106 domus
797 5049 888 5106 Jacob
898 5054 927 5106 et
981 5044 1155 5102 etdolosum
1170 5042 1356 5099 abominetur
1371 5042 1530 5098 Dominus:
1555 5042 1586 5099 hi
1601 5058 1805 5116 quoecumque

99 5142 210 5198 domus
226 5140 325 5211 lsrael,
337 5141 431 5209 idest,
448 5145 476 5197 et
491 5140 618 5196 duarum
632 5144 661 5195 et
671 5139 770 5195 decem
783 5138 926 5211 tribuum,
981 5135 1016 5192 de
1028 5132 1148 5190 asseclis
1163 5131 1226 5188 suis
1240 5130 1514 5199 ordinantolericos,
1523 5131 1651 5188 civitam
1661 5148 1762 5189 eorum
1774 5131 1805 5188 in

137 5321 177 5402 (a)
199 5319 289 5388 ldem,
304 5319 482 5392 legendum,
508 5318 613 5391 inquit,
630 5321 707 5374 esset
730 5318 822 5384 eluces,
840 5322 873 5374 ut
894 5316 925 5373 in
981 5331 1039 5371 non
1054 5315 1152 5369 autem
1168 5308 1321 5367 lectionem
1335 5313 1448 5366 mutare
1463 5308 1582 5384 placuit.

98 5390 247 5517 ΡΠΜᾞΟ
266 5389 405 5475 ⁰⁸PJWJJ²
422 5391 524 5447 eadem
539 5390 625 5473 θῦῑζῦ,
643 5389 799 5474 ”imbl‘llle
813 5406 867 5472 5⁰¹
882 5392 927 5445 est
1016 5397 1435 5474 (htNotatumliotoriobaheri
1443 5398 1805 5458 testinnoniuml‘rov.1xrr

97 5474 185 5548 'm‘
226 5478 309 5519 esum
324 5479 394 5535 <1⁰¹⁸
409 5462 534 5535 vnlssata
558 5462 645 5518 ⁸d¹t¹⁰
665 5461 872 5534 lesslhiudwe',
898 5464 926 5517 et
979 5473 1141 5531 secundum
1164 5468 1364 5542 Septuaginta,
1392 5469 1430 5541 μὴ
1450 5470 1608 5544 προσάγαγε
1632 5463 1715 5539 deciri
1731 5474 1804 5545 νομῇ

97 5551 142 5610 ita
156 5551 244 5610 etiam
254 5550 361 5610 Hieron
381 5552 676 5624 musinterpretatur,
688 5551 854 5608 adsensum
866 5565 926 5607 ma·
980 5542 1103 5601 δικαίων.
1121 5544 1183 5609 Quo
1196 5541 1226 5597 in
1241 5540 1305 5623 lopo
1322 5558 1383 5625 non
1397 5541 1555 5600 habemus:
1571 5544 1609 5600 Ne
1633 5559 1741 5617 querc:
1755 5545 1805 5626 im

96 5623 146 5699 gis
161 5639 252 5696 quam
268 5623 304 5682 ad
317 5569 439 5681 verhum
458 5623 628 5696 respiciens,
644 5639 760 5681 monere
775 5621 924 5696 lectorem,
977 5617 1150 5693 pietatemin
1163 5614 1245 5673 domo
1255 5621 1339 5685 justi.
