3818 6104
107 306 187 377 soe
730 301 764 367 s.
786 298 1185 373 eusuaumuuourur
1732 304 1814 379 *aa

106 442 194 499 tuerit
208 437 415 502 comminatus,
438 438 474 494 ud
500 435 701 510 paenitentiam
720 454 770 494 eos
786 455 859 511 quos
874 444 929 495 ter·
944 442 974 509 Α
988 439 1072 513 galis,
1089 440 1139 512 qui
1154 444 1221 513 post
1241 440 1398 497 adveutum
1420 437 1527 499 Christi
1546 456 1670 498 rursum
1690 440 1815 512 eupiunt

106 531 176 601 ruit,
192 531 339 602 provocat,
360 528 446 599 iuxta
466 526 541 582 illud
557 527 635 599 quod
652 528 681 582 in
697 527 772 584 lsaia
787 527 931 598 legimus:
988 528 1169 585 circumcidi.
1187 530 1217 584 ln
1233 528 1361 602 Galgalis
1376 529 1455 585 enim
1470 530 1597 587 secundo
1612 527 1746 602 populus
1759 529 1814 585 cir·

108 619 160 686 l'ae,
170 632 237 687 pens
245 617 523 690 periurissimum
532 616 631 687 plenus
641 617 763 685 delictis,
771 632 862 672 semea
869 631 932 688 pes·
987 618 1136 673 cumcisus
1151 617 1292 674 estUnde
1308 624 1336 675 et
1349 619 1413 691 ipse
1424 619 1505 675 locus
1515 635 1622 675 nomeu
1633 618 1767 691 accepit:
1783 633 1815 675 eu

104 709 217 776 umam,
239 706 308 777 pitia·
331 707 424 777 iniqui
446 705 521 777 (lsai.
546 723 564 774 1,
581 706 619 778 l).
646 705 777 778 Cumque
799 704 931 775 dixisset,
987 707 1064 779 quod
1080 706 1233 764 abstulerit
1248 707 1590 781 Dominusopprobrlum
1599 706 1816 781 AEgyptiabeis

104 799 179 852 terra
195 802 283 851 uestra
296 793 412 864 deserta
430 796 552 851 ciuitates
565 796 660 851 uestrae
675 795 738 864 iane
752 802 930 866 consumpte,
986 794 1056 866 (Jos.
1072 799 1111 864 v).
1128 797 1161 851 Bt
1183 799 1214 851 in
1228 797 1369 865 Bersabee,
1387 796 1492 868 inquit,
1517 796 1578 852 sive
1592 796 1629 852 ad
1642 804 1761 867 panum
1771 796 1816 868 iu·

104 885 228 955 repieues
243 888 346 939 oestrus
367 900 459 940 cerum
472 885 545 939 vobis
560 882 615 954 [Al.
632 885 663 938 ia
676 887 819 955 conspecta
835 885 930 952 nestro]
985 887 1107 942 rancenti
1128 901 1185 940 aon
1207 887 1382 942 transibitis:
1409 902 1444 941 ne
1465 884 1531 942 illos
1549 885 1660 957 putetis
1676 884 1816 941 terminus

104 974 194 1030 alieni
202 973 354 1044 comedent,
362 973 492 1044 loquitur
502 972 538 1027 ad
550 988 599 1028 eos
609 970 732 1027 meliora
741 971 929 1043 promittens:
984 974 1000 1029 J
1004 977 1102 1040 udae,
1110 991 1184 1046 quos
1193 973 1263 1030 olim
1274 974 1439 1030 secundum
1451 972 1580 1031 litteram
1590 972 1817 1045 Scripturapru

103 1063 263 1130 lavamini,
279 1061 377 1117 mnndi
390 1064 495 1117 etate:
522 1063 628 1131 ansele
642 1059 766 1115 malitias
778 1062 881 1114 vestras
896 1058 930 1113 ab
984 1063 1136 1119 miserata
1152 1068 1211 1119 ban
1228 1078 1321 1134 usque
1336 1063 1476 1118 Bersabee
1492 1080 1498 1118 :
1526 1079 1579 1119 neo
1604 1062 1715 1119 dicatis
1743 1061 1818 1119 ultre

103 1151 326 1208 animisnostris.
342 1147 927 1221 Dicitebenefacere[Altonumtacereb
985 1169 1051 1206 cum
1083 1151 1248 1224 propheta:
1275 1155 1364 1208 Notas
1390 1154 1421 1207 in
1443 1152 1544 1209 iudaea
1566 1152 1650 1219 aaa,
1677 1153 1710 1207 irs
1736 1153 1817 1208 iuuet

102 1235 927 1315 quariteiudiuamdadicatepupitte,justificaienidnom:
983 1256 1116 1309 mapsam
1144 1256 1242 1297 nomeu
1269 1241 1327 1312 ejus
1353 1242 1438 1311 (Psoi.
1463 1257 1526 1306 axx,
1555 1241 1601 1311 1),
1633 1239 1689 1295 sed
1721 1240 1817 1298 audite

103 1332 127 1387 ei
143 1329 439 1400 uertitedispuiemus,
466 1327 533 1383 dicit
548 1328 679 1383 Dominus
702 1325 783 1394 (leid.
798 1342 854 1398 xvi,
874 1324 927 1396 17).
983 1346 1050 1385 oum
1063 1329 1221 1400 apostolis:
1238 1330 1270 1385 ln
1281 1344 1389 1385 omnem
1399 1338 1501 1385 terram
1510 1331 1597 1384 asiais
1606 1344 1812 1386 serueueram:

101 1417 252 1485 Quomodo
262 1433 331 1490 ergo
346 1416 376 1472 in
393 1416 478 1483 lsaia,
494 1432 568 1488 quos
583 1431 683 1471 severa
694 1431 762 1470 voce
773 1417 927 1483 terruerat,
981 1422 1006 1472 et
1023 1420 1053 1474 ia
1068 1418 1135 1488 fiaes
1149 1419 1223 1474 erbis
1236 1420 1320 1475 terra
1334 1418 1414 1474 verba
1429 1434 1524 1474 eorum
1547 1417 1636 1489 (Psoi.
1662 1434 1751 1489 xvur,
1770 1419 1797 1488 l)

101 1506 211 1564 blanda
224 1503 355 1564 oratione
370 1509 534 1562 sustentet:
552 1504 593 1560 ita
607 1508 636 1561 et
653 1503 727 1561 286
745 1503 774 1558 in
791 1503 846 1558 boo
861 1519 927 1575 pro·
982 1507 1052 1578 quia
1065 1505 1195 1578 Galgala,
1206 1507 1234 1562 id
1246 1515 1302 1572 est,
1312 1506 1410 1564 carnis
1422 1506 1619 1572 circumcisio,
1631 1507 1753 1579 captiva
1764 1507 1812 1564 du·

101 1594 200 1668 pheta,
215 1593 324 1666 quibus
336 1593 466 1651 dixerut:
483 1592 863 1657 camulianensium
875 1591 929 1647 od·
981 1601 1064 1652 cetur
1079 1612 1096 1650 a
1111 1611 1178 1651 vera
1193 1594 1417 1651 circumcisione
1427 1594 1523 1651 cordis
1537 1611 1544 1649 :
1560 1599 1590 1650 et
1600 1593 1717 1665 Bathel,
1729 1611 1813 1668 quam

97 1684 177 1756 jiciet
191 1690 223 1739 ut
235 1690 378 1756 resarpot:
395 1683 475 1756 vireo
490 1683 574 1737 lsraet
587 1683 693 1737 errant
717 1681 748 1736 in
771 1689 856 1744 terra,
872 1695 927 1735 nen
982 1683 1093 1756 putatis
1107 1683 1230 1739 domum
1247 1685 1306 1749 Dei,
1324 1700 1382 1739 nou
1398 1683 1551 1750 subsistet,
1567 1683 1641 1751 sive,
1658 1687 1696 1739 ut
1710 1682 1813 1742 melius

100 1779 140 1828 est
153 1773 203 1844 qui
216 1773 324 1828 suscitet
344 1787 413 1827 eona
438 1770 501 1826 Nou
517 1770 649 1842 loquitur
662 1770 698 1826 ad
714 1785 775 1836 eos,
790 1773 818 1825 et
833 1767 924 1823 dicit:
984 1772 1118 1840 arbitror,
1135 1773 1191 1827 erit
1206 1771 1331 1839 inutilis,
1347 1771 1377 1826 id
1392 1774 1446 1839 est,
1461 1789 1536 1829 ausu
1546 1772 1646 1859 <libb
1664 1777 1701 1828 ut
1712 1788 1816 1846 nequa·

102 1860 141 1933 (a)
153 1861 255 1918 Bomos
269 1861 364 1931 lsrael,
380 1858 409 1914 id
425 1863 480 1926 est,
493 1859 592 1915 decem
604 1859 709 1923 tribus,
724 1859 929 1929 quaritemect
984 1876 1072 1930 quum
1101 1858 1265 1932 appelletur
1292 1861 1389 1917 domus
1417 1861 1476 1933 liei,
1501 1861 1552 1918 sed
1572 1865 1700 1918 vocetur
1724 1860 1813 1918 donus

100 1950 218 2010 niceta:
234 1949 374 2022 quoniam
389 1949 419 2004 in
435 1963 468 2004 so
483 1948 561 2020 quod
577 1964 624 2004 me
634 1964 691 2002 uon
705 1945 845 2019 queritis,
857 1945 928 2001 estis
984 1949 1104 2012 inutilis,
1121 1948 1180 2004 sive
1196 1949 1273 2005 idoli.
1289 1949 1379 2006 Aliter
1395 1966 1402 2006 :
1429 1951 1536 2017 Quaerit
1551 1949 1668 2021 Bathel,
1689 1950 1742 2024 qui
1754 1955 1814 2009 aa·

102 2037 220 2094 mortui.
232 2037 364 2110 Cumque
374 2036 559 2109 quesieritis,
576 2035 748 2091 invenietis:
764 2038 793 2090 et
807 2050 873 2089 curn
885 2033 928 2088 iu·
982 2039 1047 2092 tum
1063 2035 1189 2093 litteram
1204 2037 1338 2109 sequitur
1348 2039 1539 2107 occidentem,
1554 2055 1610 2095 nec
1623 2055 1761 2107 sensum,
1771 2040 1814 2112 qui

100 2126 249 2191 veneritis,
264 2126 376 2182 vivetis.
393 2125 428 2181 Bt
443 2124 533 2181 nolite
549 2140 678 2197 querere
696 2120 806 2192 Bathel,
822 2122 852 2177 in
868 2139 927 2194 que
984 2131 1058 2181 Deus
1074 2129 1128 2193 est,
1145 2126 1249 2196 querit
1260 2125 1289 2181 in
1299 2126 1396 2183 verbis
1411 2143 1417 2182 ι
1432 2132 1460 2182 et
1473 2127 1561 2182 intrat
1573 2127 1607 2182 iu
1618 2126 1756 2200 Galgala,
1766 2127 1813 2200 qui

99 2219 162 2272 erut
174 2213 285 2271 vitulus
300 2231 419 2285 aureus,
433 2218 463 2271 et
476 2212 626 2287 Galgulam
637 2212 734 2268 locum
744 2210 924 2278 idololatria,
982 2215 1017 2270 ad
1035 2215 1161 2286 majores
1177 2215 1300 2270 enititur
1315 2213 1517 2283 revelationes,
1539 2231 1748 2288 supernorum
1761 2216 1810 2275 eibi

99 2305 135 2360 de
150 2319 207 2377 quo
223 2308 252 2361 et
266 2320 356 2377 supra
374 2302 452 2359 dixi:
470 2303 564 2359 dranis
578 2302 687 2357 malitia
700 2317 798 2358 eorum
810 2301 841 2355 in
857 2300 924 2357 Got-
979 2303 1133 2360 scientiam
1150 2303 1549 2377 repromittonatrausitque,
1561 2304 1623 2361 sive
1634 2304 1809 2363 ascenditsd

98 2394 171 2464 pate
195 2392 273 2464 (Osee
288 2410 327 2461 rx,
346 2393 399 2465 15).
424 2392 459 2447 at
472 2391 503 2446 iu
520 2391 661 2447 Bersabee
676 2407 733 2446 non
750 2387 922 2445 transibitis.
979 2398 1113 2465 puteum,
1129 2393 1164 2448 de
1175 2410 1233 2464 quo
1246 2393 1429 2449 Samaritana
1440 2393 1557 2450 haurire
1567 2393 1698 2467 cupiens
1707 2410 1803 2468 aquas,

99 2481 223 2541 Pulchre
237 2481 266 2538 in
283 2482 436 2552 Bersabee,
453 2480 557 2553 inquit,
575 2480 629 2536 boc
639 2484 684 2535 est
696 2478 731 2534 ad
746 2478 923 2552 puteumju·
978 2499 1041 2555 que
1058 2482 1138 2538 sitim
1153 2482 1260 2538 satiare
1277 2498 1334 2538 nou
1349 2487 1479 2555 possent,
1505 2483 1666 2557 ignorabat
1681 2484 1804 2550 eumilo

98 2571 233 2641 ramerii,
259 2587 318 2627 uon
342 2570 530 2626 transibitis:
556 2568 607 2625 ubi
621 2568 647 2625 si
666 2567 783 2640 quando
808 2567 925 2623 errabat
977 2573 1063 2643 cujus
1080 2575 1176 2627 ventre
1201 2571 1364 2643 procedunt
1384 2571 1506 2628 llumina
1521 2571 1661 2629 salientis
1675 2572 1802 2647 aequeris

97 2659 194 2717 tribus
207 2660 296 2728 luda,
321 2659 399 2716 idola
413 2659 534 2715 adorare
548 2661 748 2728 consueverat.
773 2657 922 2712 intantum
976 2661 1066 2716 vitam
1082 2664 1219 2717 aternam
1235 2659 1345 2731 (loona.
1363 2660 1412 2733 nv).

98 2754 197 2806 autern
208 2748 434 2806 simulacrorum
445 2748 524 2804 cultu
536 2747 650 2803 larebat
660 2745 758 2815 lsrael,
771 2749 803 2802 ut
813 2762 923 2817 nequa·
1013 2749 1153 2822 (Versd.)
1164 2750 1285 2817 Qriecrite
1298 2749 1485 2816 barcinomae
1495 2751 1579 2807 uiuite
1592 2768 1600 2806 ι
1612 2766 1649 2807 ne
1658 2753 1731 2823 torte
1740 2765 1802 2808 aare

98 2855 188 2912 quem
212 2842 366 2895 cosmatus
390 2837 476 2894 idolis
501 2837 574 2903 suis,
602 2837 638 2892 ad
661 2835 755 2892 aliena
774 2833 921 2891 transiret.
978 2840 1092 2895 iuratur
1106 2846 1136 2894 ut
1150 2839 1221 2908 iqar's
1235 2837 1329 2893 danus
1343 2839 1463 2910 loseph:
1489 2838 1684 2907 ardenaraeit,
1709 2845 1736 2896 es
1753 2857 1800 2897 aas

100 2928 232 3001 Denique
257 2927 383 2998 Gabala,
406 2926 513 2999 iuquit,
533 2927 640 2998 captiva
654 2925 775 2989 ἀπορίαν,
791 2928 816 2979 et
831 2923 923 2980 Betbel
976 2929 1012 2984 sit
1027 2925 1124 3000 [Vulg.
1140 2928 1203 2998 erit]
1217 2928 1266 2998 qui
1280 2929 1438 2998 eastinpaat
1454 2927 1556 2983 Betbet.
1574 2927 1667 2985 Lxx:
1688 2930 1799 3000 Quarto

99 3018 153 3075 erit
166 3015 291 3084 inutilis,
307 3017 368 3073 sive
383 3015 499 3090 penitus
514 3032 572 3071 non
583 3014 759 3079 subsistens,
769 3029 835 3069 cum
847 3013 924 3070 idola
977 3017 1132 3087 Dominum,
1148 3024 1173 3072 et
1184 3017 1285 3072 vivite:
1301 3032 1336 3072 ne
1344 3019 1414 3088 torte
1426 3016 1608 3073 smcendotur
1620 3023 1654 3074 ut
1675 3019 1747 3090 ipsis
1758 3017 1797 3074 de

101 3109 131 3164 in
146 3125 181 3165 eu
195 3107 337 3164 subversa
351 3105 469 3162 luerint.
481 3104 521 3161 De
535 3103 676 3159 Bersabee
686 3101 805 3158 omnino
815 3104 921 3171 tacuit,
978 3122 1039 3160 mas
1052 3106 1168 3177 loseph:
1184 3109 1208 3159 ct
1222 3105 1331 3162 decrerat
1343 3122 1416 3172 euni,
1432 3110 1457 3160 et
1473 3121 1528 3161 non
1542 3107 1582 3161 sit
1597 3109 1649 3178 qui
1663 3108 1797 3177 eminam

99 3195 267 3270 quievistis
282 3195 380 3250 decem
395 3192 543 3259 tribubus,
559 3191 629 3246 urbs
642 3190 760 3246 nomine
770 3189 922 3258 Bersabee,
938 3171 959 3240 C
977 3194 1087 3250 dearum
1110 3193 1203 3249 lsrael.
1229 3193 1378 3257 Quomodo
1403 3210 1438 3248 ea
1461 3210 1589 3266 persona
1611 3194 1666 3251 Dei
1681 3195 1795 3253 dicitur:

101 3301 166 3357 qua
181 3287 242 3341 erat
258 3284 289 3339 in
308 3282 387 3338 tribu
402 3281 480 3337 Juda
494 3279 545 3335 illo
560 3283 756 3351 temporanee
771 3281 856 3350 capta
869 3293 923 3333 uec
976 3285 1163 3353 Quariteme,
1175 3285 1199 3337 at
1211 3284 1314 3350 einais,
1325 3282 1365 3337 ita
1376 3281 1516 3355 propbeta
1526 3282 1563 3339 de
1575 3283 1797 3357 Dumiuotoqui·

98 3373 248 3430 destructe
261 3375 315 3429 est.
339 3369 492 3442 SImulque
516 3367 818 3432 animadvertendum,
843 3366 921 3439 quod
976 3376 1034 3437 tur,
1051 3376 1083 3426 ut
1098 3374 1229 3442 querant
1243 3387 1321 3441 eum,
1345 3376 1374 3426 et
1395 3371 1502 3426 vivant.
1520 3372 1553 3426 ln
1570 3389 1605 3428 eo
1621 3373 1706 3430 enim
1728 3371 1795 3447 quud

96 3461 286 3535 Septuaginta
310 3461 481 3532 interpretes
504 3457 534 3513 in
559 3456 693 3530 prasenti
722 3454 785 3511 loco
815 3471 921 3511 nomeu
976 3457 1794 3533 quaruutDomiuum,vivereincipiunt:sinautemuou

95 3552 226 3608 Bersabee
236 3548 417 3622 interpretati
427 3546 753 3614 sint‚dicentes,pateam
761 3545 919 3613 iuramenti,
976 3548 1144 3620 quesierint
1153 3564 1231 3615 eum,
1244 3553 1273 3603 et
1285 3547 1392 3603 ideirco
1404 3564 1461 3603 non
1471 3547 1610 3616 vinerint,
1628 3550 1792 3607 statimsue·

95 3644 124 3697 et
137 3639 167 3695 in
183 3638 394 3711 posterioribus
415 3637 512 3710 ipsum
529 3651 636 3691 nomen
652 3638 833 3707 posuerunt:
852 3634 923 3689 Viuit
976 3638 1116 3693 condetur
1131 3641 1163 3691 ut
1177 3636 1254 3708 iguis
1270 3636 1375 3692 domus
1390 3635 1509 3708 Josepb,
1525 3637 1787 3712 quampropere

88 3733 169 3793 ,Deus
192 3736 255 3785 tuus
278 3728 339 3784 Dan
355 3743 361 3782 :
386 3735 411 3786 et
426 3727 492 3782 trinit
504 3726 550 3781 eia
565 3725 709 3780 Bersabee.
726 3722 807 3779 Viaru
822 3726 920 3778 autem
976 3728 1106 3793 roboam,
1131 3725 1182 3797 qui
1197 3726 1233 3780 de
1248 3726 1326 3781 tribu
1342 3724 1479 3797 Ephraim
1494 3730 1523 3781 et
1537 3727 1576 3782 de
1592 3727 1682 3784 domo
1693 3723 1788 3797 loseph

95 3818 237 3877 Bersabee
261 3820 431 3891 posueruut,
457 3816 535 3889 quod
551 3815 587 3870 de
603 3813 691 3870 lsrael
706 3812 793 3885 longo
818 3811 921 3868 itinere
976 3816 1041 3884 tuit,
1066 3815 1165 3871 decem
1191 3815 1287 3870 tribus
1303 3815 1411 3870 sentire
1426 3814 1581 3881 debemus,
1598 3833 1668 3888 qua
1681 3813 1792 3890 appelle-

94 3909 255 3983 pergebant
268 3908 305 3963 ad
321 3907 440 3963 ultimos
456 3907 597 3962 terminos
612 3902 706 3973 Judae,
727 3900 778 3973 qui
792 3904 876 3957 erant
890 3900 920 3955 in
975 3905 1083 3960 bantur
1108 3902 1206 3970 lsrael,
1230 3907 1259 3959 et
1282 3920 1316 3959 ex
1339 3904 1449 3974 majore
1474 3903 1577 3975 populi
1600 3911 1793 3978 parteuumes

95 3997 223 4066 Geraris,
233 3996 408 4070 etAEgyptia
418 3993 569 4051 solitudini
578 3991 790 4065 jungebantur,
802 3994 834 4044 ut
844 3987 922 4044 idola
976 3992 1132 4064 pristinum
1144 3991 1343 4064 possidebant.
1355 3992 1423 4047 Dua
1435 3997 1532 4047 autem
1545 3992 1648 4051 tribus
1657 4008 1794 4067 quarege

95 4084 292 4143 colerentllst
302 4082 492 4141 autcmlocus
502 4081 531 4136 iu
543 4097 601 4153 quo
612 4077 918 4135 habitavitbbrabam:
975 4083 1082 4138 bantur
1096 4098 1112 4137 a
1126 4081 1218 4153 stirpe
1232 4081 1334 4152 David,
1351 4081 1400 4153 qui
1415 4082 1451 4137 de
1466 4081 1545 4137 tribu
1555 4081 1638 4139 luds
1650 4084 1725 4141 ssi
1739 4082 1795 4150 luit,

96 4180 125 4232 et
137 4191 173 4233 ex
186 4191 220 4231 eo
236 4173 314 4247 quod
325 4189 391 4230 cum
403 4169 583 4240 abimelech,
595 4169 672 4225 datia
682 4172 793 4241 septem
807 4166 921 4237 ovibus,
975 4175 1081 4227 vocate
1093 4169 1311 4237 suntJudas‚et
1322 4169 1509 4242 possidebant
1519 4169 1736 4244 Jerusalem,iu
1747 4185 1796 4243 qus

95 4268 128 4327 iu
142 4266 235 4324 loedus
246 4267 383 4322 mutuum
394 4263 577 4335 juraverunt,
591 4256 755 4331 appellatus
765 4258 810 4313 est
821 4264 922 4329 puteus
975 4265 1038 4317 erut
1051 4259 1194 4332 templum
1210 4259 1270 4315 Dei.
1288 4258 1420 4331 Cumque
1436 4275 1579 4315 succensa
1593 4260 1689 4317 fuerit
1701 4261 1795 4317 domus

91 4356 257 4430 juramenti,
283 4353 344 4410 sive
365 4353 464 4423 putem
484 4349 604 4420 septimi,
632 4350 750 4419 propter
764 4360 920 4401 numerum
974 4348 1093 4422 loseph,
1111 4348 1260 4404 devorabit
1275 4351 1363 4420 atque
1377 4351 1529 4403 consumet
1544 4347 1663 4418 Bathel,
1689 4351 1725 4407 ds
1746 4363 1795 4421 qus

96 4450 207 4519 septam
219 4443 316 4500 ovium
325 4440 430 4510 (dena.
442 4437 508 4509 xxv)
519 4455 525 4493 :
537 4453 608 4494 sana
619 4435 707 4508 (usus)
720 4435 797 4491 euim
809 4438 921 4490 utrum·
976 4439 1110 4510 superius
1126 4437 1183 4492 dixi
1198 4454 1204 4492 :
1220 4437 1308 4492 Nolite
1322 4451 1443 4509 quarere
1456 4434 1560 4502 Baitai,
1576 4440 1608 4494 et
1617 4455 1681 4496 non
1690 4434 1794 4509 eritqui

96 4551 152 4608 que
164 4531 320 4608 significet.
337 4529 470 4601 Pracipit
480 4531 577 4583 autem
590 4524 752 4581 secundum
763 4523 841 4595 leges
852 4522 920 4579 alle·
934 4543 958 4607 Β
974 4527 1133 4600 extinguat,
1157 4541 1224 4581 cum
1248 4543 1265 4582 a
1285 4525 1402 4598 regibus
1417 4524 1480 4582 suis
1495 4524 1584 4580 luerit
1600 4526 1735 4585 incensa.
1748 4529 1794 4583 Pru

94 4624 181 4698 gocia
196 4620 298 4680 domui
315 4618 414 4687 lsrael,
428 4617 456 4673 id
470 4619 524 4683 est,
536 4614 583 4671 bis
594 4614 644 4686 qui
656 4610 711 4669 sibi
724 4611 858 4668 notitiam
869 4610 919 4668 Dei
974 4616 1067 4672 Betlact
1082 4616 1112 4671 iu
1127 4613 1198 4670 LXX
1213 4613 1320 4687 legitur
1333 4613 1427 4669 domas
1446 4613 1541 4681 lineet
1568 4629 1697 4673 sensum
1711 4613 1794 4687 megia

95 4713 280 4786 pollicentur,
305 4715 337 4766 ut
363 4725 420 4764 uon
445 4710 577 4780 quaerant
600 4701 710 4771 Bathel,
739 4705 769 4758 et
792 4717 848 4756 non
874 4699 917 4755 in·
973 4721 1063 4776 quam
1077 4702 1481 4774 verbumiuterpretuutibus,
1494 4705 1793 4775 assumeremus

93 4805 207 4859 troeant
217 4802 246 4857 in
257 4797 419 4871 Galgalam,
431 4802 459 4853 et
469 4813 527 4852 uon
536 4799 698 4861 transeant,
706 4790 750 4847 val
761 4790 921 4847 ascendunt
972 4794 988 4849 J
992 4794 1137 4861 eroboem,
1155 4796 1182 4847 et
1198 4790 1310 4846 cunctis
1325 4790 1462 4862 deinceps
1473 4790 1594 4862 regibus
1610 4791 1701 4865 quisi
1715 4792 1792 4864 impe

95 4893 132 4947 ad
142 4897 263 4964 puteum
270 4886 431 4961 juramenti
444 4902 451 4955 ;
467 4885 518 4941 sed
531 4883 624 4955 magis
636 4884 768 4954 quarunt
779 4884 879 4946 Deum,
891 4882 920 4933 et
974 4882 1016 4937 rio
1032 4883 1246 4943 successerunt,
1261 4879 1383 4934 ardeant
1396 4879 1495 4934 decem
1509 4879 1619 4951 tribus,
1633 4898 1700 4954 qua
1709 4877 1791 4953 appel·

94 4969 920 5046 vivuntincubueruntautemBetbet,quodinterpretatur
973 4969 1071 5026 luatur
1094 4967 1191 5025 Israel.
1218 4968 1275 5022 lsta
1296 4970 1340 5022 est
1360 4965 1436 5039 ignis
1451 4965 1501 5038 qui
1517 4970 1722 5037 succenditur,
1741 4967 1789 5024 sire

93 5071 189 5127 demus
200 5070 257 5140 Dei,
269 5067 319 5140 qui
330 5067 432 5123 dicunt
447 5081 453 5120 :
471 5061 626 5135 Templum
637 5058 762 5124 bomini,
774 5057 918 5129 templum
973 5058 1139 5131 resplendet
1152 5059 1181 5112 et
1193 5055 1358 5112 iullammat
1373 5054 1493 5109 domum
1508 5055 1635 5130 loseph,
1650 5062 1686 5114 ut
1698 5070 1787 5114 coum·

94 5159 230 5216 Domini:
247 5162 276 5214 et
290 5155 441 5212 confidunt
455 5153 484 5208 in
504 5151 644 5219 adificiis,
670 5149 705 5203 de
727 5147 835 5219 quibus
859 5146 918 5202 Do·
974 5152 1071 5203 rantur
1086 5143 1195 5210 Bathel,
1212 5146 1247 5200 de
1262 5160 1320 5216 quo
1336 5142 1404 5199 alibi
1422 5143 1549 5200 dicitur:
1565 5145 1788 5205 immutasse

95 5247 194 5303 minus
205 5245 241 5302 ud
252 5243 412 5316 discipulos
422 5242 596 5314 loquebatur
608 5254 615 5293 ε
633 5238 741 5295 Venient
757 5235 834 5293 Μ
848 5235 917 5301 dies,
971 5239 1046 5292 mine
1056 5236 1128 5306 iqnis
1138 5235 1232 5304 vestri,
1242 5234 1305 5288 etin
1314 5235 1428 5303 flamina
1438 5248 1522 5304 qaum
1534 5231 1785 5308 succendistbtbsi·

94 5335 238 5406 inquibus
252 5349 308 5389 nen
321 5331 573 5404 relinqueturlapis
584 5344 664 5400 super
674 5325 794 5398 lapidera
805 5326 853 5396 qai
863 5340 918 5381 non
973 5345 997 5392 a,
1022 5326 1073 5396 ll).
1101 5324 1136 5377 Bt
1149 5322 1217 5392 quia
1230 5321 1331 5376 crebro
1347 5320 1467 5376 donnum
1483 5320 1594 5394 ioseph
1610 5322 1785 5400 (propterte-

94 5421 252 5481 destraatur
277 5424 352 5493 (tac.
378 5437 435 5490 xxr,
462 5422 501 5491 d).
529 5420 564 5476 Bt
584 5415 789 5493 ingrediuntur
803 5415 834 5471 iu
850 5412 918 5471 Gal·
972 5413 1102 5486 roboam,
1118 5409 1168 5489 qui
1183 5427 1200 5467 a
1214 5409 1305 5489 stirpe
1320 5408 1409 5467 David
1424 5408 1567 5493 populum
1578 5410 1633 5477 bei
1647 5408 1783 5494 uenit

128 5632 242 5713 (atim
255 5649 329 5700 mss.
344 5637 442 5697 Domui
455 5637 549 5714 tuost,
565 5637 597 5696 id
609 5641 658 5715 est,
674 5635 766 5699 decem
776 5630 912 5703 tribubus.
