3840 6098
109 268 187 334 seor
732 264 762 324 s.
789 261 942 324 nnsnnn
966 260 1213 343 nicaenum
1743 253 1818 320 isos

106 402 191 457 hodie
206 400 284 455 anim
297 394 505 469 poenitentibus
516 393 779 467 porrigitmanum)
794 395 884 450 sedat
894 395 929 449 de
944 398 970 461 Α
988 394 1156 450 abominatio
1170 393 1359 460 desolationis,
1373 406 1509 446 sessurus
1523 389 1554 445 in
1570 389 1687 461 templo
1707 389 1816 446 Domini

104 506 163 545 uno
179 486 286 560 populo
301 485 452 541 eredentes
467 482 550 554 alios,
563 487 592 538 at
611 480 758 538 aliusnon
781 482 932 540 credentes
987 482 1184 555 prophetatur,
1201 484 1229 538 ei
1257 481 1436 537 selecturus
1464 470 1497 534 at
1512 478 1618 547 Deum,
1635 478 1689 551 qui
1719 482 1748 533 et
1769 495 1816 552 par

103 577 224 631 interae
239 572 389 641 divideret,
404 572 523 628 dicans:
544 570 635 627 Nolite
653 571 788 626 arbitrari
802 572 868 643 qaia
890 587 931 626 aa·
985 571 1092 627 leniam
1122 587 1369 644 magnussensus
1389 569 1590 641 dicitnr(lsai.
1620 567 1815 638 xxxa).b}tnd

101 667 134 720 ni
146 666 256 720 mittere
268 678 363 735 pacem
373 677 403 716 m
413 669 543 716 terram:
557 675 610 716 mn
623 661 689 716 oeni
701 660 812 716 mittere
823 674 929 731 pacem,
986 660 1040 717 boc
1049 659 1136 728 venit,
1146 677 1203 716 non
1214 664 1246 715 ut
1257 664 1351 726 sanct,
1366 659 1416 715 sed
1428 663 1460 714 ut
1469 658 1573 731 perdat
1583 671 1710 730 gregem
1723 655 1813 712 lsrael.

101 752 148 808 sed
161 752 296 824 planiam.
316 751 385 807 Veni
399 751 474 805 anim
495 763 624 821 separare
638 748 777 803 bominem
788 746 930 803 aduersam
985 753 1088 805 Pastor
1102 748 1180 804 enim
1195 748 1290 805 bonus
1315 747 1487 821 agrotantis
1504 762 1612 819 peoora
1626 745 1744 813 visitat,
1760 745 1815 801 dis·

99 849 208 913 patrem
222 857 311 911 suam,
328 843 354 894 at
371 839 459 910 filiam
472 837 600 894 aduersus
610 839 727 893 matrem
738 853 827 907 suam,
839 841 866 893 at
880 852 932 891 na·
985 854 1070 909 persa
1086 837 1217 910 inquirit,
1235 837 1336 893 relicta
1350 837 1443 902 alieri,
1460 835 1538 892 lassa
1554 837 1720 891 sustentat.
1732 834 1815 890 Euon-

101 947 163 987 rum
179 930 309 986 adversm
325 943 528 997 sacramsuam,
541 933 567 982 et
581 927 690 981 inimici
696 926 817 981 bominis
828 925 931 982 domes·
984 925 1075 981 trnrio
1092 932 1192 999 pastor
1206 925 1301 981 malus
1316 925 1416 981 omnia
1431 925 1555 981 adversa
1569 924 1644 996 agit,
1673 928 1705 979 et
1717 939 1814 980 carnes

101 1022 151 1076 tici
164 1020 223 1091 ejas
238 1017 344 1087 (aucta.
361 1034 389 1083 x,
406 1016 451 1082 34,
468 1019 497 1071 et
516 1015 572 1088 35).
986 1013 1140 1087 pinguium
1151 1015 1279 1083 devorat,
1289 1013 1415 1086 ungulas
1425 1013 1550 1069 adetum
1561 1021 1590 1068 et
1601 1013 1705 1068 ovium
1715 1011 1814 1068 dissol-

139 1109 232 1179 (Vers.
251 1108 285 1161 15
299 1105 394 1179 seqq.)
419 1106 450 1160 Et
464 1105 538 1160 dicit
552 1105 685 1159 Dominus
704 1103 739 1159 ab
762 1119 821 1159 me:
838 1101 932 1158 Adbuc
985 1103 1026 1159 vit
1054 1110 1140 1177 atque
1170 1102 1316 1175 pervertit,
1333 1119 1368 1158 ne
1398 1107 1474 1159 recto
1496 1101 1711 1174 ingrediantur
1737 1102 1814 1174 pede.

102 1213 179 1252 suma
193 1195 244 1252 tibi
255 1211 321 1250 oasa
332 1195 452 1265 pastoris
467 1193 563 1248 stulti:
577 1192 648 1260 Quia
662 1207 720 1247 acce
734 1207 782 1261 apo
796 1189 931 1247 suscitabo
985 1192 1068 1248 Hunc
1080 1198 1225 1265 pastorem
1240 1192 1279 1263 (a)
1288 1207 1443 1264 suscepere
1452 1190 1557 1258 ludaei,
1570 1205 1663 1262 qnam
1680 1189 1815 1246 Dominus

101 1292 239 1358 pastorem
255 1285 283 1338 in
299 1287 383 1348 tarra,
397 1283 446 1354 qai
463 1280 596 1337 derelicta
610 1297 665 1337 non
680 1280 811 1349 visitabit,
826 1280 931 1350 dispcr-
983 1280 1233 1338 lesusinterliciet
1245 1280 1349 1352 spiritu
1360 1278 1484 1350 orissui,
1496 1284 1522 1336 et
1533 1277 1696 1335 evacuabit
1708 1278 1814 1334 illumi·

102 1391 163 1429 sum
175 1389 231 1429 non
246 1380 359 1443 queret
375 1380 400 1426 et
413 1372 566 1426 contritam
579 1387 633 1426 nou
649 1367 931 1440 sarabaitarum
985 1369 1103 1426 natione
1113 1371 1256 1425 adventus
1267 1369 1325 1436 sui,
1338 1369 1428 1439 utqui
1438 1384 1496 1423 non
1506 1367 1707 1423 crediderunt
1717 1367 1814 1423 verita

101 1469 155 1517 stat
168 1477 224 1517 non
235 1461 365 1526 enutriet,
382 1462 408 1515 el
422 1474 519 1515 carues
527 1460 674 1530 pingnium
685 1457 816 1524 comedet,
836 1466 862 1513 et
877 1473 929 1512 ua·
985 1459 1017 1519 ti.
1032 1475 1068 1514 ne
1078 1459 1150 1514 salvi
1167 1458 1278 1525 tierent,
1290 1458 1411 1513 credant
1421 1456 1585 1524 mendacio,
1599 1456 1812 1527 etjudicentnr,
1848 1499 1852 1508 ,

100 1550 289 1622 palaseoqum
310 1548 448 1605 dissoluat.
481 1546 502 1602 0
517 1547 785 1618 pastor,etidolum
807 1546 928 1601 taretin·
984 1547 1052 1619 quia
1074 1545 1463 1617 consenseruntiniquituti.
1479 1544 1635 1617 Descripta
1653 1549 1752 1601 autem
1767 1561 1812 1616 ps·

101 1654 187 1709 arcens
201 1654 325 1709 proaem:
345 1637 455 1706 alodius
473 1651 556 1707 saper
576 1636 721 1692 trachiam
734 1635 792 1706 aius
807 1638 833 1690 at
847 1648 930 1705 super
984 1639 1060 1691 sture
1074 1635 1212 1708 pessimo,
1229 1634 1320 1692 stulto
1335 1639 1364 1690 et
1387 1633 1532 1707 imperito,
1550 1633 1587 1689 ad
1604 1633 1709 1706 ipsum
1725 1636 1814 1705 pasto-

101 1728 210 1783 ocalam
224 1726 352 1781 bactram
365 1725 434 1796 ejas,
452 1723 595 1780 braabium
607 1725 666 1795 ejus
680 1723 810 1778 ariditate
819 1723 930 1778 siccabi·
984 1723 1232 1797 remprophetalis
1242 1739 1338 1780 sermo
1352 1721 1545 1779 convertitur:
1558 1722 1580 1777 0
1594 1726 1748 1794 pastor,et
1758 1723 1813 1778 ido-

102 1824 156 1882 tar,
172 1824 200 1872 et
219 1817 312 1871 ocatas
326 1814 424 1869 dacter
451 1814 512 1884 ejas
527 1812 713 1868 tenebrantem
724 1810 924 1868 obscurabitur.
980 1812 1052 1868 lum.
1068 1813 1106 1885 (b)
1118 1813 1190 1868 Tam
1200 1812 1359 1868 sceleratus
1371 1815 1416 1867 eat
1426 1814 1536 1882 pastor,
1550 1815 1583 1866 ut
1597 1827 1661 1867 non
1673 1810 1812 1868 idolerum

102 1903 193 1959 LXX:
209 1904 243 1959 Et
256 1903 460 1958 dicitDomiaas
471 1901 506 1955 ad
523 1917 584 1956 nie:
600 1900 695 1956 Adbuc
707 1916 783 1955 sama
795 1900 848 1954 tibi
860 1915 927 1954 uaso
980 1901 1083 1972 cultor,
1101 1901 1152 1957 sed
1168 1901 1350 1973 ipseidolum
1366 1899 1544 1967 nominetur,
1561 1899 1814 1973 dumseappatist

103 1992 258 2064 pastoralia
280 1993 397 2063 postoris
412 1992 553 2061 imperiti:
575 1990 644 2059 Quia
659 2005 772 2060 acreepo
787 1987 926 2044 suscitabo
981 1989 1084 2055 Deum,
1099 1995 1128 2045 et
1141 1988 1204 2044 vult
1218 1992 1254 2045 ab
1270 1988 1408 2045 omnibus
1426 1987 1552 2044 adorari.
1581 1988 1642 2054 Qui
1660 1987 1814 2061 dereliquit

99 2087 237 2151 pasturam
251 2095 332 2150 super
360 2087 442 2145 tarra,
468 2081 516 2149 qai
535 2076 695 2132 derelictum
719 2077 875 2132 nauriebat
902 2078 928 2130 at
981 2093 1098 2151 gregem
1114 2077 1247 2134 abestiis
1259 2076 1466 2143 devorandum,
1478 2093 1565 2147 quem
1577 2076 1730 2134 Dominus
1740 2081 1813 2134 unta

102 2167 255 2239 dispersum
269 2182 325 2223 non
338 2167 472 2239 requirat,
487 2174 512 2221 at
525 2167 705 2236 tractarenon
720 2168 808 2232 sanat,
818 2172 844 2220 at
855 2166 928 2219 inte·
981 2172 1111 2239 tempore
1127 2166 1314 2223 custodierat.
1331 2164 1451 2222 Gladius
1463 2180 1552 2237 super
1564 2164 1729 2222 brachium
1744 2167 1812 2239 ejus,

102 2271 184 2327 arum
197 2271 253 2310 non
267 2254 381 2326 dirigat,
406 2257 432 2308 at
445 2270 542 2309 carnes
555 2256 702 2310 electorum
716 2253 831 2314 decorat.
844 2256 870 2307 at
884 2255 928 2308 ta-
982 2260 1010 2310 et
1025 2257 1122 2322 robur,
1139 2261 1167 2310 et
1181 2271 1270 2326 super
1284 2254 1358 2312 8le
1377 2252 1494 2310 oculum
1511 2254 1655 2311 dextrum
1666 2256 1744 2326 ejus,
1759 2271 1811 2327 quo

103 2345 142 2399 los
156 2359 254 2399 aarum
267 2343 442 2415 pervertant)
459 2343 628 2414 quipascitis
639 2358 720 2410 vano,
731 2343 812 2411 etqui
825 2340 928 2396 darell-
983 2361 1013 2401 se
1029 2349 1111 2400 acute
1128 2344 1176 2399 Dei
1201 2344 1332 2415 jactabat
1347 2358 1464 2399 cernere
1488 2349 1690 2411 sacramenta,
1709 2349 1738 2401 et
1752 2344 1812 2416 plus

102 2435 201 2506 quistis
217 2448 287 2503 oues,
313 2431 423 2501 alodius
450 2447 532 2503 saper
554 2430 697 2486 brachium
714 2430 782 2502 ejas,
799 2439 824 2484 et
848 2443 930 2500 super
982 2432 1078 2488 videre
1093 2448 1182 2503 quam
1197 2447 1299 2487 omnes
1313 2434 1389 2487 retro
1400 2431 1548 2504 prophetae
1559 2430 1713 2502 viderant,
1725 2433 1813 2489 intan-

102 2521 211 2577 oculum
226 2522 285 2593 ojus
298 2522 437 2585 deutrum,
451 2519 661 2589 bractia-majas
674 2517 929 2574 ariditatasiccabi·
982 2527 1046 2576 tum
1063 2525 1095 2575 ut
1111 2520 1161 2576 Dei
1184 2519 1290 2576 Filium
1304 2537 1334 2575 se
1351 2524 1475 2576 vocaret.
1501 2518 1629 2576 Gladius
1646 2526 1747 2577 autem
1770 2520 1812 2577 ills

103 2614 161 2677 tar,
185 2613 210 2665 el
236 2610 331 2665 oculas
359 2609 458 2664 dacter
487 2609 546 2680 ejus
574 2611 697 2665 cantate
725 2606 929 2663 obscurabitur.
983 2614 1037 2677 est,
1054 2609 1089 2663 de
1104 2625 1161 2680 quo
1176 2612 1204 2664 et
1234 2608 1324 2664 Isaiae
1341 2607 1487 2681 loquitur:
1518 2609 1682 2665 Inebriatus
1704 2610 1812 2680 estala-

103 2699 225 2764 Ouando
240 2698 318 2769 dicit,
335 2698 435 2753 Adbuc
448 2713 525 2752 sama
551 2697 604 2752 libi
618 2713 682 2752 uasa
704 2697 825 2767 pastoris
839 2695 928 2766 stulti,
983 2698 1046 2754 dius
1062 2715 1137 2753 maus
1152 2700 1180 2752 in
1196 2699 1261 2753 ccalo
1288 2696 1362 2769 (lsai.
1378 2714 1475 2762 xxxiv,
1487 2698 1526 2768 5).
1543 2697 1708 2771 Propterea
1722 2704 1811 2755 autem

104 2785 176 2842 illud
192 2786 339 2859 significat
352 2787 430 2858 quod
445 2803 535 2857 supra
554 2785 748 2857 assumpserit
763 2784 818 2840 sibi
834 2783 931 2856 virgas
985 2786 1101 2860 gladius
1116 2786 1234 2842 Domini
1249 2802 1337 2858 super
1347 2784 1499 2841 brachium
1511 2786 1590 2857 ejus,
1606 2791 1738 2859 absuper
1751 2803 1812 2843 ocn-

105 2876 189 2943 duas,
201 2892 288 2931 unam
302 2873 800 2943 decorem,etaltarumiunicnlnm.
815 2874 850 2928 at
861 2872 931 2945 quia
984 2875 1047 2931 lum
1061 2876 1194 2930 dextrum
1211 2873 1365 2930 illuserit:
1384 2878 1416 2929 ut
1426 2875 1515 2930 robur
1529 2875 1596 2944 ejus
1613 2879 1644 2932 et
1658 2877 1756 2932 omnis
1768 2876 1812 2947 ja·

105 2964 169 3022 illas
185 2981 239 3021 suo
254 2963 323 3020 vitio
340 2966 514 3037 peccatoque
524 2962 656 3035 projecit,
666 2967 695 3018 et
705 2962 803 3018 solutu
816 2977 931 3034 germa·
985 2961 1811 3034 atentiatortitudinisejusariditatesiccetur,etscientis,

106 3053 198 3108 nitate
213 3053 290 3108 inter
302 3052 409 3109 ludam
433 3057 462 3108 at
478 3052 577 3118 lsrael,
596 3068 649 3107 nos
664 3050 767 3106 inserti
782 3066 886 3106 sumus
900 3049 930 3105 in
985 3069 1073 3124 quam
1084 3051 1139 3108 sibi
1156 3050 1227 3106 falso
1243 3050 1361 3106 nomine
1375 3050 1574 3122 promittebat,
1604 3053 1725 3109 aeternis
1739 3057 1812 3110 tens·

109 3141 238 3196 radicem
254 3140 335 3196 bone
351 3140 443 3206 oliva,
467 3145 496 3195 et
510 3140 625 3195 caecitas
644 3156 678 3195 ex
693 3143 775 3212 parte
799 3140 874 3194 fucta
887 3127 967 3194 eetC
987 3141 1049 3197 bris
1064 3141 1247 3197 obscuretur.

105 3226 929 3300 dornuiIsrael,d0necintraretplenitudogentiumtllom.

104 3318 157 3385 xi),
173 3315 533 3389 nunoprophetaedicitur,
547 3315 793 3389 utgravissimum
806 3315 932 3388 pastoris
1020 3317 1098 3389 (Cap.
1115 3316 1175 3373 Xll.
1192 3349 1226 3358 -
1237 3317 1317 3374 Vers.
1334 3316 1371 3382 1.)
1398 3317 1469 3372 brus
1490 3318 1571 3372 verbi
1595 3321 1713 3375 Domini
1735 3335 1813 3392 super

105 3404 198 3467 stulti.
216 3405 275 3462 sive
303 3404 442 3478 imperiti,
470 3411 603 3462 assumat
632 3404 812 3461 vaticinium.
831 3404 932 3461 Pastor
985 3406 1089 3462 lsrael:
1106 3407 1329 3462 DicitDominus
1346 3404 1632 3476 eclamdcnscoelum,
1649 3417 1677 3464 et
1693 3408 1811 3482 fundoras

105 3493 683 3567 stultus,etimperitus,hauddubium
695 3493 930 3565 §Dauniam-
983 3498 1100 3563 terrosa,
1117 3503 1143 3550 al
1158 3496 1264 3566 fiupens
1280 3495 1411 3567 spiritum
1425 3493 1545 3549 bominis
1559 3497 1591 3550 in
1613 3511 1665 3552 eo:
1695 3499 1812 3568 Demeas

103 3582 258 3638 tichristus
272 3583 330 3645 sit;
341 3583 392 3656 qui
404 3583 433 3637 in
443 3583 696 3639 consummatione
708 3582 810 3638 mundi
822 3582 930 3637 dicitnr
980 3599 1084 3656 ponam
1097 3584 1249 3640 Jerusalem
1263 3583 1480 3656 superliminare
1489 3584 1618 3655 crapula
1633 3586 1764 3643 omnibus
1771 3601 1814 3659 po·

104 3687 169 3728 esse
178 3676 330 3739 venturus,
356 3675 385 3727 et
395 3671 639 3743 qualisventnrus
651 3672 700 3739 sit,
710 3671 864 3727 indicatur.
877 3674 932 3726 Va·
981 3673 1057 3745 palis
1072 3673 1102 3728 in
1118 3674 1234 3728 circuita
1247 3691 1257 3728 :
1271 3671 1317 3728 sad
1329 3679 1354 3728 et
1366 3671 1436 3728 luda
1450 3673 1503 3728 erit
1514 3674 1543 3726 in
1560 3673 1710 3732 obsidione
1723 3683 1813 3731 conus

104 3776 137 3816 aa
152 3763 250 3816 antem
267 3758 404 3832 pastoria,
421 3758 551 3831 insignia
565 3758 645 3814 illius
660 3762 688 3815 et
702 3758 835 3815 habitum
848 3759 931 3816 debe·
983 3763 1143 3817 Jerusalem.
1163 3763 1195 3816 ct
1209 3763 1263 3817 erit
1277 3762 1306 3816 in
1321 3760 1367 3817 die
1380 3760 1440 3831 illa,
1452 3776 1555 3832 ponam
1569 3763 1735 3819 ierusalem
1749 3765 1814 3837 lapi·

105 3846 918 3921 musacciperc,peram,baculum,fistulam,etsibilum
982 3850 1157 3907 demanarit
1181 3852 1286 3906 cunctis
1308 3850 1426 3923 populis.
1456 3865 1548 3905 omnes
1579 3853 1630 3924 qai
1660 3853 1815 3910 maerentl

103 3936 139 3992 Et
152 3936 298 4009 quemodo
314 3936 415 4004 lenias,
434 3936 673 4008 atcaptivitatem
689 3936 790 4009 populi
812 3937 931 3992 demon·
983 3940 1081 4013 [Vutg.
1098 3939 1235 4012 lavabam]
1249 3955 1322 4006 eam,
1335 3940 1486 3995 cananiam
1499 3938 1716 4010 lacerabantur,
1727 3941 1815 3999 arca·

104 4029 219 4091 straret,
235 4024 333 4080 nudus
348 4024 512 4097 ingreditur
526 4025 602 4096 (lsai.
623 4025 648 4097 ι)
660 4041 666 4079 :
686 4030 714 4081 et
729 4025 871 4081 ieremias
885 4043 931 4082 va·
984 4029 1107 4099 ligentur
1120 4029 1253 4085 aduersas
1267 4045 1328 4084 aum
1342 4044 1433 4084 omnes
1445 4036 1536 4097 pcata
1549 4029 1653 4103 [Valg.
1669 4033 1765 4088 arania
1777 4046 1813 4087 re

106 4113 150 4167 dit
164 4113 199 4168 ad
215 4112 337 4168 domum
352 4112 447 4185 figuli,
463 4117 495 4168 ut
510 4130 544 4169 ex
559 4113 749 4184 dissipatione
760 4115 837 4170 vasis
852 4114 930 4186 quod
984 4118 1051 4188 pao]
1065 4121 1158 4175 tarra.
1176 4117 1264 4172 LXX:
1282 4117 1438 4189 Assumplio
1456 4118 1533 4172 irati
1547 4117 1666 4174 Domini
1684 4137 1768 4193 saper
1778 4121 1812 4176 ls-

105 4201 243 4255 currebat
257 4200 287 4255 in
298 4204 371 4268 rota,
386 4204 510 4256 etmnnu
525 4202 690 4274 fingebatur
700 4202 832 4270 artificis,
848 4203 932 4259 etin·
985 4205 1053 4275 roal,
1080 4205 1146 4262 dicit
1157 4207 1288 4262 Dominus
1302 4205 1450 4262 anteuolans
1464 4206 1565 4261 coelum
1579 4210 1608 4262 sl
1620 4208 1750 4279 fundans
1764 4213 1812 4266 ter-

104 4289 223 4344 teritum
240 4288 339 4358 lsrael,
354 4293 386 4345 ut
401 4289 449 4345 Dei
466 4288 626 4362 potentiam
642 4292 931 4363 ostenderetllarem.
989 4311 1060 4363 ram,
1085 4298 1111 4350 et
1138 4295 1244 4365 finaeus
1259 4296 1395 4368 spiritum
1410 4294 1529 4350 bominis
1559 4297 1590 4351 in
1605 4312 1656 4352 eo:
1684 4299 1752 4356 Ecce
1769 4312 1811 4370 aaa

104 4376 203 4450 stad:
234 4381 262 4433 et
277 4377 417 4445 Dnechiei,
434 4382 467 4434 ut
490 4378 712 4435 subversionem
727 4379 889 4437 Jerusalem
905 4384 934 4437 et
983 4384 1241 4454 ponamlcrusalam
1252 4390 1282 4439 ut
1294 4400 1376 4456 saper
1388 4384 1813 4456 liminarioquaemoaenturosr·

105 4467 204 4538 iugem
219 4465 354 4535 Sedecim,
364 4471 393 4523 et
402 4483 491 4523 onera
502 4468 694 4540 captiuorum,
710 4485 765 4524 non
778 4468 873 4525 solum
884 4485 932 4525 vo·
949 4495 971 4560 D
987 4472 1069 4527 nibus
1079 4471 1135 4540 [Al.
1147 4474 1177 4527 in
1187 4473 1441 4546 oranibus]popalis
1452 4474 1621 4543 incircuitu,
1633 4479 1663 4532 et
1678 4475 1811 4533 insulsa

105 4571 148 4623 oe,
165 4556 214 4611 sed
231 4559 259 4610 et
274 4554 375 4612 habitu
391 4556 616 4624 demonstraret,
632 4557 756 4629 perfodit
779 4557 931 4630 parietem,
986 4562 1018 4616 Et
1034 4562 1088 4617 erit
1101 4561 1206 4617 obsidio
1221 4563 1296 4617 circa
1310 4563 1472 4633 lersaalam,
1487 4569 1514 4618 et
1529 4565 1585 4618 erit
1599 4566 1630 4620 ia
1639 4565 1688 4621 die
1703 4566 1812 4638 illapo·

105 4647 135 4700 et
148 4643 178 4699 in
194 4642 256 4700 suis
271 4643 404 4700 humeris
414 4643 556 4716 excipitur
572 4645 678 4716 (deecit.
691 4647 759 4718 x11):
777 4647 817 4702 sie
828 4646 934 4702 Zacha·
986 4667 1052 4706 nam
1065 4651 1216 4706 ierusalem
1227 4650 1346 4723 lapidem
1355 4651 1590 4723 quicuncalcatar
1605 4657 1741 4711 acuactis
1753 4670 1812 4724 aes·

106 4731 164 4787 rias
179 4731 311 4787 habitum
327 4731 409 4788 stulti
426 4737 454 4789 at
466 4733 592 4805 imperiti
609 4733 734 4805 pastoris
750 4735 885 4801 assumit,
900 4738 934 4791 ut
986 4739 1075 4794 libus:
1092 4741 1180 4795 omnis
1193 4741 1242 4811 qui
1250 4741 1449 4797 conculcaverit
1463 4756 1524 4796 eam
1531 4741 1662 4799 illudens
1677 4743 1811 4809 illudebat

106 4836 174 4875 eum
190 4820 305 4875 nuntiet
320 4821 369 4892 qui
382 4826 520 4876 venturus
534 4824 577 4877 ast
592 4822 746 4896 (luobus).
764 4823 820 4879 Iste
834 4830 934 4897 pastor
985 4829 1159 4896 congregabo
1174 4845 1257 4900 super
1270 4846 1330 4886 eam
1340 4845 1431 4885 onraas
1441 4832 1637 4898 pmleslerrae.
1655 4830 1810 4906 Triplexin·

105 4907 171 4963 ideo
181 4914 339 4981 consurget
353 4909 383 4964 in
400 4908 499 4976 lsrael,
513 4909 583 4982 quia
594 4926 680 4967 verus
691 4912 931 4982 pastordixerat:
987 4917 1154 4988 terpretatio
1169 4922 1215 4973 est
1227 4919 1264 4974 ab
1279 4933 1312 4974 eo
1328 4917 1401 4983 loco.
1413 4917 1442 4973 in
1454 4933 1512 4989 quo
1522 4917 1673 4991 legimus:
1690 4922 1756 4977 ane
1771 4933 1809 4992 cot

105 4998 167 5053 lam
180 5013 237 5053 nou
249 5013 362 5068 pascam
377 5013 434 5054 uos.
451 4996 504 5061 Oui
521 4997 578 5053 alio
594 4999 712 5056 nomino
727 5005 756 5056 et
771 4999 800 5055 in
818 4998 933 5057 Daniele
983 5006 1598 5079 ponamlerusalemsaperliminarecropalae
1606 5010 1809 5083 omnibuspopt·

107 5085 247 5158 prophete
263 5086 341 5159 (Cap.
358 5088 408 5158 rx),
434 5091 463 5142 et
477 5084 505 5141 in
523 5086 677 5159 Evangelia
699 5089 794 5161 (blare.
810 5089 883 5161 xiid,
904 5093 933 5147 et
988 5094 1022 5149 lis
1036 5095 1210 5161 incircuitu,
1224 5096 1360 5166 usquead
1375 5094 1808 5173 eumlocumubiscriptumffl

107 5173 137 5229 in
153 5174 278 5248 epistola
293 5175 375 5232 Pauli
391 5176 427 5232 ad
443 5175 719 5234 Thessalonicenses
735 5178 770 5250 (Il
785 5179 871 5235 Tbass.
888 5179 933 5252 11),
988 5181 1070 5254 (Cap.
1100 5200 1163 5252 1111,
1178 5200 1204 5239 o.
1217 5185 1264 5256 7):
1294 5188 1411 5242 Framea
1438 5186 1577 5242 suscitare
1590 5203 1679 5259 super
1687 5191 1807 5262 pesas·

122 5495 127 5506 ι
143 5423 297 5550 tetMatait
306 5425 461 5497 Victorius,
472 5428 629 5510 suscipiant,
641 5442 710 5511 cam
719 5443 815 5501 sermo
826 5430 862 5513 de
872 5435 932 5487 Au·
988 5434 1018 5488 in
1031 5433 1216 5514 commemo,
1233 5442 1259 5516 et
1270 5434 1422 5505 suscipiatis
1436 5449 1508 5491 eam.

108 5498 934 5641 ttattttsttttttthttttittttttutti
988 5505 1567 5638 subbliiil‘bbibilelibstlt‘m'
1580 5505 1802 5585 ⁹²⁶⁹⁶'”’‘¹⁰⁸³⁸
