<?xml version="1.0" encoding="UTF-8"?>
<!DOCTYPE html PUBLIC "-//W3C//DTD XHTML 1.0 Transitional//EN"
    "http://www.w3.org/TR/xhtml1/DTD/xhtml1-transitional.dtd">
<html xmlns="http://www.w3.org/1999/xhtml" xml:lang="en" lang="en">
 <head>
  <title>
</title>
<meta http-equiv="Content-Type" content="text/html;charset=utf-8" />
  <meta name='ocr-system' content='tesseract 3.04.00' />
  <meta name='ocr-capabilities' content='ocr_page ocr_carea ocr_par ocr_line ocrx_word'/>
</head>
<body>
  <div class='ocr_page' id='page_1' title='image "./patrologiaecurs07goog/patrologiaecurs07goog_0152.png"; bbox 0 0 3818 6104; ppageno 0'>
   <div class='ocr_carea' id='block_1_1' title="bbox 108 204 1837 287">
    <p class='ocr_par' dir='ltr' id='par_1_1' title="bbox 108 204 1837 287">
     <span class='ocr_line' id='line_1_1' title="bbox 108 204 1837 287; baseline -0.005 0"><span class='ocrx_word' id='word_1_1' title='bbox 108 216 167 287; x_wconf 75' lang='lat' dir='ltr'><strong>too</strong></span> <span class='ocrx_word' id='word_1_2' title='bbox 729 222 762 284; x_wconf 78' lang='lat' dir='ltr'><strong>a.</strong></span> <span class='ocrx_word' id='word_1_3' title='bbox 785 218 911 286; x_wconf 83' lang='lat' dir='ltr'><strong>nosne</strong></span> <span class='ocrx_word' id='word_1_4' title='bbox 933 220 960 284; x_wconf 95' lang='grc' dir='ltr'><strong>ιι</strong></span> <span class='ocrx_word' id='word_1_5' title='bbox 982 204 1205 283; x_wconf 75' lang='lat' dir='ltr'><strong>alanorum</strong></span> <span class='ocrx_word' id='word_1_6' title='bbox 1440 235 1444 239; x_wconf 96' lang='lat'>·</span> <span class='ocrx_word' id='word_1_7' title='bbox 1774 214 1837 279; x_wconf 79' lang='lat' dir='ltr'><strong>soc</strong></span> 
     </span>
    </p>
   </div>
   <div class='ocr_carea' id='block_1_2' title="bbox 39 339 1858 3533">
    <p class='ocr_par' dir='ltr' id='par_1_2' title="bbox 39 339 1858 3533">
     <span class='ocr_line' id='line_1_2' title="bbox 107 339 1837 424; baseline -0.003 -15"><span class='ocrx_word' id='word_1_8' title='bbox 107 367 228 411; x_wconf 86' lang='lat' dir='ltr'><strong>raonem</strong></span> <span class='ocrx_word' id='word_1_9' title='bbox 243 368 320 409; x_wconf 89' lang='lat' dir='ltr'><strong>anno</strong></span> <span class='ocrx_word' id='word_1_10' title='bbox 335 350 449 408; x_wconf 91' lang='lat' dir='ltr'><strong>decimo</strong></span> <span class='ocrx_word' id='word_1_11' title='bbox 462 366 468 406; x_wconf 95' lang='lat'><strong>:</strong></span> <span class='ocrx_word' id='word_1_12' title='bbox 482 365 661 423; x_wconf 91' lang='lat' dir='ltr'><strong>rursumque</strong></span> <span class='ocrx_word' id='word_1_13' title='bbox 672 351 754 424; x_wconf 89' lang='lat' dir='ltr'><strong>ponit</strong></span> <span class='ocrx_word' id='word_1_14' title='bbox 770 339 941 409; x_wconf 82' lang='lat' dir='ltr'><strong>vicesimum</strong></span> <span class='ocrx_word' id='word_1_15' title='bbox 956 353 985 421; x_wconf 72' lang='grc' dir='ltr'><strong>Α</strong></span> <span class='ocrx_word' id='word_1_16' title='bbox 999 365 1117 424; x_wconf 87' lang='lat' dir='ltr'><strong>quoque</strong></span> <span class='ocrx_word' id='word_1_17' title='bbox 1129 353 1159 406; x_wconf 91' lang='lat' dir='ltr'><strong>et</strong></span> <span class='ocrx_word' id='word_1_18' title='bbox 1172 348 1286 419; x_wconf 79' lang='lat' dir='ltr'><strong>Esther,</strong></span> <span class='ocrx_word' id='word_1_19' title='bbox 1312 346 1431 404; x_wconf 80' lang='lat' dir='ltr'><strong>Samuel</strong></span> <span class='ocrx_word' id='word_1_20' title='bbox 1446 350 1476 404; x_wconf 87' lang='lat' dir='ltr'><strong>et</strong></span> <span class='ocrx_word' id='word_1_21' title='bbox 1499 344 1669 418; x_wconf 86' lang='lat' dir='ltr'><strong>blsluchim,</strong></span> <span class='ocrx_word' id='word_1_22' title='bbox 1684 345 1837 422; x_wconf 82' lang='lat' dir='ltr'><strong>Paralipo-</strong></span> 
     </span>
     <span class='ocr_line' id='line_1_3' title="bbox 110 434 1835 515; baseline -0.003 -17"><span class='ocrx_word' id='word_1_23' title='bbox 110 442 319 515; x_wconf 88' lang='lat' dir='ltr'><strong>septimum,ut</strong></span> <span class='ocrx_word' id='word_1_24' title='bbox 329 439 836 509; x_wconf 87' lang='lat' dir='ltr'><strong>diximus,etnunoundeeimum.Ut</strong></span> <span class='ocrx_word' id='word_1_25' title='bbox 846 445 948 499; x_wconf 80' lang='lat' dir='ltr'><strong>catera</strong></span> <span class='ocrx_word' id='word_1_26' title='bbox 1002 455 1109 496; x_wconf 90' lang='lat' dir='ltr'><strong>menon</strong></span> <span class='ocrx_word' id='word_1_27' title='bbox 1127 437 1199 494; x_wconf 91' lang='lat' dir='ltr'><strong>tiber</strong></span> <span class='ocrx_word' id='word_1_28' title='bbox 1213 442 1242 493; x_wconf 89' lang='lat' dir='ltr'><strong>et</strong></span> <span class='ocrx_word' id='word_1_29' title='bbox 1254 437 1343 504; x_wconf 83' lang='lat' dir='ltr'><strong>llzrae,</strong></span> <span class='ocrx_word' id='word_1_30' title='bbox 1353 436 1457 508; x_wconf 87' lang='lat' dir='ltr'><strong>juncto</strong></span> <span class='ocrx_word' id='word_1_31' title='bbox 1482 434 1538 492; x_wconf 85' lang='lat' dir='ltr'>sibi</span> <span class='ocrx_word' id='word_1_32' title='bbox 1554 435 1665 509; x_wconf 87' lang='lat' dir='ltr'><strong>pariter</strong></span> <span class='ocrx_word' id='word_1_33' title='bbox 1678 434 1835 505; x_wconf 85' lang='lat' dir='ltr'><strong>Nehemia,</strong></span> 
     </span>
     <span class='ocr_line' id='line_1_4' title="bbox 105 523 1835 603; baseline -0.002 -17"><span class='ocrx_word' id='word_1_34' title='bbox 105 529 329 603; x_wconf 77' lang='lat' dir='ltr'><strong>pretermittam</strong></span> <span class='ocrx_word' id='word_1_35' title='bbox 342 545 406 602; x_wconf 77' lang='lat' dir='ltr'><strong>que</strong></span> <span class='ocrx_word' id='word_1_36' title='bbox 419 527 449 583; x_wconf 94' lang='lat' dir='ltr'><strong>in</strong></span> <span class='ocrx_word' id='word_1_37' title='bbox 470 528 655 601; x_wconf 88' lang='lat' dir='ltr'><strong>psalmorum</strong></span> <span class='ocrx_word' id='word_1_38' title='bbox 673 529 775 586; x_wconf 90' lang='lat' dir='ltr'><strong>ordine</strong></span> <span class='ocrx_word' id='word_1_39' title='bbox 793 530 947 586; x_wconf 88' lang='lat' dir='ltr'><strong>continen-</strong></span> <span class='ocrx_word' id='word_1_40' title='bbox 1001 524 1413 602; x_wconf 78' lang='lat' dir='ltr'><strong>preposteramnurrationcm</strong></span> <span class='ocrx_word' id='word_1_41' title='bbox 1428 523 1835 598; x_wconf 76' lang='lat' dir='ltr'><strong>nequaquamreperiri.llaec</strong></span> 
     </span>
     <span class='ocr_line' id='line_1_5' title="bbox 105 613 1835 692; baseline -0.002 -17"><span class='ocrx_word' id='word_1_42' title='bbox 105 623 174 675; x_wconf 85' lang='lat' dir='ltr'><strong>tur:</strong></span> <span class='ocrx_word' id='word_1_43' title='bbox 190 617 343 691; x_wconf 76' lang='lat' dir='ltr'><strong>quaeritur,</strong></span> <span class='ocrx_word' id='word_1_44' title='bbox 355 618 505 690; x_wconf 85' lang='lat' dir='ltr'><strong>quomodo</strong></span> <span class='ocrx_word' id='word_1_45' title='bbox 514 618 619 674; x_wconf 86' lang='lat' dir='ltr'><strong>tertius</strong></span> <span class='ocrx_word' id='word_1_46' title='bbox 641 617 775 690; x_wconf 87' lang='lat' dir='ltr'><strong>psalmus</strong></span> <span class='ocrx_word' id='word_1_47' title='bbox 796 635 945 692; x_wconf 70' lang='lat' dir='ltr'><strong>praepona-</strong></span> <span class='ocrx_word' id='word_1_48' title='bbox 1000 617 1036 672; x_wconf 88' lang='lat' dir='ltr'><strong>dc</strong></span> <span class='ocrx_word' id='word_1_49' title='bbox 1047 633 1190 673; x_wconf 89' lang='lat' dir='ltr'><strong>annorum</strong></span> <span class='ocrx_word' id='word_1_50' title='bbox 1202 615 1303 672; x_wconf 89' lang='lat' dir='ltr'><strong>ordine</strong></span> <span class='ocrx_word' id='word_1_51' title='bbox 1314 613 1422 670; x_wconf 86' lang='lat' dir='ltr'><strong>dixisse</strong></span> <span class='ocrx_word' id='word_1_52' title='bbox 1430 614 1568 670; x_wconf 82' lang='lat' dir='ltr'><strong>sufficiat.</strong></span> <span class='ocrx_word' id='word_1_53' title='bbox 1584 613 1669 670; x_wconf 91' lang='lat' dir='ltr'><strong>Nunc</strong></span> <span class='ocrx_word' id='word_1_54' title='bbox 1678 613 1835 671; x_wconf 86' lang='lat' dir='ltr'><strong>videamus</strong></span> 
     </span>
     <span class='ocr_line' id='line_1_6' title="bbox 105 701 1834 780; baseline -0.002 -18"><span class='ocrx_word' id='word_1_55' title='bbox 105 710 156 763; x_wconf 89' lang='lat' dir='ltr'><strong>tur</strong></span> <span class='ocrx_word' id='word_1_56' title='bbox 177 706 225 764; x_wconf 92' lang='lat' dir='ltr'><strong>his</strong></span> <span class='ocrx_word' id='word_1_57' title='bbox 254 705 378 780; x_wconf 84' lang='lat' dir='ltr'><strong>psalmis</strong></span> <span class='ocrx_word' id='word_1_58' title='bbox 403 706 433 761; x_wconf 92' lang='lat' dir='ltr'><strong>in</strong></span> <span class='ocrx_word' id='word_1_59' title='bbox 459 706 568 778; x_wconf 90' lang='lat' dir='ltr'><strong>quibus</strong></span> <span class='ocrx_word' id='word_1_60' title='bbox 593 706 717 763; x_wconf 89' lang='lat' dir='ltr'><strong>mutavit</strong></span> <span class='ocrx_word' id='word_1_61' title='bbox 740 707 844 763; x_wconf 89' lang='lat' dir='ltr'><strong>taciem</strong></span> <span class='ocrx_word' id='word_1_62' title='bbox 860 724 944 764; x_wconf 88' lang='lat' dir='ltr'><strong>suam</strong></span> <span class='ocrx_word' id='word_1_63' title='bbox 999 722 1063 776; x_wconf 80' lang='lat' dir='ltr'><strong>que</strong></span> <span class='ocrx_word' id='word_1_64' title='bbox 1079 710 1179 761; x_wconf 88' lang='lat' dir='ltr'><strong>contre</strong></span> <span class='ocrx_word' id='word_1_65' title='bbox 1189 704 1380 774; x_wconf 89' lang='lat' dir='ltr'><strong>Pharaonem,</strong></span> <span class='ocrx_word' id='word_1_66' title='bbox 1392 704 1469 759; x_wconf 72' lang='lat'><strong>888</strong></span> <span class='ocrx_word' id='word_1_67' title='bbox 1480 701 1540 760; x_wconf 85' lang='lat' dir='ltr'><strong>sive</strong></span> <span class='ocrx_word' id='word_1_68' title='bbox 1550 703 1586 759; x_wconf 92' lang='lat' dir='ltr'><strong>de</strong></span> <span class='ocrx_word' id='word_1_69' title='bbox 1600 701 1756 758; x_wconf 88' lang='lat' dir='ltr'><strong>Pharaone</strong></span> <span class='ocrx_word' id='word_1_70' title='bbox 1766 719 1834 775; x_wconf 91' lang='lat' dir='ltr'><strong>pro-</strong></span> 
     </span>
     <span class='ocr_line' id='line_1_7' title="bbox 107 787 1834 866; baseline -0.002 -15"><span class='ocrx_word' id='word_1_71' title='bbox 107 795 312 853; x_wconf 87' lang='lat' dir='ltr'><strong>Davidcoram</strong></span> <span class='ocrx_word' id='word_1_72' title='bbox 337 793 518 866; x_wconf 73' lang='lat' dir='ltr'><strong>thimotech,</strong></span> <span class='ocrx_word' id='word_1_73' title='bbox 541 799 570 851; x_wconf 86' lang='lat' dir='ltr'><strong>ot</strong></span> <span class='ocrx_word' id='word_1_74' title='bbox 590 795 625 850; x_wconf 93' lang='lat' dir='ltr'><strong>de</strong></span> <span class='ocrx_word' id='word_1_75' title='bbox 650 794 725 851; x_wconf 87' lang='lat' dir='ltr'><strong>Doec</strong></span> <span class='ocrx_word' id='word_1_76' title='bbox 753 795 890 864; x_wconf 74' lang='lat' dir='ltr'><strong>idumaeo,</strong></span> <span class='ocrx_word' id='word_1_77' title='bbox 914 787 944 850; x_wconf 68' lang='lat' dir='ltr'><strong>ei</strong></span> <span class='ocrx_word' id='word_1_78' title='bbox 997 793 1159 866; x_wconf 88' lang='lat' dir='ltr'><strong>phetiasit.</strong></span> <span class='ocrx_word' id='word_1_79' title='bbox 1188 792 1343 848; x_wconf 87' lang='lat' dir='ltr'><strong>Brachium</strong></span> <span class='ocrx_word' id='word_1_80' title='bbox 1358 793 1422 862; x_wconf 84' lang='lat' dir='ltr'><strong>ejus</strong></span> <span class='ocrx_word' id='word_1_81' title='bbox 1445 790 1625 865; x_wconf 76' lang='lat' dir='ltr'><strong>confregisse</strong></span> <span class='ocrx_word' id='word_1_82' title='bbox 1650 808 1684 848; x_wconf 89' lang='lat' dir='ltr'><strong>se</strong></span> <span class='ocrx_word' id='word_1_83' title='bbox 1699 791 1781 858; x_wconf 92' lang='lat' dir='ltr'><strong>dicit,</strong></span> <span class='ocrx_word' id='word_1_84' title='bbox 1805 796 1834 848; x_wconf 90' lang='lat' dir='ltr'><strong>et</strong></span> 
     </span>
     <span class='ocr_line' id='line_1_8' title="bbox 106 879 1832 956; baseline -0.003 -15"><span class='ocrx_word' id='word_1_85' title='bbox 106 885 378 956; x_wconf 79' lang='lat' dir='ltr'><strong>quandoinventus</strong></span> <span class='ocrx_word' id='word_1_86' title='bbox 402 883 492 939; x_wconf 88' lang='lat' dir='ltr'><strong>estin</strong></span> <span class='ocrx_word' id='word_1_87' title='bbox 518 882 667 956; x_wconf 90' lang='lat' dir='ltr'><strong>spelunca,</strong></span> <span class='ocrx_word' id='word_1_88' title='bbox 688 883 942 956; x_wconf 87' lang='lat' dir='ltr'><strong>etquinquagesi·</strong></span> <span class='ocrx_word' id='word_1_89' title='bbox 996 900 1055 939; x_wconf 92' lang='lat' dir='ltr'><strong>non</strong></span> <span class='ocrx_word' id='word_1_90' title='bbox 1073 899 1137 940; x_wconf 87' lang='lat' dir='ltr'><strong>esse</strong></span> <span class='ocrx_word' id='word_1_91' title='bbox 1167 881 1448 953; x_wconf 86' lang='lat' dir='ltr'><strong>obvolutumnequo</strong></span> <span class='ocrx_word' id='word_1_92' title='bbox 1478 879 1613 954; x_wconf 86' lang='lat' dir='ltr'><strong>ligatum,</strong></span> <span class='ocrx_word' id='word_1_93' title='bbox 1644 883 1832 936; x_wconf 85' lang='lat' dir='ltr'><strong>necsartum</strong></span> 
     </span>
     <span class='ocr_line' id='line_1_9' title="bbox 104 967 1831 1047; baseline -0.003 -17"><span class='ocrx_word' id='word_1_94' title='bbox 104 989 175 1030; x_wconf 89' lang='lat' dir='ltr'><strong>mus</strong></span> <span class='ocrx_word' id='word_1_95' title='bbox 205 971 394 1047; x_wconf 64' lang='lat' dir='ltr'><strong>peonitentiae,</strong></span> <span class='ocrx_word' id='word_1_96' title='bbox 425 972 454 1027; x_wconf 91' lang='lat' dir='ltr'><strong>in</strong></span> <span class='ocrx_word' id='word_1_97' title='bbox 481 973 565 1043; x_wconf 86' lang='lat' dir='ltr'><strong>cujus</strong></span> <span class='ocrx_word' id='word_1_98' title='bbox 594 973 679 1028; x_wconf 87' lang='lat' dir='ltr'><strong>titulo</strong></span> <span class='ocrx_word' id='word_1_99' title='bbox 711 973 940 1044; x_wconf 87' lang='lat' dir='ltr'><strong>demonstratur,</strong></span> <span class='ocrx_word' id='word_1_100' title='bbox 996 972 1125 1039; x_wconf 86' lang='lat' dir='ltr'><strong>inteolis,</strong></span> <span class='ocrx_word' id='word_1_101' title='bbox 1140 987 1194 1027; x_wconf 89' lang='lat' dir='ltr'><strong>nee</strong></span> <span class='ocrx_word' id='word_1_102' title='bbox 1211 970 1359 1042; x_wconf 87' lang='lat' dir='ltr'><strong>accepisse</strong></span> <span class='ocrx_word' id='word_1_103' title='bbox 1375 969 1533 1042; x_wconf 74' lang='lat' dir='ltr'><strong>alalagma,</strong></span> <span class='ocrx_word' id='word_1_104' title='bbox 1549 971 1632 1043; x_wconf 89' lang='lat' dir='ltr'><strong>juxta</strong></span> <span class='ocrx_word' id='word_1_105' title='bbox 1661 967 1831 1042; x_wconf 85' lang='lat' dir='ltr'><strong>illudquod</strong></span> 
     </span>
     <span class='ocr_line' id='line_1_10' title="bbox 104 1058 1830 1136; baseline -0.003 -17"><span class='ocrx_word' id='word_1_106' title='bbox 104 1062 184 1136; x_wconf 92' lang='lat' dir='ltr'><strong>quod</strong></span> <span class='ocrx_word' id='word_1_107' title='bbox 200 1061 347 1118; x_wconf 78' lang='lat' dir='ltr'><strong>introierit</strong></span> <span class='ocrx_word' id='word_1_108' title='bbox 371 1061 408 1116; x_wconf 88' lang='lat' dir='ltr'><strong>ad</strong></span> <span class='ocrx_word' id='word_1_109' title='bbox 432 1061 593 1118; x_wconf 78' lang='lat' dir='ltr'><strong>bethsabee</strong></span> <span class='ocrx_word' id='word_1_110' title='bbox 614 1077 733 1118; x_wconf 87' lang='lat' dir='ltr'><strong>uxorem</strong></span> <span class='ocrx_word' id='word_1_111' title='bbox 759 1062 842 1132; x_wconf 80' lang='lat' dir='ltr'><strong>Uria,</strong></span> <span class='ocrx_word' id='word_1_112' title='bbox 864 1062 938 1129; x_wconf 71' lang='grc'><strong>305,</strong></span> <span class='ocrx_word' id='word_1_113' title='bbox 995 1062 1216 1135; x_wconf 85' lang='lat' dir='ltr'><strong>scriptumest:</strong></span> <span class='ocrx_word' id='word_1_114' title='bbox 1233 1058 1830 1130; x_wconf 66' lang='lat' dir='ltr'><strong>coeremonpmatmponermccctcum,</strong></span> 
     </span>
     <span class='ocr_line' id='line_1_11' title="bbox 105 1146 1830 1223; baseline -0.002 -15"><span class='ocrx_word' id='word_1_115' title='bbox 105 1167 172 1208; x_wconf 89' lang='lat' dir='ltr'><strong>cum</strong></span> <span class='ocrx_word' id='word_1_116' title='bbox 188 1149 301 1223; x_wconf 80' lang='lat' dir='ltr'><strong>priores</strong></span> <span class='ocrx_word' id='word_1_117' title='bbox 315 1150 374 1205; x_wconf 88' lang='lat' dir='ltr'><strong>sint</strong></span> <span class='ocrx_word' id='word_1_118' title='bbox 388 1150 437 1206; x_wconf 87' lang='lat' dir='ltr'><strong>isti</strong></span> <span class='ocrx_word' id='word_1_119' title='bbox 453 1149 560 1223; x_wconf 81' lang='lat' dir='ltr'><strong>psalmi</strong></span> <span class='ocrx_word' id='word_1_120' title='bbox 584 1151 681 1218; x_wconf 89' lang='lat' dir='ltr'><strong>tertio,</strong></span> <span class='ocrx_word' id='word_1_121' title='bbox 706 1150 736 1205; x_wconf 93' lang='lat' dir='ltr'><strong>in</strong></span> <span class='ocrx_word' id='word_1_122' title='bbox 760 1166 818 1222; x_wconf 90' lang='lat' dir='ltr'><strong>quo</strong></span> <span class='ocrx_word' id='word_1_123' title='bbox 840 1151 941 1222; x_wconf 88' lang='lat' dir='ltr'><strong>lugere</strong></span> <span class='ocrx_word' id='word_1_124' title='bbox 993 1167 1043 1207; x_wconf 82' lang='lat' dir='ltr'><strong>nec</strong></span> <span class='ocrx_word' id='word_1_125' title='bbox 1058 1152 1221 1222; x_wconf 71' lang='lat' dir='ltr'><strong>alligaturas</strong></span> <span class='ocrx_word' id='word_1_126' title='bbox 1249 1151 1313 1218; x_wconf 79' lang='lat' dir='ltr'><strong>(lac.</strong></span> <span class='ocrx_word' id='word_1_127' title='bbox 1330 1165 1349 1219; x_wconf 86' lang='lat'><strong>1,</strong></span> <span class='ocrx_word' id='word_1_128' title='bbox 1378 1164 1430 1204; x_wconf 83' lang='lat' dir='ltr'><strong>sec.</strong></span> <span class='ocrx_word' id='word_1_129' title='bbox 1452 1146 1544 1219; x_wconf 84' lang='lat' dir='ltr'>LXX).</span> <span class='ocrx_word' id='word_1_130' title='bbox 1572 1147 1653 1213; x_wconf 85' lang='lat' dir='ltr'><strong>Quod</strong></span> <span class='ocrx_word' id='word_1_131' title='bbox 1670 1146 1695 1202; x_wconf 93' lang='lat' dir='ltr'><strong>si</strong></span> <span class='ocrx_word' id='word_1_132' title='bbox 1719 1147 1830 1205; x_wconf 86' lang='lat' dir='ltr'><strong>iactum</strong></span> 
     </span>
     <span class='ocr_line' id='line_1_12' title="bbox 104 1236 1833 1310; baseline -0.002 -14"><span class='ocrx_word' id='word_1_133' title='bbox 104 1243 224 1296; x_wconf 87' lang='lat' dir='ltr'><strong>notatur</strong></span> <span class='ocrx_word' id='word_1_134' title='bbox 241 1257 258 1295; x_wconf 88' lang='lat' dir='ltr'><strong>a</strong></span> <span class='ocrx_word' id='word_1_135' title='bbox 275 1239 349 1295; x_wconf 85' lang='lat' dir='ltr'><strong>lucie</strong></span> <span class='ocrx_word' id='word_1_136' title='bbox 364 1238 417 1293; x_wconf 83' lang='lat' dir='ltr'><strong>filii</strong></span> <span class='ocrx_word' id='word_1_137' title='bbox 434 1239 480 1294; x_wconf 91' lang='lat' dir='ltr'><strong>soi</strong></span> <span class='ocrx_word' id='word_1_138' title='bbox 495 1238 667 1295; x_wconf 81' lang='lat' dir='ltr'><strong>Abessalon.</strong></span> <span class='ocrx_word' id='word_1_139' title='bbox 695 1239 751 1295; x_wconf 90' lang='lat' dir='ltr'><strong>Sed</strong></span> <span class='ocrx_word' id='word_1_140' title='bbox 767 1240 796 1295; x_wconf 94' lang='lat' dir='ltr'><strong>in</strong></span> <span class='ocrx_word' id='word_1_141' title='bbox 813 1239 939 1296; x_wconf 87' lang='lat' dir='ltr'><strong>Psalmis</strong></span> <span class='ocrx_word' id='word_1_142' title='bbox 993 1240 1107 1306; x_wconf 88' lang='lat' dir='ltr'><strong>luisset,</strong></span> <span class='ocrx_word' id='word_1_143' title='bbox 1140 1236 1240 1310; x_wconf 91' lang='lat' dir='ltr'><strong>ntique</strong></span> <span class='ocrx_word' id='word_1_144' title='bbox 1265 1241 1380 1309; x_wconf 86' lang='lat' dir='ltr'><strong>recepta</strong></span> <span class='ocrx_word' id='word_1_145' title='bbox 1402 1236 1584 1302; x_wconf 87' lang='lat' dir='ltr'><strong>tortitudine,</strong></span> <span class='ocrx_word' id='word_1_146' title='bbox 1609 1240 1708 1308; x_wconf 89' lang='lat' dir='ltr'><strong>posset</strong></span> <span class='ocrx_word' id='word_1_147' title='bbox 1732 1240 1833 1293; x_wconf 88' lang='lat' dir='ltr'><strong>tenere</strong></span> 
     </span>
     <span class='ocr_line' id='line_1_13' title="bbox 104 1323 1833 1402; baseline 0 -19"><span class='ocrx_word' id='word_1_148' title='bbox 104 1327 200 1384; x_wconf 88' lang='lat' dir='ltr'><strong>tacitis</strong></span> <span class='ocrx_word' id='word_1_149' title='bbox 226 1328 377 1401; x_wconf 84' lang='lat' dir='ltr'><strong>responsio</strong></span> <span class='ocrx_word' id='word_1_150' title='bbox 403 1332 456 1399; x_wconf 88' lang='lat' dir='ltr'><strong>est,</strong></span> <span class='ocrx_word' id='word_1_151' title='bbox 479 1344 597 1384; x_wconf 87' lang='lat' dir='ltr'><strong>carmen</strong></span> <span class='ocrx_word' id='word_1_152' title='bbox 621 1344 685 1383; x_wconf 90' lang='lat' dir='ltr'><strong>esse</strong></span> <span class='ocrx_word' id='word_1_153' title='bbox 710 1326 844 1401; x_wconf 80' lang='lat' dir='ltr'><strong>lyricum,</strong></span> <span class='ocrx_word' id='word_1_154' title='bbox 861 1331 889 1383; x_wconf 91' lang='lat' dir='ltr'><strong>et</strong></span> <span class='ocrx_word' id='word_1_155' title='bbox 907 1328 937 1382; x_wconf 91' lang='lat' dir='ltr'><strong>in</strong></span> <span class='ocrx_word' id='word_1_156' title='bbox 991 1328 1136 1402; x_wconf 79' lang='lat' dir='ltr'><strong>gladium,</strong></span> <span class='ocrx_word' id='word_1_157' title='bbox 1153 1332 1182 1382; x_wconf 89' lang='lat' dir='ltr'><strong>et</strong></span> <span class='ocrx_word' id='word_1_158' title='bbox 1195 1328 1231 1382; x_wconf 90' lang='lat' dir='ltr'><strong>ad</strong></span> <span class='ocrx_word' id='word_1_159' title='bbox 1244 1326 1321 1382; x_wconf 88' lang='lat' dir='ltr'><strong>bella</strong></span> <span class='ocrx_word' id='word_1_160' title='bbox 1337 1326 1504 1398; x_wconf 84' lang='lat' dir='ltr'><strong>procedere.</strong></span> <span class='ocrx_word' id='word_1_161' title='bbox 1523 1324 1631 1381; x_wconf 90' lang='lat' dir='ltr'><strong>ldcirco</strong></span> <span class='ocrx_word' id='word_1_162' title='bbox 1655 1323 1789 1382; x_wconf 88' lang='lat' dir='ltr'><strong>clemens</strong></span> <span class='ocrx_word' id='word_1_163' title='bbox 1804 1330 1833 1383; x_wconf 87' lang='lat' dir='ltr'><strong>et</strong></span> 
     </span>
     <span class='ocr_line' id='line_1_14' title="bbox 104 1413 1831 1488; baseline 0.002 -19"><span class='ocrx_word' id='word_1_164' title='bbox 104 1413 309 1485; x_wconf 81' lang='lat' dir='ltr'><strong>hujuscemodi</strong></span> <span class='ocrx_word' id='word_1_165' title='bbox 326 1431 412 1488; x_wconf 89' lang='lat' dir='ltr'><strong>opere</strong></span> <span class='ocrx_word' id='word_1_166' title='bbox 437 1432 496 1471; x_wconf 89' lang='lat' dir='ltr'><strong>noa</strong></span> <span class='ocrx_word' id='word_1_167' title='bbox 521 1416 610 1486; x_wconf 84' lang='lat' dir='ltr'><strong>quaeri</strong></span> <span class='ocrx_word' id='word_1_168' title='bbox 635 1415 766 1471; x_wconf 88' lang='lat' dir='ltr'><strong>ordinem</strong></span> <span class='ocrx_word' id='word_1_169' title='bbox 788 1416 936 1485; x_wconf 71' lang='lat' dir='ltr'><strong>historiar,</strong></span> <span class='ocrx_word' id='word_1_170' title='bbox 975 1417 1165 1474; x_wconf 64' lang='lat' dir='ltr'><strong>‘misericors</strong></span> <span class='ocrx_word' id='word_1_171' title='bbox 1181 1415 1258 1472; x_wconf 89' lang='lat' dir='ltr'><strong>Deus</strong></span> <span class='ocrx_word' id='word_1_172' title='bbox 1269 1431 1386 1470; x_wconf 90' lang='lat' dir='ltr'><strong>rursum</strong></span> <span class='ocrx_word' id='word_1_173' title='bbox 1398 1413 1572 1470; x_wconf 85' lang='lat' dir='ltr'><strong>comminuit</strong></span> <span class='ocrx_word' id='word_1_174' title='bbox 1586 1413 1743 1470; x_wconf 88' lang='lat' dir='ltr'><strong>brachium</strong></span> <span class='ocrx_word' id='word_1_175' title='bbox 1755 1415 1831 1487; x_wconf 84' lang='lat' dir='ltr'><strong>ejus,</strong></span> 
     </span>
     <span class='ocr_line' id='line_1_15' title="bbox 105 1502 1832 1577; baseline 0.001 -18"><span class='ocrx_word' id='word_1_176' title='bbox 105 1504 156 1561; x_wconf 88' lang='lat' dir='ltr'><strong>sed</strong></span> <span class='ocrx_word' id='word_1_177' title='bbox 172 1505 316 1561; x_wconf 88' lang='lat' dir='ltr'><strong>laetorum</strong></span> <span class='ocrx_word' id='word_1_178' title='bbox 332 1503 465 1560; x_wconf 89' lang='lat' dir='ltr'><strong>carmina</strong></span> <span class='ocrx_word' id='word_1_179' title='bbox 480 1503 676 1577; x_wconf 89' lang='lat' dir='ltr'><strong>singulorum.</strong></span> <span class='ocrx_word' id='word_1_180' title='bbox 689 1505 721 1560; x_wconf 94' lang='lat' dir='ltr'><strong>ln</strong></span> <span class='ocrx_word' id='word_1_181' title='bbox 733 1505 856 1561; x_wconf 89' lang='lat' dir='ltr'><strong>historia</strong></span> <span class='ocrx_word' id='word_1_182' title='bbox 870 1521 937 1561; x_wconf 83' lang='lat' dir='ltr'><strong>vcro</strong></span> <span class='ocrx_word' id='word_1_183' title='bbox 991 1504 1198 1570; x_wconf 87' lang='lat' dir='ltr'><strong>sivebracbia,</strong></span> <span class='ocrx_word' id='word_1_184' title='bbox 1215 1509 1250 1560; x_wconf 91' lang='lat' dir='ltr'><strong>ut</strong></span> <span class='ocrx_word' id='word_1_185' title='bbox 1261 1503 1467 1576; x_wconf 88' lang='lat' dir='ltr'><strong>penituscadat</strong></span> <span class='ocrx_word' id='word_1_186' title='bbox 1477 1502 1592 1575; x_wconf 81' lang='lat' dir='ltr'><strong>gladius</strong></span> <span class='ocrx_word' id='word_1_187' title='bbox 1604 1502 1640 1558; x_wconf 93' lang='lat' dir='ltr'><strong>de</strong></span> <span class='ocrx_word' id='word_1_188' title='bbox 1651 1519 1744 1558; x_wconf 91' lang='lat' dir='ltr'><strong>mauu</strong></span> <span class='ocrx_word' id='word_1_189' title='bbox 1755 1504 1832 1576; x_wconf 87' lang='lat' dir='ltr'><strong>ejus,</strong></span> 
     </span>
     <span class='ocr_line' id='line_1_16' title="bbox 104 1591 1830 1666; baseline 0.001 -18"><span class='ocrx_word' id='word_1_190' title='bbox 104 1591 178 1649; x_wconf 87' lang='lat' dir='ltr'><strong>illud</strong></span> <span class='ocrx_word' id='word_1_191' title='bbox 194 1592 353 1650; x_wconf 90' lang='lat' dir='ltr'><strong>dicendum</strong></span> <span class='ocrx_word' id='word_1_192' title='bbox 369 1597 423 1665; x_wconf 88' lang='lat' dir='ltr'><strong>est,</strong></span> <span class='ocrx_word' id='word_1_193' title='bbox 439 1609 473 1649; x_wconf 90' lang='lat' dir='ltr'><strong>ea</strong></span> <span class='ocrx_word' id='word_1_194' title='bbox 488 1610 552 1666; x_wconf 84' lang='lat' dir='ltr'><strong>quae</strong></span> <span class='ocrx_word' id='word_1_195' title='bbox 568 1594 603 1648; x_wconf 88' lang='lat' dir='ltr'><strong>de</strong></span> <span class='ocrx_word' id='word_1_196' title='bbox 619 1610 678 1649; x_wconf 91' lang='lat' dir='ltr'><strong>une</strong></span> <span class='ocrx_word' id='word_1_197' title='bbox 689 1611 719 1650; x_wconf 93' lang='lat' dir='ltr'><strong>re</strong></span> <span class='ocrx_word' id='word_1_198' title='bbox 735 1593 937 1650; x_wconf 87' lang='lat' dir='ltr'><strong>diversissunt</strong></span> <span class='ocrx_word' id='word_1_199' title='bbox 990 1599 1019 1651; x_wconf 89' lang='lat' dir='ltr'><strong>et</strong></span> <span class='ocrx_word' id='word_1_200' title='bbox 1035 1595 1064 1648; x_wconf 93' lang='lat' dir='ltr'><strong>in</strong></span> <span class='ocrx_word' id='word_1_201' title='bbox 1077 1599 1179 1666; x_wconf 83' lang='lat' dir='ltr'><strong>gentas</strong></span> <span class='ocrx_word' id='word_1_202' title='bbox 1194 1594 1341 1666; x_wconf 81' lang='lat' dir='ltr'><strong>AEgyptus</strong></span> <span class='ocrx_word' id='word_1_203' title='bbox 1357 1592 1553 1665; x_wconf 86' lang='lat' dir='ltr'><strong>dispergatur,</strong></span> <span class='ocrx_word' id='word_1_204' title='bbox 1578 1595 1607 1647; x_wconf 88' lang='lat' dir='ltr'><strong>et</strong></span> <span class='ocrx_word' id='word_1_205' title='bbox 1625 1591 1786 1647; x_wconf 77' lang='lat' dir='ltr'><strong>ventiletur</strong></span> <span class='ocrx_word' id='word_1_206' title='bbox 1800 1593 1830 1649; x_wconf 94' lang='lat' dir='ltr'><strong>in</strong></span> 
     </span>
     <span class='ocr_line' id='line_1_17' title="bbox 103 1680 1829 1755; baseline 0 -18"><span class='ocrx_word' id='word_1_207' title='bbox 103 1681 182 1739; x_wconf 87' lang='lat' dir='ltr'><strong>dicta</strong></span> <span class='ocrx_word' id='word_1_208' title='bbox 197 1682 390 1755; x_wconf 84' lang='lat' dir='ltr'><strong>temporibus,</strong></span> <span class='ocrx_word' id='word_1_209' title='bbox 407 1700 464 1738; x_wconf 90' lang='lat' dir='ltr'><strong>non</strong></span> <span class='ocrx_word' id='word_1_210' title='bbox 478 1681 583 1738; x_wconf 88' lang='lat' dir='ltr'><strong>debere</strong></span> <span class='ocrx_word' id='word_1_211' title='bbox 609 1683 738 1739; x_wconf 89' lang='lat' dir='ltr'><strong>oratione</strong></span> <span class='ocrx_word' id='word_1_212' title='bbox 763 1682 863 1750; x_wconf 89' lang='lat' dir='ltr'><strong>dividi,</strong></span> <span class='ocrx_word' id='word_1_213' title='bbox 885 1685 935 1739; x_wconf 87' lang='lat' dir='ltr'><strong>sed</strong></span> <span class='ocrx_word' id='word_1_214' title='bbox 989 1685 1130 1739; x_wconf 88' lang='lat' dir='ltr'><strong>terras.ln</strong></span> <span class='ocrx_word' id='word_1_215' title='bbox 1141 1682 1260 1738; x_wconf 87' lang='lat' dir='ltr'><strong>brachio</strong></span> <span class='ocrx_word' id='word_1_216' title='bbox 1271 1686 1369 1737; x_wconf 89' lang='lat' dir='ltr'><strong>autem</strong></span> <span class='ocrx_word' id='word_1_217' title='bbox 1381 1681 1470 1737; x_wconf 91' lang='lat' dir='ltr'><strong>robur</strong></span> <span class='ocrx_word' id='word_1_218' title='bbox 1480 1681 1518 1753; x_wconf 89' lang='lat' dir='ltr'><strong>(o)</strong></span> <span class='ocrx_word' id='word_1_219' title='bbox 1532 1680 1630 1754; x_wconf 86' lang='lat' dir='ltr'><strong>accipe</strong></span> <span class='ocrx_word' id='word_1_220' title='bbox 1642 1680 1829 1745; x_wconf 83' lang='lat' dir='ltr'><strong>etiortitudr,</strong></span> 
     </span>
     <span class='ocr_line' id='line_1_18' title="bbox 65 1770 1827 1849; baseline -0.001 -22"><span class='ocrx_word' id='word_1_221' title='bbox 65 1832 70 1849; x_wconf 43' lang='grc'>1</span> <span class='ocrx_word' id='word_1_222' title='bbox 103 1771 192 1828; x_wconf 88' lang='lat' dir='ltr'><strong>unios</strong></span> <span class='ocrx_word' id='word_1_223' title='bbox 208 1771 264 1828; x_wconf 92' lang='lat' dir='ltr'><strong>loci</strong></span> <span class='ocrx_word' id='word_1_224' title='bbox 279 1770 599 1828; x_wconf 85' lang='lat' dir='ltr'><strong>narrationeconcludi.</strong></span> <span class='ocrx_word' id='word_1_225' title='bbox 611 1771 698 1827; x_wconf 89' lang='lat' dir='ltr'><strong>Verbi</strong></span> <span class='ocrx_word' id='word_1_226' title='bbox 709 1771 812 1845; x_wconf 89' lang='lat' dir='ltr'><strong>gratia,</strong></span> <span class='ocrx_word' id='word_1_227' title='bbox 829 1776 935 1843; x_wconf 83' lang='lat' dir='ltr'><strong>utquae</strong></span> <span class='ocrx_word' id='word_1_228' title='bbox 992 1789 1070 1844; x_wconf 87' lang='lat' dir='ltr'><strong>nem,</strong></span> <span class='ocrx_word' id='word_1_229' title='bbox 1088 1773 1201 1827; x_wconf 88' lang='lat' dir='ltr'><strong>dicente</strong></span> <span class='ocrx_word' id='word_1_230' title='bbox 1216 1771 1383 1842; x_wconf 83' lang='lat' dir='ltr'><strong>Scriptura:</strong></span> <span class='ocrx_word' id='word_1_231' title='bbox 1403 1770 1517 1825; x_wconf 80' lang='lat' dir='ltr'><strong>Contere</strong></span> <span class='ocrx_word' id='word_1_232' title='bbox 1541 1770 1684 1825; x_wconf 81' lang='lat' dir='ltr'><strong>orontium</strong></span> <span class='ocrx_word' id='word_1_233' title='bbox 1700 1775 1827 1842; x_wconf 68' lang='lat' dir='ltr'><strong>peccota</strong></span> 
     </span>
     <span class='ocr_line' id='line_1_19' title="bbox 103 1857 1829 1935; baseline -0.001 -19"><span class='ocrx_word' id='word_1_234' title='bbox 103 1860 139 1916; x_wconf 91' lang='lat' dir='ltr'><strong>de</strong></span> <span class='ocrx_word' id='word_1_235' title='bbox 154 1866 277 1935; x_wconf 80' lang='lat' dir='ltr'><strong>AEgypto</strong></span> <span class='ocrx_word' id='word_1_236' title='bbox 292 1861 371 1916; x_wconf 89' lang='lat' dir='ltr'><strong>dicta</strong></span> <span class='ocrx_word' id='word_1_237' title='bbox 386 1865 455 1917; x_wconf 87' lang='lat' dir='ltr'><strong>sunt</strong></span> <span class='ocrx_word' id='word_1_238' title='bbox 470 1861 527 1916; x_wconf 91' lang='lat' dir='ltr'><strong>alio</strong></span> <span class='ocrx_word' id='word_1_239' title='bbox 542 1865 631 1932; x_wconf 90' lang='lat' dir='ltr'><strong>atque</strong></span> <span class='ocrx_word' id='word_1_240' title='bbox 647 1859 704 1916; x_wconf 90' lang='lat' dir='ltr'><strong>alio</strong></span> <span class='ocrx_word' id='word_1_241' title='bbox 719 1865 860 1932; x_wconf 90' lang='lat' dir='ltr'><strong>tempore,</strong></span> <span class='ocrx_word' id='word_1_242' title='bbox 877 1878 935 1917; x_wconf 92' lang='lat' dir='ltr'><strong>uno</strong></span> <span class='ocrx_word' id='word_1_243' title='bbox 991 1863 1030 1916; x_wconf 82' lang='lat' dir='ltr'><strong>ris</strong></span> <span class='ocrx_word' id='word_1_244' title='bbox 1046 1864 1070 1916; x_wconf 81' lang='lat' dir='ltr'><strong>ct</strong></span> <span class='ocrx_word' id='word_1_245' title='bbox 1084 1861 1202 1931; x_wconf 79' lang='lat' dir='ltr'><strong>mclipni</strong></span> <span class='ocrx_word' id='word_1_246' title='bbox 1217 1860 1301 1932; x_wconf 79' lang='lat' dir='ltr'><strong>(Paul.</strong></span> <span class='ocrx_word' id='word_1_247' title='bbox 1319 1877 1357 1927; x_wconf 84' lang='lat' dir='ltr'><strong>rx,</strong></span> <span class='ocrx_word' id='word_1_248' title='bbox 1375 1859 1429 1930; x_wconf 85' lang='lat'>15).</span> <span class='ocrx_word' id='word_1_249' title='bbox 1446 1859 1527 1925; x_wconf 88' lang='lat' dir='ltr'><strong>Quod</strong></span> <span class='ocrx_word' id='word_1_250' title='bbox 1551 1858 1714 1915; x_wconf 88' lang='lat' dir='ltr'><strong>conteritur</strong></span> <span class='ocrx_word' id='word_1_251' title='bbox 1728 1857 1758 1915; x_wconf 92' lang='lat' dir='ltr'><strong>in</strong></span> <span class='ocrx_word' id='word_1_252' title='bbox 1774 1859 1829 1914; x_wconf 88' lang='lat' dir='ltr'><strong>ad-</strong></span> 
     </span>
     <span class='ocr_line' id='line_1_20' title="bbox 102 1946 1828 2020; baseline -0.001 -17"><span class='ocrx_word' id='word_1_253' title='bbox 102 1947 236 2006; x_wconf 84' lang='lat' dir='ltr'><strong>lectionis</strong></span> <span class='ocrx_word' id='word_1_254' title='bbox 251 1950 585 2020; x_wconf 85' lang='lat' dir='ltr'><strong>ordinecognoscantur.</strong></span> <span class='ocrx_word' id='word_1_255' title='bbox 602 1950 673 2005; x_wconf 80' lang='lat' dir='ltr'><strong>Cum</strong></span> <span class='ocrx_word' id='word_1_256' title='bbox 692 1949 750 2005; x_wconf 74' lang='lat' dir='ltr'><strong>brec</strong></span> <span class='ocrx_word' id='word_1_257' title='bbox 763 1946 934 2015; x_wconf 77' lang='lat' dir='ltr'><strong>dixerimus,</strong></span> <span class='ocrx_word' id='word_1_258' title='bbox 990 1948 1127 2006; x_wconf 87' lang='lat' dir='ltr'><strong>versariis</strong></span> <span class='ocrx_word' id='word_1_259' title='bbox 1153 1948 1272 2014; x_wconf 87' lang='lat' dir='ltr'><strong>nostris,</strong></span> <span class='ocrx_word' id='word_1_260' title='bbox 1308 1948 1426 2019; x_wconf 88' lang='lat' dir='ltr'><strong>quando</strong></span> <span class='ocrx_word' id='word_1_261' title='bbox 1450 1963 1504 2002; x_wconf 92' lang='lat' dir='ltr'><strong>nos</strong></span> <span class='ocrx_word' id='word_1_262' title='bbox 1528 1950 1746 2019; x_wconf 87' lang='lat' dir='ltr'><strong>persequuntur</strong></span> <span class='ocrx_word' id='word_1_263' title='bbox 1761 1947 1828 2020; x_wconf 85' lang='lat' dir='ltr'><strong>qui-</strong></span> 
     </span>
     <span class='ocr_line' id='line_1_21' title="bbox 103 2026 1827 2110; baseline 0.001 -18"><span class='ocrx_word' id='word_1_264' title='bbox 103 2042 203 2093; x_wconf 90' lang='lat' dir='ltr'><strong>manet</strong></span> <span class='ocrx_word' id='word_1_265' title='bbox 218 2037 412 2094; x_wconf 88' lang='lat' dir='ltr'><strong>nihilominus</strong></span> <span class='ocrx_word' id='word_1_266' title='bbox 427 2039 568 2110; x_wconf 79' lang='lat' dir='ltr'><strong>queastio:</strong></span> <span class='ocrx_word' id='word_1_267' title='bbox 585 2044 642 2093; x_wconf 82' lang='lat' dir='ltr'><strong>Cur</strong></span> <span class='ocrx_word' id='word_1_268' title='bbox 656 2039 685 2094; x_wconf 91' lang='lat' dir='ltr'><strong>in</strong></span> <span class='ocrx_word' id='word_1_269' title='bbox 702 2038 756 2094; x_wconf 96' lang='lat' dir='ltr'><strong>hoc</strong></span> <span class='ocrx_word' id='word_1_270' title='bbox 771 2040 874 2094; x_wconf 89' lang='lat' dir='ltr'><strong>codem</strong></span> <span class='ocrx_word' id='word_1_271' title='bbox 892 2038 933 2094; x_wconf 92' lang='lat' dir='ltr'><strong>lo·</strong></span> <span class='ocrx_word' id='word_1_272' title='bbox 990 2039 1068 2105; x_wconf 87' lang='lat' dir='ltr'><strong>dem,</strong></span> <span class='ocrx_word' id='word_1_273' title='bbox 1082 2039 1132 2095; x_wconf 89' lang='lat' dir='ltr'><strong>sed</strong></span> <span class='ocrx_word' id='word_1_274' title='bbox 1144 2037 1312 2110; x_wconf 89' lang='lat' dir='ltr'><strong>opprimere</strong></span> <span class='ocrx_word' id='word_1_275' title='bbox 1322 2039 1482 2107; x_wconf 87' lang='lat' dir='ltr'><strong>nequeunt.</strong></span> <span class='ocrx_word' id='word_1_276' title='bbox 1498 2035 1533 2091; x_wconf 76' lang='lat' dir='ltr'><strong>loo</strong></span> <span class='ocrx_word' id='word_1_277' title='bbox 1549 2052 1600 2107; x_wconf 90' lang='lat' dir='ltr'><strong>pro</strong></span> <span class='ocrx_word' id='word_1_278' title='bbox 1614 2033 1714 2092; x_wconf 85' lang='lat' dir='ltr'><strong>salute</strong></span> <span class='ocrx_word' id='word_1_279' title='bbox 1728 2026 1827 2093; x_wconf 67' lang='lat' dir='ltr'><strong>servoss</strong></span> 
     </span>
     <span class='ocr_line' id='line_1_22' title="bbox 103 2123 1828 2199; baseline -0.001 -17"><span class='ocrx_word' id='word_1_280' title='bbox 103 2142 136 2182; x_wconf 91' lang='lat' dir='ltr'><strong>co</strong></span> <span class='ocrx_word' id='word_1_281' title='bbox 151 2127 279 2199; x_wconf 91' lang='lat' dir='ltr'><strong>primum</strong></span> <span class='ocrx_word' id='word_1_282' title='bbox 292 2127 386 2182; x_wconf 89' lang='lat' dir='ltr'><strong>tuctus</strong></span> <span class='ocrx_word' id='word_1_283' title='bbox 401 2127 440 2183; x_wconf 87' lang='lat' dir='ltr'><strong>sit</strong></span> <span class='ocrx_word' id='word_1_284' title='bbox 455 2143 551 2182; x_wconf 90' lang='lat' dir='ltr'><strong>sermo</strong></span> <span class='ocrx_word' id='word_1_285' title='bbox 569 2127 683 2183; x_wconf 84' lang='lat' dir='ltr'><strong>Domini</strong></span> <span class='ocrx_word' id='word_1_286' title='bbox 698 2127 735 2181; x_wconf 88' lang='lat' dir='ltr'><strong>ad</strong></span> <span class='ocrx_word' id='word_1_287' title='bbox 752 2126 933 2183; x_wconf 87' lang='lat' dir='ltr'><strong>Pharaonem</strong></span> <span class='ocrx_word' id='word_1_288' title='bbox 990 2144 1057 2183; x_wconf 86' lang='lat' dir='ltr'><strong>runr</strong></span> <span class='ocrx_word' id='word_1_289' title='bbox 1074 2127 1125 2183; x_wconf 88' lang='lat' dir='ltr'><strong>Dei</strong></span> <span class='ocrx_word' id='word_1_290' title='bbox 1149 2127 1289 2182; x_wconf 89' lang='lat' dir='ltr'><strong>adversus</strong></span> <span class='ocrx_word' id='word_1_291' title='bbox 1306 2124 1488 2180; x_wconf 88' lang='lat' dir='ltr'><strong>Pharaonem</strong></span> <span class='ocrx_word' id='word_1_292' title='bbox 1513 2141 1561 2179; x_wconf 88' lang='lat' dir='ltr'><strong>rex</strong></span> <span class='ocrx_word' id='word_1_293' title='bbox 1576 2123 1736 2197; x_wconf 79' lang='lat' dir='ltr'><strong>Babylonis</strong></span> <span class='ocrx_word' id='word_1_294' title='bbox 1750 2141 1828 2198; x_wconf 74' lang='lat' dir='ltr'><strong>sepe</strong></span> 
     </span>
     <span class='ocr_line' id='line_1_23' title="bbox 39 2212 1827 2288; baseline -0.001 -17"><span class='ocrx_word' id='word_1_295' title='bbox 39 2252 43 2258; x_wconf 86' lang='lat'><em>-</em></span> <span class='ocrx_word' id='word_1_296' title='bbox 102 2230 179 2272; x_wconf 86' lang='lat' dir='ltr'><strong>anno</strong></span> <span class='ocrx_word' id='word_1_297' title='bbox 196 2215 359 2284; x_wconf 88' lang='lat' dir='ltr'><strong>undecimo,</strong></span> <span class='ocrx_word' id='word_1_298' title='bbox 371 2219 507 2288; x_wconf 88' lang='lat' dir='ltr'><strong>etpostea</strong></span> <span class='ocrx_word' id='word_1_299' title='bbox 521 2216 660 2272; x_wconf 87' lang='lat' dir='ltr'><strong>vicesimo</strong></span> <span class='ocrx_word' id='word_1_300' title='bbox 674 2215 932 2288; x_wconf 86' lang='lat' dir='ltr'><strong>septimo,etdein·</strong></span> <span class='ocrx_word' id='word_1_301' title='bbox 992 2216 1157 2288; x_wconf 85' lang='lat' dir='ltr'><strong>consurgit,</strong></span> <span class='ocrx_word' id='word_1_302' title='bbox 1170 2220 1201 2271; x_wconf 88' lang='lat' dir='ltr'><strong>ut</strong></span> <span class='ocrx_word' id='word_1_303' title='bbox 1212 2219 1359 2288; x_wconf 89' lang='lat' dir='ltr'><strong>potentem</strong></span> <span class='ocrx_word' id='word_1_304' title='bbox 1373 2213 1520 2286; x_wconf 88' lang='lat' dir='ltr'><strong>opprimat</strong></span> <span class='ocrx_word' id='word_1_305' title='bbox 1543 2212 1699 2285; x_wconf 89' lang='lat' dir='ltr'><strong>potentior,</strong></span> <span class='ocrx_word' id='word_1_306' title='bbox 1716 2212 1827 2269; x_wconf 88' lang='lat' dir='ltr'><strong>etmuli</strong></span> 
     </span>
     <span class='ocr_line' id='line_1_24' title="bbox 102 2300 1821 2378; baseline 0 -20"><span class='ocrx_word' id='word_1_307' title='bbox 102 2318 171 2376; x_wconf 90' lang='lat' dir='ltr'><strong>ceps</strong></span> <span class='ocrx_word' id='word_1_308' title='bbox 179 2304 465 2371; x_wconf 87' lang='lat' dir='ltr'><strong>aanodecim0,cum</strong></span> <span class='ocrx_word' id='word_1_309' title='bbox 478 2305 579 2378; x_wconf 90' lang='lat' dir='ltr'><strong>utique</strong></span> <span class='ocrx_word' id='word_1_310' title='bbox 586 2306 671 2375; x_wconf 86' lang='lat' dir='ltr'><strong>juxta</strong></span> <span class='ocrx_word' id='word_1_311' title='bbox 686 2305 829 2372; x_wconf 85' lang='lat' dir='ltr'><strong>ordinem,</strong></span> <span class='ocrx_word' id='word_1_312' title='bbox 838 2305 932 2378; x_wconf 90' lang='lat' dir='ltr'><strong>primo</strong></span> <span class='ocrx_word' id='word_1_313' title='bbox 987 2305 1142 2361; x_wconf 86' lang='lat' dir='ltr'><strong>traduntur</strong></span> <span class='ocrx_word' id='word_1_314' title='bbox 1157 2303 1315 2377; x_wconf 79' lang='lat' dir='ltr'><strong>pejoribus,</strong></span> <span class='ocrx_word' id='word_1_315' title='bbox 1331 2303 1512 2359; x_wconf 77' lang='lat' dir='ltr'><strong>confortante</strong></span> <span class='ocrx_word' id='word_1_316' title='bbox 1529 2302 1585 2357; x_wconf 86' lang='lat' dir='ltr'><strong>Deo</strong></span> <span class='ocrx_word' id='word_1_317' title='bbox 1595 2300 1719 2358; x_wconf 88' lang='lat' dir='ltr'><strong>brachia</strong></span> <span class='ocrx_word' id='word_1_318' title='bbox 1729 2301 1821 2374; x_wconf 87' lang='lat' dir='ltr'><strong>pessi·</strong></span> 
     </span>
     <span class='ocr_line' id='line_1_25' title="bbox 100 2391 1821 2464; baseline -0.002 -15"><span class='ocrx_word' id='word_1_319' title='bbox 100 2391 376 2459; x_wconf 89' lang='lat' dir='ltr'><strong>decimus,secundc</strong></span> <span class='ocrx_word' id='word_1_320' title='bbox 392 2393 565 2449; x_wconf 81' lang='lat' dir='ltr'><strong>undecimus</strong></span> <span class='ocrx_word' id='word_1_321' title='bbox 581 2392 677 2461; x_wconf 88' lang='lat' dir='ltr'><strong>tertio,</strong></span> <span class='ocrx_word' id='word_1_322' title='bbox 703 2393 861 2450; x_wconf 88' lang='lat' dir='ltr'><strong>vicesimus</strong></span> <span class='ocrx_word' id='word_1_323' title='bbox 886 2409 931 2449; x_wconf 89' lang='lat' dir='ltr'><strong>se·</strong></span> <span class='ocrx_word' id='word_1_324' title='bbox 987 2411 1114 2459; x_wconf 90' lang='lat' dir='ltr'><strong>murum,</strong></span> <span class='ocrx_word' id='word_1_325' title='bbox 1140 2397 1172 2448; x_wconf 90' lang='lat' dir='ltr'><strong>ut</strong></span> <span class='ocrx_word' id='word_1_326' title='bbox 1196 2393 1268 2448; x_wconf 86' lang='lat' dir='ltr'><strong>sciat</strong></span> <span class='ocrx_word' id='word_1_327' title='bbox 1283 2392 1334 2464; x_wconf 90' lang='lat' dir='ltr'><strong>qui</strong></span> <span class='ocrx_word' id='word_1_328' title='bbox 1360 2391 1501 2447; x_wconf 89' lang='lat' dir='ltr'><strong>liberatus</strong></span> <span class='ocrx_word' id='word_1_329' title='bbox 1526 2394 1581 2456; x_wconf 88' lang='lat' dir='ltr'><strong>cst,</strong></span> <span class='ocrx_word' id='word_1_330' title='bbox 1605 2391 1684 2462; x_wconf 92' lang='lat' dir='ltr'><strong>quod</strong></span> <span class='ocrx_word' id='word_1_331' title='bbox 1702 2391 1766 2464; x_wconf 91' lang='lat' dir='ltr'><strong>ipse</strong></span> <span class='ocrx_word' id='word_1_332' title='bbox 1781 2391 1821 2447; x_wconf 88' lang='lat' dir='ltr'><strong>sit</strong></span> 
     </span>
     <span class='ocr_line' id='line_1_26' title="bbox 101 2478 1858 2556; baseline -0.001 -19"><span class='ocrx_word' id='word_1_333' title='bbox 101 2481 931 2556; x_wconf 80' lang='lat' dir='ltr'><strong>ptimusannus,singulisprophetiisdebuerintprrono-</strong></span> <span class='ocrx_word' id='word_1_334' title='bbox 987 2482 1149 2539; x_wconf 90' lang='lat' dir='ltr'><strong>Dominus:</strong></span> <span class='ocrx_word' id='word_1_335' title='bbox 1177 2482 1338 2553; x_wconf 89' lang='lat' dir='ltr'><strong>protectum</strong></span> <span class='ocrx_word' id='word_1_336' title='bbox 1364 2485 1462 2536; x_wconf 87' lang='lat' dir='ltr'><strong>autem</strong></span> <span class='ocrx_word' id='word_1_337' title='bbox 1490 2496 1554 2535; x_wconf 90' lang='lat' dir='ltr'><strong>esse</strong></span> <span class='ocrx_word' id='word_1_338' title='bbox 1581 2478 1713 2549; x_wconf 83' lang='lat' dir='ltr'><strong>virtutis,</strong></span> <span class='ocrx_word' id='word_1_339' title='bbox 1743 2479 1820 2536; x_wconf 91' lang='lat' dir='ltr'><strong>scire</strong></span> <span class='ocrx_word' id='word_1_340' title='bbox 1854 2532 1858 2543; x_wconf 96' lang='grc'>,</span> 
     </span>
     <span class='ocr_line' id='line_1_27' title="bbox 101 2568 1819 2645; baseline -0.001 -19"><span class='ocrx_word' id='word_1_341' title='bbox 101 2569 168 2626; x_wconf 88' lang='lat' dir='ltr'><strong>tari.</strong></span> <span class='ocrx_word' id='word_1_342' title='bbox 185 2571 228 2626; x_wconf 83' lang='lat' dir='ltr'><strong>Ad</strong></span> <span class='ocrx_word' id='word_1_343' title='bbox 246 2571 323 2643; x_wconf 89' lang='lat' dir='ltr'><strong>quod</strong></span> <span class='ocrx_word' id='word_1_344' title='bbox 339 2570 413 2627; x_wconf 92' lang='lat' dir='ltr'><strong>illud</strong></span> <span class='ocrx_word' id='word_1_345' title='bbox 429 2588 587 2644; x_wconf 89' lang='lat' dir='ltr'><strong>possumus</strong></span> <span class='ocrx_word' id='word_1_346' title='bbox 617 2573 810 2643; x_wconf 86' lang='lat' dir='ltr'><strong>respondere:</strong></span> <span class='ocrx_word' id='word_1_347' title='bbox 829 2569 849 2626; x_wconf 89' lang='grc'><em>0</em></span> <span class='ocrx_word' id='word_1_348' title='bbox 866 2589 930 2643; x_wconf 88' lang='lat' dir='ltr'><strong>pro·</strong></span> <span class='ocrx_word' id='word_1_349' title='bbox 986 2573 1135 2645; x_wconf 89' lang='lat' dir='ltr'><strong>quodipse</strong></span> <span class='ocrx_word' id='word_1_350' title='bbox 1148 2571 1184 2626; x_wconf 89' lang='lat' dir='ltr'><strong>sit</strong></span> <span class='ocrx_word' id='word_1_351' title='bbox 1196 2568 1520 2626; x_wconf 85' lang='lat' dir='ltr'><strong>Dominus.Econtrari0</strong></span> <span class='ocrx_word' id='word_1_352' title='bbox 1532 2568 1819 2640; x_wconf 86' lang='lat' dir='ltr'><strong>possumusdicers:</strong></span> 
     </span>
     <span class='ocr_line' id='line_1_28' title="bbox 100 2657 1819 2732; baseline -0.001 -18"><span class='ocrx_word' id='word_1_353' title='bbox 100 2659 219 2731; x_wconf 74' lang='lat' dir='ltr'><strong>fundum</strong></span> <span class='ocrx_word' id='word_1_354' title='bbox 240 2659 405 2715; x_wconf 84' lang='lat' dir='ltr'><strong>diuitiarum</strong></span> <span class='ocrx_word' id='word_1_355' title='bbox 420 2662 563 2732; x_wconf 70' lang='lat' dir='ltr'><strong>sapientior</strong></span> <span class='ocrx_word' id='word_1_356' title='bbox 586 2662 747 2716; x_wconf 72' lang='lat' dir='ltr'><strong>clericalia</strong></span> <span class='ocrx_word' id='word_1_357' title='bbox 774 2662 832 2730; x_wconf 77' lang='lat' dir='ltr'><strong>ori,</strong></span> <span class='ocrx_word' id='word_1_358' title='bbox 849 2677 931 2732; x_wconf 36' lang='lat' dir='ltr'><strong>qucom</strong></span> <span class='ocrx_word' id='word_1_359' title='bbox 985 2662 1052 2716; x_wconf 80' lang='lat' dir='ltr'><strong>Filii</strong></span> <span class='ocrx_word' id='word_1_360' title='bbox 1060 2662 1130 2726; x_wconf 82' lang='lat' dir='ltr'><strong>lletr&#39;,</strong></span> <span class='ocrx_word' id='word_1_361' title='bbox 1143 2661 1198 2732; x_wconf 74' lang='lat' dir='ltr'><strong>filii</strong></span> <span class='ocrx_word' id='word_1_362' title='bbox 1205 2660 1380 2731; x_wconf 59' lang='lat' dir='ltr'><strong>pestilentiae,</strong></span> <span class='ocrx_word' id='word_1_363' title='bbox 1396 2660 1544 2713; x_wconf 70' lang='lat' dir='ltr'><strong>coementes</strong></span> <span class='ocrx_word' id='word_1_364' title='bbox 1557 2659 1644 2712; x_wconf 82' lang='lat' dir='ltr'><strong>Deum</strong></span> <span class='ocrx_word' id='word_1_365' title='bbox 1658 2657 1685 2728; x_wconf 89' lang='lat' dir='ltr'><strong>(l</strong></span> <span class='ocrx_word' id='word_1_366' title='bbox 1706 2658 1772 2728; x_wconf 80' lang='lat' dir='ltr'><strong>ttep.</strong></span> <span class='ocrx_word' id='word_1_367' title='bbox 1787 2675 1819 2728; x_wconf 87' lang='lat'><strong>11,</strong></span> 
     </span>
     <span class='ocr_line' id='line_1_29' title="bbox 101 2745 1821 2821; baseline 0.001 -20"><span class='ocrx_word' id='word_1_368' title='bbox 101 2747 295 2802; x_wconf 80' lang='lat' dir='ltr'><strong>inscrutabilia</strong></span> <span class='ocrx_word' id='word_1_369' title='bbox 319 2748 421 2815; x_wconf 74' lang='lat' dir='ltr'><strong>judicio</strong></span> <span class='ocrx_word' id='word_1_370' title='bbox 436 2749 494 2819; x_wconf 81' lang='lat' dir='ltr'><strong>ejus</strong></span> <span class='ocrx_word' id='word_1_371' title='bbox 521 2756 547 2804; x_wconf 85' lang='lat' dir='ltr'><strong>et</strong></span> <span class='ocrx_word' id='word_1_372' title='bbox 573 2750 845 2820; x_wconf 73' lang='lat' dir='ltr'><strong>investigabitesor&#39;ae</strong></span> <span class='ocrx_word' id='word_1_373' title='bbox 872 2750 930 2820; x_wconf 80' lang='lat' dir='ltr'><strong>ejus</strong></span> <span class='ocrx_word' id='word_1_374' title='bbox 984 2751 1041 2821; x_wconf 84' lang='lat'>22).</span> <span class='ocrx_word' id='word_1_375' title='bbox 1058 2749 1136 2804; x_wconf 81' lang='lat' dir='ltr'><strong>iltin</strong></span> <span class='ocrx_word' id='word_1_376' title='bbox 1160 2749 1266 2804; x_wconf 90' lang='lat' dir='ltr'><strong>bonam</strong></span> <span class='ocrx_word' id='word_1_377' title='bbox 1293 2752 1404 2820; x_wconf 89' lang='lat' dir='ltr'><strong>partem</strong></span> <span class='ocrx_word' id='word_1_378' title='bbox 1430 2747 1465 2802; x_wconf 92' lang='lat' dir='ltr'><strong>de</strong></span> <span class='ocrx_word' id='word_1_379' title='bbox 1488 2746 1608 2819; x_wconf 87' lang='lat' dir='ltr'><strong>regibus</strong></span> <span class='ocrx_word' id='word_1_380' title='bbox 1630 2745 1680 2817; x_wconf 92' lang='lat' dir='ltr'><strong>qui</strong></span> <span class='ocrx_word' id='word_1_381' title='bbox 1702 2750 1821 2802; x_wconf 88' lang='lat' dir='ltr'><strong>rectum</strong></span> 
     </span>
     <span class='ocr_line' id='line_1_30' title="bbox 101 2833 1820 2909; baseline 0.002 -21"><span class='ocrx_word' id='word_1_382' title='bbox 101 2833 189 2905; x_wconf 86' lang='lat' dir='ltr'><strong>(llam.</strong></span> <span class='ocrx_word' id='word_1_383' title='bbox 206 2850 237 2899; x_wconf 87' lang='grc' dir='ltr'><strong>ιι,</strong></span> <span class='ocrx_word' id='word_1_384' title='bbox 253 2835 309 2902; x_wconf 84' lang='grc'>33).</span> <span class='ocrx_word' id='word_1_385' title='bbox 332 2835 366 2890; x_wconf 79' lang='lat' dir='ltr'><strong>Et</strong></span> <span class='ocrx_word' id='word_1_386' title='bbox 392 2836 422 2890; x_wconf 91' lang='lat' dir='ltr'><strong>in</strong></span> <span class='ocrx_word' id='word_1_387' title='bbox 437 2836 493 2891; x_wconf 88' lang='lat' dir='ltr'><strong>alio</strong></span> <span class='ocrx_word' id='word_1_388' title='bbox 521 2836 604 2891; x_wconf 91' lang='lat' dir='ltr'><strong>loco:</strong></span> <span class='ocrx_word' id='word_1_389' title='bbox 621 2838 755 2909; x_wconf 74' lang='lat' dir='ltr'><strong>thyrsum</strong></span> <span class='ocrx_word' id='word_1_390' title='bbox 782 2840 806 2891; x_wconf 87' lang='lat' dir='ltr'><strong>ct</strong></span> <span class='ocrx_word' id='word_1_391' title='bbox 819 2840 929 2908; x_wconf 82' lang='lat' dir='ltr'><strong>sopien—</strong></span> <span class='ocrx_word' id='word_1_392' title='bbox 986 2838 1116 2893; x_wconf 89' lang='lat' dir='ltr'><strong>lecerunt</strong></span> <span class='ocrx_word' id='word_1_393' title='bbox 1130 2837 1160 2892; x_wconf 91' lang='lat' dir='ltr'><strong>in</strong></span> <span class='ocrx_word' id='word_1_394' title='bbox 1176 2841 1332 2909; x_wconf 90' lang='lat' dir='ltr'><strong>conspectu</strong></span> <span class='ocrx_word' id='word_1_395' title='bbox 1344 2836 1393 2892; x_wconf 89' lang='lat' dir='ltr'><strong>Dei</strong></span> <span class='ocrx_word' id='word_1_396' title='bbox 1406 2836 1550 2907; x_wconf 88' lang='lat' dir='ltr'><strong>scriptum</strong></span> <span class='ocrx_word' id='word_1_397' title='bbox 1570 2834 1710 2906; x_wconf 91' lang='lat' dir='ltr'><strong>est,quod</strong></span> <span class='ocrx_word' id='word_1_398' title='bbox 1723 2850 1820 2891; x_wconf 85' lang='lat' dir='ltr'><strong>nove·</strong></span> 
     </span>
     <span class='ocr_line' id='line_1_31' title="bbox 100 2922 1821 2997; baseline 0.002 -21"><span class='ocrx_word' id='word_1_399' title='bbox 100 2923 170 2977; x_wconf 85' lang='lat' dir='ltr'><strong>tium</strong></span> <span class='ocrx_word' id='word_1_400' title='bbox 185 2923 246 2993; x_wconf 80' lang='lat' dir='ltr'><strong>quis</strong></span> <span class='ocrx_word' id='word_1_401' title='bbox 260 2923 435 2994; x_wconf 69' lang='lat' dir='ltr'><strong>investigabit</strong></span> <span class='ocrx_word' id='word_1_402' title='bbox 449 2924 542 2995; x_wconf 76' lang='lat' dir='ltr'><strong>(docti.</strong></span> <span class='ocrx_word' id='word_1_403' title='bbox 560 2942 579 2992; x_wconf 91' lang='lat'><strong>1,</strong></span> <span class='ocrx_word' id='word_1_404' title='bbox 595 2928 622 2988; x_wconf 81' lang='lat'><strong>2,</strong></span> <span class='ocrx_word' id='word_1_405' title='bbox 639 2926 676 2994; x_wconf 86' lang='lat'><strong>3).</strong></span> <span class='ocrx_word' id='word_1_406' title='bbox 703 2926 862 2981; x_wconf 86' lang='lat' dir='ltr'><strong>Possumus</strong></span> <span class='ocrx_word' id='word_1_407' title='bbox 878 2943 929 2981; x_wconf 90' lang='lat' dir='ltr'><strong>au·</strong></span> <span class='ocrx_word' id='word_1_408' title='bbox 985 2926 1045 2981; x_wconf 91' lang='lat' dir='ltr'><strong>rint</strong></span> <span class='ocrx_word' id='word_1_409' title='bbox 1059 2925 1302 2982; x_wconf 83' lang='lat' dir='ltr'><strong>Dominumlllud</strong></span> <span class='ocrx_word' id='word_1_410' title='bbox 1316 2930 1411 2980; x_wconf 87' lang='lat' dir='ltr'><strong>autem</strong></span> <span class='ocrx_word' id='word_1_411' title='bbox 1424 2924 1500 2997; x_wconf 89' lang='lat' dir='ltr'><strong>quod</strong></span> <span class='ocrx_word' id='word_1_412' title='bbox 1513 2925 1542 2979; x_wconf 91' lang='lat' dir='ltr'><strong>in</strong></span> <span class='ocrx_word' id='word_1_413' title='bbox 1555 2923 1625 2978; x_wconf 83' lang='lat' dir='ltr'><strong>LXX</strong></span> <span class='ocrx_word' id='word_1_414' title='bbox 1639 2922 1742 2978; x_wconf 90' lang='lat' dir='ltr'><strong>dicitur</strong></span> <span class='ocrx_word' id='word_1_415' title='bbox 1756 2939 1764 2976; x_wconf 90' lang='lat'>:</span> <span class='ocrx_word' id='word_1_416' title='bbox 1783 2925 1821 2980; x_wconf 75' lang='lat' dir='ltr'><strong>ct</strong></span> 
     </span>
     <span class='ocr_line' id='line_1_32' title="bbox 100 3010 1819 3089; baseline 0.002 -23"><span class='ocrx_word' id='word_1_417' title='bbox 100 3013 161 3067; x_wconf 85' lang='lat' dir='ltr'><strong>iem</strong></span> <span class='ocrx_word' id='word_1_418' title='bbox 176 3010 230 3066; x_wconf 92' lang='lat' dir='ltr'><strong>huc</strong></span> <span class='ocrx_word' id='word_1_419' title='bbox 245 3010 350 3077; x_wconf 89' lang='lat' dir='ltr'><strong>dicero,</strong></span> <span class='ocrx_word' id='word_1_420' title='bbox 368 3013 443 3083; x_wconf 85' lang='lat' dir='ltr'><strong>quod</strong></span> <span class='ocrx_word' id='word_1_421' title='bbox 469 3017 497 3068; x_wconf 90' lang='lat' dir='ltr'><strong>et</strong></span> <span class='ocrx_word' id='word_1_422' title='bbox 520 3013 548 3067; x_wconf 90' lang='lat' dir='ltr'><strong>in</strong></span> <span class='ocrx_word' id='word_1_423' title='bbox 574 3013 726 3085; x_wconf 85' lang='lat' dir='ltr'><strong>Prophetis</strong></span> <span class='ocrx_word' id='word_1_424' title='bbox 742 3021 928 3089; x_wconf 66' lang='lat' dir='ltr'><strong>nequaqur&#39;rm</strong></span> <span class='ocrx_word' id='word_1_425' title='bbox 984 3023 1123 3071; x_wconf 77' lang='lat' dir='ltr'><strong>conteram</strong></span> <span class='ocrx_word' id='word_1_426' title='bbox 1136 3015 1247 3071; x_wconf 84' lang='lat' dir='ltr'><strong>trrcctric</strong></span> <span class='ocrx_word' id='word_1_427' title='bbox 1258 3016 1316 3086; x_wconf 77' lang='lat' dir='ltr'><strong>cjua</strong></span> <span class='ocrx_word' id='word_1_428' title='bbox 1326 3015 1446 3086; x_wconf 74' lang='lat' dir='ltr'><strong>forticet</strong></span> <span class='ocrx_word' id='word_1_429' title='bbox 1460 3013 1602 3085; x_wconf 80' lang='lat' dir='ltr'><strong>disposito,</strong></span> <span class='ocrx_word' id='word_1_430' title='bbox 1622 3011 1699 3084; x_wconf 88' lang='lat' dir='ltr'><strong>quod</strong></span> <span class='ocrx_word' id='word_1_431' title='bbox 1712 3010 1819 3070; x_wconf 78' lang='lat' dir='ltr'><strong>Graecc</strong></span> 
     </span>
     <span class='ocr_line' id='line_1_33' title="bbox 100 3091 1819 3178; baseline 0.003 -26"><span class='ocrx_word' id='word_1_432' title='bbox 100 3096 228 3154; x_wconf 83' lang='lat' dir='ltr'><strong>historiae</strong></span> <span class='ocrx_word' id='word_1_433' title='bbox 243 3098 313 3154; x_wconf 90' lang='lat' dir='ltr'><strong>ordo</strong></span> <span class='ocrx_word' id='word_1_434' title='bbox 325 3104 465 3171; x_wconf 87' lang='lat' dir='ltr'><strong>servetur,</strong></span> <span class='ocrx_word' id='word_1_435' title='bbox 483 3102 635 3157; x_wconf 86' lang='lat' dir='ltr'><strong>dumtaxat</strong></span> <span class='ocrx_word' id='word_1_436' title='bbox 650 3119 706 3157; x_wconf 92' lang='lat' dir='ltr'><strong>non</strong></span> <span class='ocrx_word' id='word_1_437' title='bbox 731 3102 760 3157; x_wconf 92' lang='lat' dir='ltr'><strong>in</strong></span> <span class='ocrx_word' id='word_1_438' title='bbox 777 3101 925 3171; x_wconf 90' lang='lat' dir='ltr'><strong>omnihus,</strong></span> <span class='ocrx_word' id='word_1_439' title='bbox 942 3091 963 3155; x_wconf 84' lang='lat' dir='ltr'>C</span> <span class='ocrx_word' id='word_1_440' title='bbox 982 3105 1089 3160; x_wconf 91' lang='lat' dir='ltr'><strong>dicitnr</strong></span> <span class='ocrx_word' id='word_1_441' title='bbox 1101 3103 1446 3178; x_wconf 71' lang='lat' dir='ltr'><strong>recuppbru,scriptorum</strong></span> <span class='ocrx_word' id='word_1_442' title='bbox 1460 3102 1527 3157; x_wconf 87' lang='lat' dir='ltr'><strong>vitio</strong></span> <span class='ocrx_word' id='word_1_443' title='bbox 1552 3101 1744 3174; x_wconf 80' lang='lat' dir='ltr'><strong>depravatum</strong></span> <span class='ocrx_word' id='word_1_444' title='bbox 1772 3119 1819 3173; x_wconf 70' lang='lat' dir='ltr'><strong>est</strong></span> 
     </span>
     <span class='ocr_line' id='line_1_34' title="bbox 101 3186 1819 3265; baseline 0.002 -24"><span class='ocrx_word' id='word_1_445' title='bbox 101 3186 193 3242; x_wconf 85' lang='lat' dir='ltr'><strong>sedin</strong></span> <span class='ocrx_word' id='word_1_446' title='bbox 217 3186 394 3260; x_wconf 82' lang='lat' dir='ltr'><strong>quibusdam</strong></span> <span class='ocrx_word' id='word_1_447' title='bbox 417 3187 499 3260; x_wconf 89' lang='lat' dir='ltr'><strong>Iocis,</strong></span> <span class='ocrx_word' id='word_1_448' title='bbox 516 3206 611 3261; x_wconf 84' lang='lat' dir='ltr'><strong>noque</strong></span> <span class='ocrx_word' id='word_1_449' title='bbox 626 3190 703 3246; x_wconf 89' lang='lat' dir='ltr'><strong>enim</strong></span> <span class='ocrx_word' id='word_1_450' title='bbox 721 3195 841 3246; x_wconf 87' lang='lat' dir='ltr'><strong>narrant</strong></span> <span class='ocrx_word' id='word_1_451' title='bbox 854 3209 927 3264; x_wconf 74' lang='lat' dir='ltr'><strong>pree·</strong></span> <span class='ocrx_word' id='word_1_452' title='bbox 983 3190 1026 3247; x_wconf 91' lang='lat' dir='ltr'><strong>llli</strong></span> <span class='ocrx_word' id='word_1_453' title='bbox 1038 3195 1115 3248; x_wconf 90' lang='lat' dir='ltr'><strong>enim</strong></span> <span class='ocrx_word' id='word_1_454' title='bbox 1128 3193 1310 3265; x_wconf 84' lang='lat' dir='ltr'><strong>interpretati</strong></span> <span class='ocrx_word' id='word_1_455' title='bbox 1324 3197 1457 3247; x_wconf 89' lang='lat' dir='ltr'><strong>suntnon</strong></span> <span class='ocrx_word' id='word_1_456' title='bbox 1467 3189 1670 3264; x_wconf 73' lang='grc' dir='ltr'>τεταγμένα,(ὺ)</span> <span class='ocrx_word' id='word_1_457' title='bbox 1680 3191 1730 3246; x_wconf 86' lang='lat' dir='ltr'><strong>sed</strong></span> <span class='ocrx_word' id='word_1_458' title='bbox 1742 3209 1819 3245; x_wconf 75' lang='lat' dir='ltr'><strong>rera-</strong></span> 
     </span>
     <span class='ocr_line' id='line_1_35' title="bbox 100 3273 1818 3354; baseline 0.004 -24"><span class='ocrx_word' id='word_1_459' title='bbox 100 3273 361 3346; x_wconf 86' lang='lat' dir='ltr'><strong>terita,sedtuturu</strong></span> <span class='ocrx_word' id='word_1_460' title='bbox 378 3278 585 3349; x_wconf 88' lang='lat' dir='ltr'><strong>praenuntiant,</strong></span> <span class='ocrx_word' id='word_1_461' title='bbox 603 3285 690 3350; x_wconf 89' lang='lat' dir='ltr'><strong>prout</strong></span> <span class='ocrx_word' id='word_1_462' title='bbox 713 3279 848 3336; x_wconf 84' lang='lat' dir='ltr'><strong>voluntas</strong></span> <span class='ocrx_word' id='word_1_463' title='bbox 863 3282 927 3353; x_wconf 86' lang='lat' dir='ltr'><strong>Spi-</strong></span> <span class='ocrx_word' id='word_1_464' title='bbox 985 3281 1060 3354; x_wconf 71' lang='grc' dir='ltr'>μένα,</span> <span class='ocrx_word' id='word_1_465' title='bbox 1082 3283 1136 3338; x_wconf 90' lang='lat' dir='ltr'><strong>hoc</strong></span> <span class='ocrx_word' id='word_1_466' title='bbox 1159 3288 1213 3348; x_wconf 90' lang='lat' dir='ltr'><strong>est,</strong></span> <span class='ocrx_word' id='word_1_467' title='bbox 1230 3298 1287 3337; x_wconf 94' lang='lat' dir='ltr'><strong>non</strong></span> <span class='ocrx_word' id='word_1_468' title='bbox 1309 3282 1442 3353; x_wconf 81' lang='lat' dir='ltr'><strong>deposito,</strong></span> <span class='ocrx_word' id='word_1_469' title='bbox 1468 3281 1518 3336; x_wconf 90' lang='lat' dir='ltr'><strong>scd</strong></span> <span class='ocrx_word' id='word_1_470' title='bbox 1535 3283 1657 3336; x_wconf 75' lang='lat' dir='ltr'><strong>extento.</strong></span> <span class='ocrx_word' id='word_1_471' title='bbox 1683 3279 1738 3335; x_wconf 91' lang='lat' dir='ltr'><strong>Pro</strong></span> <span class='ocrx_word' id='word_1_472' title='bbox 1756 3297 1818 3353; x_wconf 90' lang='lat' dir='ltr'><strong>quo</strong></span> 
     </span>
     <span class='ocr_line' id='line_1_36' title="bbox 102 3362 1820 3444; baseline 0.004 -25"><span class='ocrx_word' id='word_1_473' title='bbox 102 3362 178 3419; x_wconf 89' lang='lat' dir='ltr'><strong>ritus</strong></span> <span class='ocrx_word' id='word_1_474' title='bbox 194 3365 287 3421; x_wconf 89' lang='lat' dir='ltr'><strong>sancti</strong></span> <span class='ocrx_word' id='word_1_475' title='bbox 303 3365 399 3422; x_wconf 88' lang='lat' dir='ltr'><strong>suerit.</strong></span> <span class='ocrx_word' id='word_1_476' title='bbox 422 3369 453 3423; x_wconf 92' lang='lat' dir='ltr'><strong>ln</strong></span> <span class='ocrx_word' id='word_1_477' title='bbox 476 3367 597 3425; x_wconf 88' lang='lat' dir='ltr'><strong>historia</strong></span> <span class='ocrx_word' id='word_1_478' title='bbox 611 3386 688 3436; x_wconf 89' lang='lat' dir='ltr'><strong>vero,</strong></span> <span class='ocrx_word' id='word_1_479' title='bbox 705 3375 738 3425; x_wconf 88' lang='lat' dir='ltr'><strong>ut</strong></span> <span class='ocrx_word' id='word_1_480' title='bbox 752 3374 822 3425; x_wconf 89' lang='lat' dir='ltr'><strong>sunt</strong></span> <span class='ocrx_word' id='word_1_481' title='bbox 837 3371 928 3444; x_wconf 79' lang='lat' dir='ltr'><strong>Moysi</strong></span> <span class='ocrx_word' id='word_1_482' title='bbox 979 3372 1064 3443; x_wconf 78' lang='lat' dir='ltr'><strong>Juxta</strong></span> <span class='ocrx_word' id='word_1_483' title='bbox 1076 3370 1319 3426; x_wconf 85' lang='lat' dir='ltr'><strong>consuetudinem</strong></span> <span class='ocrx_word' id='word_1_484' title='bbox 1344 3387 1428 3425; x_wconf 91' lang='lat' dir='ltr'><strong>suam</strong></span> <span class='ocrx_word' id='word_1_485' title='bbox 1440 3368 1489 3425; x_wconf 88' lang='lat' dir='ltr'><strong>alii</strong></span> <span class='ocrx_word' id='word_1_486' title='bbox 1518 3368 1692 3441; x_wconf 90' lang='lat' dir='ltr'><strong>interpretes</strong></span> <span class='ocrx_word' id='word_1_487' title='bbox 1705 3369 1820 3426; x_wconf 77' lang='lat' dir='ltr'><strong>excelso</strong></span> 
     </span>
     <span class='ocr_line' id='line_1_37' title="bbox 101 3452 1155 3533; baseline 0.006 -25"><span class='ocrx_word' id='word_1_488' title='bbox 101 3452 231 3526; x_wconf 88' lang='lat' dir='ltr'><strong>quinque</strong></span> <span class='ocrx_word' id='word_1_489' title='bbox 247 3452 324 3524; x_wconf 91' lang='lat' dir='ltr'><strong>libri,</strong></span> <span class='ocrx_word' id='word_1_490' title='bbox 341 3456 460 3525; x_wconf 86' lang='lat' dir='ltr'><strong>etJesu,</strong></span> <span class='ocrx_word' id='word_1_491' title='bbox 475 3462 504 3514; x_wconf 89' lang='lat' dir='ltr'><strong>ot</strong></span> <span class='ocrx_word' id='word_1_492' title='bbox 517 3456 654 3514; x_wconf 81' lang='lat' dir='ltr'><strong>¹iudicum</strong></span> <span class='ocrx_word' id='word_1_493' title='bbox 669 3457 828 3526; x_wconf 88' lang='lat' dir='ltr'><strong>volumina,</strong></span> <span class='ocrx_word' id='word_1_494' title='bbox 850 3458 928 3515; x_wconf 82' lang='lat' dir='ltr'><strong>Ruth</strong></span> <span class='ocrx_word' id='word_1_495' title='bbox 983 3464 1155 3533; x_wconf 88' lang='lat' dir='ltr'><strong>posuerunt.</strong></span> 
     </span>
    </p>
   </div>
   <div class='ocr_carea' id='block_1_3' title="bbox 101 3595 1820 3816">
    <p class='ocr_par' dir='ltr' id='par_1_3' title="bbox 101 3595 1820 3816">
     <span class='ocr_line' id='line_1_38' title="bbox 136 3595 1820 3679; baseline 0.005 -29"><span class='ocrx_word' id='word_1_496' title='bbox 136 3595 175 3679; x_wconf 80' lang='lat' dir='ltr'><strong>(c)</strong></span> <span class='ocrx_word' id='word_1_497' title='bbox 189 3596 293 3664; x_wconf 79' lang='lat' dir='ltr'><strong>Vatia,</strong></span> <span class='ocrx_word' id='word_1_498' title='bbox 310 3601 395 3655; x_wconf 87' lang='lat' dir='ltr'><strong>robur</strong></span> <span class='ocrx_word' id='word_1_499' title='bbox 408 3601 505 3673; x_wconf 83' lang='lat' dir='ltr'><strong>accipi,</strong></span> <span class='ocrx_word' id='word_1_500' title='bbox 521 3604 546 3657; x_wconf 87' lang='lat' dir='ltr'><strong>et</strong></span> <span class='ocrx_word' id='word_1_501' title='bbox 564 3600 698 3675; x_wconf 73' lang='lat' dir='ltr'><strong>fortitudo</strong></span> <span class='ocrx_word' id='word_1_502' title='bbox 712 3606 808 3675; x_wconf 77' lang='lat' dir='ltr'><strong>potest,</strong></span> <span class='ocrx_word' id='word_1_503' title='bbox 824 3603 930 3660; x_wconf 80' lang='lat' dir='ltr'><strong>dicente</strong></span> <span class='ocrx_word' id='word_1_504' title='bbox 984 3604 1098 3660; x_wconf 90' lang='lat' dir='ltr'><strong>codices</strong></span> <span class='ocrx_word' id='word_1_505' title='bbox 1114 3603 1159 3659; x_wconf 92' lang='lat' dir='ltr'><strong>hic</strong></span> <span class='ocrx_word' id='word_1_506' title='bbox 1175 3604 1319 3660; x_wconf 89' lang='lat' dir='ltr'><strong>retineant</strong></span> <span class='ocrx_word' id='word_1_507' title='bbox 1335 3604 1434 3660; x_wconf 82' lang='lat' dir='ltr'><strong>Latino</strong></span> <span class='ocrx_word' id='word_1_508' title='bbox 1450 3603 1616 3659; x_wconf 87' lang='lat' dir='ltr'><strong>charactere</strong></span> <span class='ocrx_word' id='word_1_509' title='bbox 1627 3606 1779 3672; x_wconf 64' lang='lat' dir='ltr'><strong>hicmaro,</strong></span> <span class='ocrx_word' id='word_1_510' title='bbox 1789 3602 1820 3659; x_wconf 90' lang='lat' dir='ltr'><strong>id</strong></span> 
     </span>
     <span class='ocr_line' id='line_1_39' title="bbox 101 3665 1526 3748; baseline 0.006 -25"><span class='ocrx_word' id='word_1_511' title='bbox 101 3665 256 3739; x_wconf 75' lang='lat' dir='ltr'><strong>Scriptura,</strong></span> <span class='ocrx_word' id='word_1_512' title='bbox 271 3673 325 3725; x_wconf 91' lang='lat' dir='ltr'><strong>etc.</strong></span> <span class='ocrx_word' id='word_1_513' title='bbox 863 3730 872 3747; x_wconf 64' lang='lat'><strong>,</strong></span> <span class='ocrx_word' id='word_1_514' title='bbox 984 3680 1039 3745; x_wconf 90' lang='lat' dir='ltr'><strong>est,</strong></span> <span class='ocrx_word' id='word_1_515' title='bbox 1049 3683 1186 3748; x_wconf 84' lang='lat' dir='ltr'><strong>porrecto,</strong></span> <span class='ocrx_word' id='word_1_516' title='bbox 1202 3676 1317 3732; x_wconf 90' lang='lat' dir='ltr'><strong>averho</strong></span> <span class='ocrx_word' id='word_1_517' title='bbox 1332 3674 1413 3728; x_wconf 78' lang='grc' dir='ltr'>τείνω</span> <span class='ocrx_word' id='word_1_518' title='bbox 1434 3676 1526 3731; x_wconf 75' lang='lat' dir='ltr'><strong>Mser.</strong></span> 
     </span>
     <span class='ocr_line' id='line_1_40' title="bbox 135 3737 929 3816; baseline 0.01 -22"><span class='ocrx_word' id='word_1_519' title='bbox 135 3737 849 3816; x_wconf 73' lang='lat' dir='ltr'><strong>(b)llditileguntconfictamvocemraceaptvu,cum</strong></span> <span class='ocrx_word' id='word_1_520' title='bbox 857 3764 929 3803; x_wconf 90' lang='lat' dir='ltr'><strong>mss.</strong></span> 
     </span>
    </p>
   </div>
   <div class='ocr_carea' id='block_1_4' title="bbox 663 4005 1231 4101">
    <p class='ocr_par' dir='ltr' id='par_1_4' title="bbox 663 4005 1231 4101">
     <span class='ocr_line' id='line_1_41' title="bbox 663 4005 1231 4101; baseline 0.004 -5"><span class='ocrx_word' id='word_1_521' title='bbox 663 4005 870 4098; x_wconf 84' lang='lat' dir='ltr'><em>LIBER</em></span> <span class='ocrx_word' id='word_1_522' title='bbox 914 4006 1231 4101; x_wconf 86' lang='lat' dir='ltr'><strong><em>DECIMUS.</em></strong></span> 
     </span>
    </p>
   </div>
   <div class='ocr_carea' id='block_1_5' title="bbox 65 4288 1820 5349">
    <p class='ocr_par' dir='ltr' id='par_1_5' title="bbox 65 4288 1820 5349">
     <span class='ocr_line' id='line_1_42' title="bbox 65 4288 1819 4374; baseline 0.006 -30"><span class='ocrx_word' id='word_1_523' title='bbox 65 4367 66 4371; x_wconf 5' lang='grc' dir='ltr'>ἵ</span> <span class='ocrx_word' id='word_1_524' title='bbox 132 4288 923 4369; x_wconf 86' lang='lat' dir='ltr'><strong>Vellem,utantejamdixi,prophatiascontrannam</strong></span> <span class='ocrx_word' id='word_1_525' title='bbox 979 4300 1090 4366; x_wconf 92' lang='lat' dir='ltr'><strong>chium,</strong></span> <span class='ocrx_word' id='word_1_526' title='bbox 1120 4297 1198 4354; x_wconf 78' lang='lat' dir='ltr'><strong>eleva</strong></span> <span class='ocrx_word' id='word_1_527' title='bbox 1224 4317 1290 4355; x_wconf 92' lang='lat' dir='ltr'><strong>cum</strong></span> <span class='ocrx_word' id='word_1_528' title='bbox 1316 4301 1413 4374; x_wconf 79' lang='lat' dir='ltr'><strong>Moyse</strong></span> <span class='ocrx_word' id='word_1_529' title='bbox 1435 4316 1541 4356; x_wconf 88' lang='lat' dir='ltr'><strong>manus</strong></span> <span class='ocrx_word' id='word_1_530' title='bbox 1566 4303 1600 4354; x_wconf 86' lang='lat' dir='ltr'><strong>ut</strong></span> <span class='ocrx_word' id='word_1_531' title='bbox 1625 4302 1731 4355; x_wconf 88' lang='lat' dir='ltr'><strong>nostra</strong></span> <span class='ocrx_word' id='word_1_532' title='bbox 1754 4299 1819 4356; x_wconf 87' lang='lat' dir='ltr'><strong>vic·</strong></span> 
     </span>
     <span class='ocr_line' id='line_1_43' title="bbox 97 4379 1820 4460; baseline 0.006 -26"><span class='ocrx_word' id='word_1_533' title='bbox 97 4379 288 4451; x_wconf 86' lang='lat' dir='ltr'><strong>provinciam,</strong></span> <span class='ocrx_word' id='word_1_534' title='bbox 318 4386 369 4437; x_wconf 91' lang='lat' dir='ltr'><strong>aut</strong></span> <span class='ocrx_word' id='word_1_535' title='bbox 395 4399 487 4439; x_wconf 89' lang='lat' dir='ltr'><strong>unum</strong></span> <span class='ocrx_word' id='word_1_536' title='bbox 513 4398 621 4457; x_wconf 87' lang='lat' dir='ltr'><strong>regom,</strong></span> <span class='ocrx_word' id='word_1_537' title='bbox 650 4386 754 4442; x_wconf 88' lang='lat' dir='ltr'><strong>iisdem</strong></span> <span class='ocrx_word' id='word_1_538' title='bbox 770 4387 924 4460; x_wconf 87' lang='lat' dir='ltr'><strong>explanare</strong></span> <span class='ocrx_word' id='word_1_539' title='bbox 978 4388 1053 4445; x_wconf 83' lang='lat' dir='ltr'><strong>toria</strong></span> <span class='ocrx_word' id='word_1_540' title='bbox 1081 4392 1198 4443; x_wconf 88' lang='lat' dir='ltr'><strong>tuarum</strong></span> <span class='ocrx_word' id='word_1_541' title='bbox 1237 4389 1402 4445; x_wconf 84' lang='lat' dir='ltr'><strong>orationum</strong></span> <span class='ocrx_word' id='word_1_542' title='bbox 1438 4389 1553 4445; x_wconf 87' lang='lat' dir='ltr'><strong>tructus</strong></span> <span class='ocrx_word' id='word_1_543' title='bbox 1592 4387 1640 4444; x_wconf 89' lang='lat' dir='ltr'><strong>sit.</strong></span> <span class='ocrx_word' id='word_1_544' title='bbox 1670 4386 1736 4442; x_wconf 91' lang='lat' dir='ltr'><strong>Non</strong></span> <span class='ocrx_word' id='word_1_545' title='bbox 1770 4392 1820 4444; x_wconf 86' lang='lat' dir='ltr'><strong>est</strong></span> 
     </span>
     <span class='ocr_line' id='line_1_44' title="bbox 96 4464 1818 4550; baseline 0.006 -28"><span class='ocrx_word' id='word_1_546' title='bbox 96 4464 192 4536; x_wconf 85' lang='lat' dir='ltr'><strong>libris,</strong></span> <span class='ocrx_word' id='word_1_547' title='bbox 207 4473 237 4525; x_wconf 90' lang='lat' dir='ltr'><strong>et</strong></span> <span class='ocrx_word' id='word_1_548' title='bbox 252 4487 438 4543; x_wconf 89' lang='lat' dir='ltr'><strong>nequaquam</strong></span> <span class='ocrx_word' id='word_1_549' title='bbox 454 4489 573 4530; x_wconf 89' lang='lat' dir='ltr'><strong>sensum</strong></span> <span class='ocrx_word' id='word_1_550' title='bbox 586 4474 851 4533; x_wconf 80' lang='lat' dir='ltr'><strong>lectorisdividerc.</strong></span> <span class='ocrx_word' id='word_1_551' title='bbox 868 4480 924 4535; x_wconf 88' lang='lat' dir='ltr'><strong>Sed</strong></span> <span class='ocrx_word' id='word_1_552' title='bbox 979 4477 1057 4533; x_wconf 92' lang='lat' dir='ltr'><strong>enim</strong></span> <span class='ocrx_word' id='word_1_553' title='bbox 1091 4476 1213 4533; x_wconf 84' lang='lat' dir='ltr'><strong>volentis</strong></span> <span class='ocrx_word' id='word_1_554' title='bbox 1248 4495 1343 4550; x_wconf 89' lang='lat' dir='ltr'><strong>neque</strong></span> <span class='ocrx_word' id='word_1_555' title='bbox 1372 4478 1532 4546; x_wconf 85' lang='lat' dir='ltr'><strong>currentis,</strong></span> <span class='ocrx_word' id='word_1_556' title='bbox 1563 4477 1614 4533; x_wconf 91' lang='lat' dir='ltr'><strong>sed</strong></span> <span class='ocrx_word' id='word_1_557' title='bbox 1644 4474 1818 4533; x_wconf 86' lang='lat' dir='ltr'><strong>miserentis</strong></span> 
     </span>
     <span class='ocr_line' id='line_1_45' title="bbox 96 4556 1816 4640; baseline 0.005 -28"><span class='ocrx_word' id='word_1_558' title='bbox 96 4556 168 4629; x_wconf 92' lang='lat' dir='ltr'><strong>quid</strong></span> <span class='ocrx_word' id='word_1_559' title='bbox 183 4557 288 4615; x_wconf 87' lang='lat' dir='ltr'><strong>luciam</strong></span> <span class='ocrx_word' id='word_1_560' title='bbox 304 4557 490 4633; x_wconf 88' lang='lat' dir='ltr'><strong>longitudini,</strong></span> <span class='ocrx_word' id='word_1_561' title='bbox 506 4579 570 4634; x_wconf 81' lang='lat' dir='ltr'><strong>quas</strong></span> <span class='ocrx_word' id='word_1_562' title='bbox 585 4563 641 4619; x_wconf 91' lang='lat' dir='ltr'><strong>nisi</strong></span> <span class='ocrx_word' id='word_1_563' title='bbox 655 4563 802 4621; x_wconf 88' lang='lat' dir='ltr'><strong>dividatur</strong></span> <span class='ocrx_word' id='word_1_564' title='bbox 813 4565 841 4621; x_wconf 93' lang='lat' dir='ltr'><strong>in</strong></span> <span class='ocrx_word' id='word_1_565' title='bbox 859 4585 923 4640; x_wconf 87' lang='lat' dir='ltr'><strong>par·</strong></span> <span class='ocrx_word' id='word_1_566' title='bbox 979 4567 1065 4638; x_wconf 71' lang='lat' dir='ltr'><strong>(Rosa</strong></span> <span class='ocrx_word' id='word_1_567' title='bbox 1083 4584 1121 4629; x_wconf 86' lang='grc' dir='ltr'>ιιι,</span> <span class='ocrx_word' id='word_1_568' title='bbox 1137 4565 1248 4636; x_wconf 52' lang='lat' dir='ltr'><strong>turbet</strong></span> <span class='ocrx_word' id='word_1_569' title='bbox 1264 4567 1313 4639; x_wconf 89' lang='lat' dir='ltr'><strong>qui</strong></span> <span class='ocrx_word' id='word_1_570' title='bbox 1329 4566 1459 4638; x_wconf 89' lang='lat' dir='ltr'><strong>loquitur</strong></span> <span class='ocrx_word' id='word_1_571' title='bbox 1470 4567 1506 4622; x_wconf 87' lang='lat' dir='ltr'><strong>ad</strong></span> <span class='ocrx_word' id='word_1_572' title='bbox 1519 4563 1711 4639; x_wconf 86' lang='lat' dir='ltr'><strong>prophetam:</strong></span> <span class='ocrx_word' id='word_1_573' title='bbox 1726 4565 1816 4637; x_wconf 84' lang='lat' dir='ltr'><strong>Aperi</strong></span> 
     </span>
     <span class='ocr_line' id='line_1_46' title="bbox 97 4647 1817 4728; baseline 0.004 -26"><span class='ocrx_word' id='word_1_574' title='bbox 97 4649 152 4714; x_wconf 84' lang='lat' dir='ltr'><strong>tes,</strong></span> <span class='ocrx_word' id='word_1_575' title='bbox 168 4647 289 4704; x_wconf 90' lang='lat' dir='ltr'><strong>modum</strong></span> <span class='ocrx_word' id='word_1_576' title='bbox 302 4647 460 4706; x_wconf 90' lang='lat' dir='ltr'><strong>voluminis</strong></span> <span class='ocrx_word' id='word_1_577' title='bbox 475 4651 640 4724; x_wconf 87' lang='lat' dir='ltr'><strong>egreditur,</strong></span> <span class='ocrx_word' id='word_1_578' title='bbox 657 4655 685 4708; x_wconf 90' lang='lat' dir='ltr'><strong>et</strong></span> <span class='ocrx_word' id='word_1_579' title='bbox 696 4652 810 4708; x_wconf 87' lang='lat' dir='ltr'><strong>infinita</strong></span> <span class='ocrx_word' id='word_1_580' title='bbox 820 4672 925 4728; x_wconf 89' lang='lat' dir='ltr'><strong>conge·</strong></span> <span class='ocrx_word' id='word_1_581' title='bbox 979 4673 1012 4713; x_wconf 91' lang='lat' dir='ltr'><strong>cs</strong></span> <span class='ocrx_word' id='word_1_582' title='bbox 1026 4662 1111 4713; x_wconf 89' lang='lat' dir='ltr'><strong>tuum</strong></span> <span class='ocrx_word' id='word_1_583' title='bbox 1127 4659 1156 4712; x_wconf 88' lang='lat' dir='ltr'><strong>et</strong></span> <span class='ocrx_word' id='word_1_584' title='bbox 1170 4655 1334 4728; x_wconf 89' lang='lat' dir='ltr'><strong>adimplebo</strong></span> <span class='ocrx_word' id='word_1_585' title='bbox 1351 4655 1422 4711; x_wconf 90' lang='lat' dir='ltr'><strong>illud</strong></span> <span class='ocrx_word' id='word_1_586' title='bbox 1439 4660 1498 4724; x_wconf 80' lang='lat' dir='ltr'><strong>(Pa.</strong></span> <span class='ocrx_word' id='word_1_587' title='bbox 1510 4672 1591 4722; x_wconf 82' lang='lat' dir='ltr'><strong>cxxx,</strong></span> <span class='ocrx_word' id='word_1_588' title='bbox 1605 4653 1657 4727; x_wconf 84' lang='lat' dir='ltr'><strong>tt)</strong></span> <span class='ocrx_word' id='word_1_589' title='bbox 1669 4671 1676 4722; x_wconf 91' lang='grc'>;</span> <span class='ocrx_word' id='word_1_590' title='bbox 1689 4653 1817 4726; x_wconf 86' lang='lat' dir='ltr'><strong>prophe·</strong></span> 
     </span>
     <span class='ocr_line' id='line_1_47' title="bbox 98 4734 1815 4817; baseline 0.003 -26"><span class='ocrx_word' id='word_1_591' title='bbox 98 4734 165 4802; x_wconf 90' lang='lat' dir='ltr'><strong>ries,</strong></span> <span class='ocrx_word' id='word_1_592' title='bbox 181 4740 242 4793; x_wconf 86' lang='lat' dir='ltr'><strong>tam</strong></span> <span class='ocrx_word' id='word_1_593' title='bbox 267 4737 399 4809; x_wconf 88' lang='lat' dir='ltr'><strong>dictanti,</strong></span> <span class='ocrx_word' id='word_1_594' title='bbox 413 4755 500 4811; x_wconf 89' lang='lat' dir='ltr'><strong>quam</strong></span> <span class='ocrx_word' id='word_1_595' title='bbox 522 4739 629 4813; x_wconf 86' lang='lat' dir='ltr'><strong>legenti</strong></span> <span class='ocrx_word' id='word_1_596' title='bbox 648 4742 817 4799; x_wconf 54' lang='grc'><strong>367468</strong></span> <span class='ocrx_word' id='word_1_597' title='bbox 835 4746 923 4802; x_wconf 89' lang='lat' dir='ltr'><strong>mole·</strong></span> <span class='ocrx_word' id='word_1_598' title='bbox 978 4751 1009 4801; x_wconf 88' lang='lat' dir='ltr'><strong>ta</strong></span> <span class='ocrx_word' id='word_1_599' title='bbox 1023 4745 1060 4799; x_wconf 86' lang='lat' dir='ltr'><strong>ad</strong></span> <span class='ocrx_word' id='word_1_600' title='bbox 1078 4744 1233 4799; x_wconf 85' lang='lat' dir='ltr'><strong>bominum</strong></span> <span class='ocrx_word' id='word_1_601' title='bbox 1251 4744 1459 4816; x_wconf 89' lang='lat' dir='ltr'><strong>respondente:</strong></span> <span class='ocrx_word' id='word_1_602' title='bbox 1475 4742 1584 4817; x_wconf 74' lang='lat' dir='ltr'><strong>Aperui</strong></span> <span class='ocrx_word' id='word_1_603' title='bbox 1608 4758 1641 4798; x_wconf 87' lang='lat' dir='ltr'><strong>os</strong></span> <span class='ocrx_word' id='word_1_604' title='bbox 1656 4757 1770 4811; x_wconf 89' lang='lat' dir='ltr'><strong>meum,</strong></span> <span class='ocrx_word' id='word_1_605' title='bbox 1784 4745 1815 4798; x_wconf 84' lang='lat' dir='ltr'><strong>et</strong></span> 
     </span>
     <span class='ocr_line' id='line_1_48' title="bbox 66 4824 1814 4906; baseline 0.004 -28"><span class='ocrx_word' id='word_1_606' title='bbox 66 4825 71 4836; x_wconf 85' lang='grc'><strong>“</strong></span> <span class='ocrx_word' id='word_1_607' title='bbox 98 4824 220 4881; x_wconf 82' lang='lat' dir='ltr'><strong>sicest‘t</strong></span> <span class='ocrx_word' id='word_1_608' title='bbox 235 4826 335 4900; x_wconf 88' lang='lat' dir='ltr'><strong>itaque</strong></span> <span class='ocrx_word' id='word_1_609' title='bbox 350 4831 417 4900; x_wconf 88' lang='lat' dir='ltr'><strong>post</strong></span> <span class='ocrx_word' id='word_1_610' title='bbox 431 4844 596 4885; x_wconf 89' lang='lat' dir='ltr'><strong>sermonem</strong></span> <span class='ocrx_word' id='word_1_611' title='bbox 612 4834 713 4886; x_wconf 89' lang='lat' dir='ltr'><strong>contra</strong></span> <span class='ocrx_word' id='word_1_612' title='bbox 727 4833 882 4906; x_wconf 79' lang='lat' dir='ltr'><strong>AEgyptum</strong></span> <span class='ocrx_word' id='word_1_613' title='bbox 894 4839 923 4891; x_wconf 88' lang='lat' dir='ltr'><strong>et</strong></span> <span class='ocrx_word' id='word_1_614' title='bbox 936 4837 960 4902; x_wconf 87' lang='grc' dir='ltr'><strong>Ι)</strong></span> <span class='ocrx_word' id='word_1_615' title='bbox 975 4833 1079 4890; x_wconf 81' lang='lat' dir='ltr'><strong>attraxi</strong></span> <span class='ocrx_word' id='word_1_616' title='bbox 1095 4833 1232 4906; x_wconf 89' lang='lat' dir='ltr'><strong>spiritum</strong></span> <span class='ocrx_word' id='word_1_617' title='bbox 1253 4834 1338 4904; x_wconf 80' lang='lat' dir='ltr'><strong>(Paul.</strong></span> <span class='ocrx_word' id='word_1_618' title='bbox 1364 4850 1460 4904; x_wconf 84' lang='lat' dir='ltr'><strong>cxvur,</strong></span> <span class='ocrx_word' id='word_1_619' title='bbox 1488 4833 1569 4903; x_wconf 80' lang='lat'>331);</span> <span class='ocrx_word' id='word_1_620' title='bbox 1596 4830 1646 4903; x_wconf 88' lang='lat' dir='ltr'><strong>qui</strong></span> <span class='ocrx_word' id='word_1_621' title='bbox 1671 4831 1724 4886; x_wconf 92' lang='lat' dir='ltr'><strong>ubi</strong></span> <span class='ocrx_word' id='word_1_622' title='bbox 1749 4829 1814 4886; x_wconf 84' lang='lat' dir='ltr'><strong>vult</strong></span> 
     </span>
     <span class='ocr_line' id='line_1_49' title="bbox 95 4909 1813 4995; baseline 0.006 -30"><span class='ocrx_word' id='word_1_623' title='bbox 95 4909 246 4981; x_wconf 85' lang='lat' dir='ltr'><strong>planctum</strong></span> <span class='ocrx_word' id='word_1_624' title='bbox 258 4918 333 4988; x_wconf 89' lang='lat' dir='ltr'><strong>ejus,</strong></span> <span class='ocrx_word' id='word_1_625' title='bbox 349 4932 507 4990; x_wconf 87' lang='lat' dir='ltr'><strong>regemque</strong></span> <span class='ocrx_word' id='word_1_626' title='bbox 520 4916 691 4991; x_wconf 81' lang='lat' dir='ltr'><strong>AEgypti,de</strong></span> <span class='ocrx_word' id='word_1_627' title='bbox 705 4921 790 4991; x_wconf 87' lang='lat' dir='ltr'><strong>cujus</strong></span> <span class='ocrx_word' id='word_1_628' title='bbox 805 4923 925 4979; x_wconf 88' lang='lat' dir='ltr'><strong>brachio</strong></span> <span class='ocrx_word' id='word_1_629' title='bbox 980 4922 1081 4995; x_wconf 90' lang='lat' dir='ltr'><strong>spirat.</strong></span> <span class='ocrx_word' id='word_1_630' title='bbox 1108 4922 1160 4977; x_wconf 94' lang='lat' dir='ltr'><strong>Ubi</strong></span> <span class='ocrx_word' id='word_1_631' title='bbox 1190 4926 1287 4978; x_wconf 87' lang='lat' dir='ltr'><strong>autem</strong></span> <span class='ocrx_word' id='word_1_632' title='bbox 1317 4923 1437 4995; x_wconf 91' lang='lat' dir='ltr'><strong>spiritus</strong></span> <span class='ocrx_word' id='word_1_633' title='bbox 1466 4921 1591 4978; x_wconf 85' lang='lat' dir='ltr'><strong>Domini.</strong></span> <span class='ocrx_word' id='word_1_634' title='bbox 1622 4920 1662 4976; x_wconf 91' lang='lat' dir='ltr'><strong>ibi</strong></span> <span class='ocrx_word' id='word_1_635' title='bbox 1689 4919 1813 4976; x_wconf 82' lang='lat' dir='ltr'><strong>libertas</strong></span> 
     </span>
     <span class='ocr_line' id='line_1_50' title="bbox 71 5005 1815 5083; baseline 0.005 -29"><span class='ocrx_word' id='word_1_636' title='bbox 71 5025 76 5034; x_wconf 90' lang='lat'><strong>·</strong></span> <span class='ocrx_word' id='word_1_637' title='bbox 95 5012 281 5071; x_wconf 84' lang='lat' dir='ltr'><strong>nequaquam</strong></span> <span class='ocrx_word' id='word_1_638' title='bbox 296 5005 441 5078; x_wconf 88' lang='lat' dir='ltr'><strong>obvoluto,</strong></span> <span class='ocrx_word' id='word_1_639' title='bbox 457 5022 552 5078; x_wconf 90' lang='lat' dir='ltr'><strong>neque</strong></span> <span class='ocrx_word' id='word_1_640' title='bbox 567 5007 702 5063; x_wconf 89' lang='lat' dir='ltr'><strong>restituto</strong></span> <span class='ocrx_word' id='word_1_641' title='bbox 726 5010 856 5081; x_wconf 76' lang='lat' dir='ltr'><strong>pristine</strong></span> <span class='ocrx_word' id='word_1_642' title='bbox 877 5029 923 5068; x_wconf 86' lang='lat' dir='ltr'><strong>aa·</strong></span> <span class='ocrx_word' id='word_1_643' title='bbox 978 5011 1068 5081; x_wconf 82' lang='lat' dir='ltr'><strong>(loca,</strong></span> <span class='ocrx_word' id='word_1_644' title='bbox 1084 5028 1125 5080; x_wconf 90' lang='lat'><strong>111,</strong></span> <span class='ocrx_word' id='word_1_645' title='bbox 1142 5012 1177 5078; x_wconf 84' lang='lat'><strong>83</strong></span> <span class='ocrx_word' id='word_1_646' title='bbox 1195 5010 1218 5065; x_wconf 95' lang='lat' dir='ltr'><strong>ll</strong></span> <span class='ocrx_word' id='word_1_647' title='bbox 1234 5010 1293 5067; x_wconf 90' lang='lat' dir='ltr'><strong>Cor.</strong></span> <span class='ocrx_word' id='word_1_648' title='bbox 1312 5029 1356 5078; x_wconf 85' lang='grc' dir='ltr'>ιιι,</span> <span class='ocrx_word' id='word_1_649' title='bbox 1373 5012 1426 5083; x_wconf 82' lang='grc'>17),</span> <span class='ocrx_word' id='word_1_650' title='bbox 1452 5028 1510 5083; x_wconf 88' lang='lat' dir='ltr'><strong>qua</strong></span> <span class='ocrx_word' id='word_1_651' title='bbox 1535 5010 1667 5065; x_wconf 88' lang='lat' dir='ltr'><strong>libertate</strong></span> <span class='ocrx_word' id='word_1_652' title='bbox 1692 5006 1815 5065; x_wconf 81' lang='lat' dir='ltr'><strong>donarit</strong></span> 
     </span>
     <span class='ocr_line' id='line_1_51' title="bbox 96 5085 1810 5168; baseline 0.008 -27"><span class='ocrx_word' id='word_1_653' title='bbox 96 5085 194 5159; x_wconf 88' lang='lat' dir='ltr'><strong>nitati,</strong></span> <span class='ocrx_word' id='word_1_654' title='bbox 208 5089 238 5145; x_wconf 92' lang='lat' dir='ltr'><strong>in</strong></span> <span class='ocrx_word' id='word_1_655' title='bbox 255 5093 360 5151; x_wconf 89' lang='lat' dir='ltr'><strong>ultima</strong></span> <span class='ocrx_word' id='word_1_656' title='bbox 371 5094 601 5167; x_wconf 86' lang='lat' dir='ltr'><strong>partenunilibri</strong></span> <span class='ocrx_word' id='word_1_657' title='bbox 613 5095 750 5167; x_wconf 85' lang='lat' dir='ltr'><strong>diximus,</strong></span> <span class='ocrx_word' id='word_1_658' title='bbox 762 5099 924 5157; x_wconf 89' lang='lat' dir='ltr'><strong>transimus</strong></span> <span class='ocrx_word' id='word_1_659' title='bbox 978 5116 1032 5155; x_wconf 91' lang='lat' dir='ltr'><strong>nos</strong></span> <span class='ocrx_word' id='word_1_660' title='bbox 1048 5098 1199 5155; x_wconf 86' lang='lat' dir='ltr'><strong>Dominus.</strong></span> <span class='ocrx_word' id='word_1_661' title='bbox 1216 5101 1309 5165; x_wconf 83' lang='lat' dir='ltr'><strong>Quam</strong></span> <span class='ocrx_word' id='word_1_662' title='bbox 1325 5101 1434 5155; x_wconf 87' lang='lat' dir='ltr'><strong>trustra</strong></span> <span class='ocrx_word' id='word_1_663' title='bbox 1450 5116 1481 5155; x_wconf 90' lang='lat' dir='ltr'><strong>sc</strong></span> <span class='ocrx_word' id='word_1_664' title='bbox 1510 5098 1603 5155; x_wconf 82' lang='lat' dir='ltr'><strong>Judaei</strong></span> <span class='ocrx_word' id='word_1_665' title='bbox 1622 5098 1733 5153; x_wconf 90' lang='lat' dir='ltr'><strong>babere</strong></span> <span class='ocrx_word' id='word_1_666' title='bbox 1744 5097 1810 5168; x_wconf 73' lang='lat' dir='ltr'><strong>jhc·</strong></span> 
     </span>
     <span class='ocr_line' id='line_1_52' title="bbox 96 5174 1813 5255; baseline 0.006 -24"><span class='ocrx_word' id='word_1_667' title='bbox 96 5174 133 5232; x_wconf 86' lang='lat' dir='ltr'><strong>ud</strong></span> <span class='ocrx_word' id='word_1_668' title='bbox 147 5176 324 5252; x_wconf 91' lang='lat' dir='ltr'><strong>principium</strong></span> <span class='ocrx_word' id='word_1_669' title='bbox 342 5184 446 5240; x_wconf 89' lang='lat' dir='ltr'><strong>decimi</strong></span> <span class='ocrx_word' id='word_1_670' title='bbox 458 5182 526 5241; x_wconf 88' lang='lat' dir='ltr'><strong>libri</strong></span> <span class='ocrx_word' id='word_1_671' title='bbox 541 5190 641 5241; x_wconf 89' lang='lat' dir='ltr'><strong>contra</strong></span> <span class='ocrx_word' id='word_1_672' title='bbox 651 5187 786 5243; x_wconf 86' lang='lat' dir='ltr'><strong>eumdem</strong></span> <span class='ocrx_word' id='word_1_673' title='bbox 801 5187 924 5245; x_wconf 88' lang='lat' dir='ltr'><strong>Pharao·</strong></span> <span class='ocrx_word' id='word_1_674' title='bbox 976 5190 1079 5246; x_wconf 87' lang='lat' dir='ltr'><strong>tabunt</strong></span> <span class='ocrx_word' id='word_1_675' title='bbox 1095 5188 1242 5243; x_wconf 80' lang='lat' dir='ltr'><strong>dicentes:</strong></span> <span class='ocrx_word' id='word_1_676' title='bbox 1259 5188 1362 5243; x_wconf 90' lang='lat' dir='ltr'><strong>Semen</strong></span> <span class='ocrx_word' id='word_1_677' title='bbox 1377 5188 1499 5244; x_wconf 81' lang='lat' dir='ltr'><strong>Abrahae</strong></span> <span class='ocrx_word' id='word_1_678' title='bbox 1516 5204 1632 5255; x_wconf 91' lang='lat' dir='ltr'><strong>sumus,</strong></span> <span class='ocrx_word' id='word_1_679' title='bbox 1654 5189 1683 5242; x_wconf 89' lang='lat' dir='ltr'><strong>et</strong></span> <span class='ocrx_word' id='word_1_680' title='bbox 1700 5183 1813 5243; x_wconf 89' lang='lat' dir='ltr'><strong>nemini</strong></span> 
     </span>
     <span class='ocr_line' id='line_1_53' title="bbox 95 5270 1814 5349; baseline 0.006 -28"><span class='ocrx_word' id='word_1_681' title='bbox 95 5281 163 5321; x_wconf 88' lang='lat' dir='ltr'><strong>nem</strong></span> <span class='ocrx_word' id='word_1_682' title='bbox 179 5282 277 5341; x_wconf 88' lang='lat' dir='ltr'><strong>regem</strong></span> <span class='ocrx_word' id='word_1_683' title='bbox 292 5270 417 5344; x_wconf 82' lang='lat' dir='ltr'><strong>AEgypti,</strong></span> <span class='ocrx_word' id='word_1_684' title='bbox 436 5273 487 5345; x_wconf 90' lang='lat' dir='ltr'><strong>qui</strong></span> <span class='ocrx_word' id='word_1_685' title='bbox 506 5278 693 5346; x_wconf 86' lang='lat' dir='ltr'><strong>comparatur</strong></span> <span class='ocrx_word' id='word_1_686' title='bbox 719 5274 777 5349; x_wconf 88' lang='lat' dir='ltr'><strong>regi</strong></span> <span class='ocrx_word' id='word_1_687' title='bbox 792 5276 920 5349; x_wconf 78' lang='lat' dir='ltr'><strong>Assyrio,</strong></span> <span class='ocrx_word' id='word_1_688' title='bbox 977 5276 1149 5334; x_wconf 88' lang='lat' dir='ltr'><strong>servivimus</strong></span> <span class='ocrx_word' id='word_1_689' title='bbox 1164 5293 1305 5347; x_wconf 85' lang='lat' dir='ltr'><strong>umquam</strong></span> <span class='ocrx_word' id='word_1_690' title='bbox 1330 5278 1418 5349; x_wconf 73' lang='lat' dir='ltr'><strong>(locro.</strong></span> <span class='ocrx_word' id='word_1_691' title='bbox 1447 5295 1510 5346; x_wconf 81' lang='lat' dir='ltr'><strong>vrri,</strong></span> <span class='ocrx_word' id='word_1_692' title='bbox 1527 5277 1585 5346; x_wconf 88' lang='grc'>33),</span> <span class='ocrx_word' id='word_1_693' title='bbox 1611 5273 1716 5332; x_wconf 91' lang='lat' dir='ltr'><strong>multis</strong></span> <span class='ocrx_word' id='word_1_694' title='bbox 1731 5275 1814 5332; x_wconf 78' lang='lat' dir='ltr'><strong>vitiis</strong></span> 
     </span>
    </p>
   </div>
   <div class='ocr_carea' id='block_1_6' title="bbox 1 5356 1815 5444">
    <p class='ocr_par' dir='ltr' id='par_1_6' title="bbox 1 5356 1815 5444">
     <span class='ocr_line' id='line_1_54' title="bbox 1 5356 1815 5444; baseline 0.004 -33"><span class='ocrx_word' id='word_1_695' title='bbox 1 5433 4 5444; x_wconf 23' lang='grc' dir='ltr'><strong><em>γ</em></strong></span> <span class='ocrx_word' id='word_1_696' title='bbox 94 5358 202 5428; x_wconf 86' lang='lat' dir='ltr'><strong>etpost</strong></span> <span class='ocrx_word' id='word_1_697' title='bbox 219 5356 422 5430; x_wconf 88' lang='lat' dir='ltr'><strong>longissimam</strong></span> <span class='ocrx_word' id='word_1_698' title='bbox 439 5363 634 5435; x_wconf 89' lang='lat' dir='ltr'><strong>prophetiam,</strong></span> <span class='ocrx_word' id='word_1_699' title='bbox 651 5362 820 5421; x_wconf 88' lang='lat' dir='ltr'><strong>lamentatio</strong></span> <span class='ocrx_word' id='word_1_700' title='bbox 833 5382 922 5439; x_wconf 90' lang='lat' dir='ltr'><strong>super</strong></span> <span class='ocrx_word' id='word_1_701' title='bbox 975 5366 1162 5437; x_wconf 86' lang='lat' dir='ltr'><strong>peccatisque</strong></span> <span class='ocrx_word' id='word_1_702' title='bbox 1185 5364 1319 5434; x_wconf 75' lang='lat' dir='ltr'><strong>subiecti,</strong></span> <span class='ocrx_word' id='word_1_703' title='bbox 1342 5371 1371 5421; x_wconf 88' lang='lat' dir='ltr'><strong>et</strong></span> <span class='ocrx_word' id='word_1_704' title='bbox 1398 5367 1563 5437; x_wconf 79' lang='lat' dir='ltr'><strong>ignorantes</strong></span> <span class='ocrx_word' id='word_1_705' title='bbox 1587 5363 1669 5419; x_wconf 89' lang='lat' dir='ltr'><strong>illam</strong></span> <span class='ocrx_word' id='word_1_706' title='bbox 1691 5367 1815 5421; x_wconf 87' lang='lat' dir='ltr'><strong>senten·</strong></span> 
     </span>
    </p>
   </div>
   <div class='ocr_carea' id='block_1_7' title="bbox 94 5444 1816 5622">
    <p class='ocr_par' dir='ltr' id='par_1_7' title="bbox 94 5444 1816 5622">
     <span class='ocr_line' id='line_1_55' title="bbox 94 5444 1816 5533; baseline 0.007 -31"><span class='ocrx_word' id='word_1_707' title='bbox 94 5444 198 5503; x_wconf 88' lang='lat' dir='ltr'><strong>eodum</strong></span> <span class='ocrx_word' id='word_1_708' title='bbox 209 5445 806 5526; x_wconf 86' lang='lat' dir='ltr'><strong>assumitur,etdcincepscontruomncm</strong></span> <span class='ocrx_word' id='word_1_709' title='bbox 817 5456 921 5529; x_wconf 79' lang='lat' dir='ltr'><strong>AEgyp-</strong></span> <span class='ocrx_word' id='word_1_710' title='bbox 974 5454 1066 5513; x_wconf 92' lang='lat' dir='ltr'><strong>tiam:</strong></span> <span class='ocrx_word' id='word_1_711' title='bbox 1089 5472 1106 5512; x_wconf 90' lang='lat' dir='ltr'><strong>a</strong></span> <span class='ocrx_word' id='word_1_712' title='bbox 1133 5471 1191 5528; x_wconf 88' lang='lat' dir='ltr'><strong>quo</strong></span> <span class='ocrx_word' id='word_1_713' title='bbox 1220 5452 1288 5528; x_wconf 91' lang='lat' dir='ltr'><strong>quis</strong></span> <span class='ocrx_word' id='word_1_714' title='bbox 1316 5454 1453 5528; x_wconf 85' lang='lat' dir='ltr'><strong>vincitur,</strong></span> <span class='ocrx_word' id='word_1_715' title='bbox 1479 5456 1545 5533; x_wconf 86' lang='lat' dir='ltr'><strong>ejus</strong></span> <span class='ocrx_word' id='word_1_716' title='bbox 1572 5457 1601 5513; x_wconf 88' lang='lat' dir='ltr'><strong>st</strong></span> <span class='ocrx_word' id='word_1_717' title='bbox 1631 5469 1737 5514; x_wconf 88' lang='lat' dir='ltr'><strong>servus</strong></span> <span class='ocrx_word' id='word_1_718' title='bbox 1768 5457 1816 5514; x_wconf 83' lang='lat' dir='ltr'><strong>est</strong></span> 
     </span>
     <span class='ocr_line' id='line_1_56' title="bbox 94 5535 1232 5622; baseline 0.003 -26"><span class='ocrx_word' id='word_1_719' title='bbox 94 5535 169 5597; x_wconf 81' lang='lat' dir='ltr'><strong>tam.</strong></span> <span class='ocrx_word' id='word_1_720' title='bbox 184 5535 218 5596; x_wconf 90' lang='lat' dir='ltr'><strong>Iu</strong></span> <span class='ocrx_word' id='word_1_721' title='bbox 233 5535 342 5617; x_wconf 89' lang='lat' dir='ltr'><strong>quibus</strong></span> <span class='ocrx_word' id='word_1_722' title='bbox 357 5536 546 5615; x_wconf 84' lang='lat' dir='ltr'><strong>disserendis,</strong></span> <span class='ocrx_word' id='word_1_723' title='bbox 562 5557 579 5601; x_wconf 95' lang='lat' dir='ltr'><strong>o</strong></span> <span class='ocrx_word' id='word_1_724' title='bbox 592 5539 673 5620; x_wconf 75' lang='lat' dir='ltr'><strong>virgo</strong></span> <span class='ocrx_word' id='word_1_725' title='bbox 687 5540 806 5616; x_wconf 81' lang='lat' dir='ltr'><strong>Christi,</strong></span> <span class='ocrx_word' id='word_1_726' title='bbox 821 5543 921 5604; x_wconf 75' lang='lat' dir='ltr'><strong>busto·</strong></span> <span class='ocrx_word' id='word_1_727' title='bbox 975 5545 1012 5622; x_wconf 92' lang='lat' dir='ltr'><strong>(ll</strong></span> <span class='ocrx_word' id='word_1_728' title='bbox 1024 5547 1112 5620; x_wconf 75' lang='lat' dir='ltr'><strong>Puta,</strong></span> <span class='ocrx_word' id='word_1_729' title='bbox 1127 5562 1158 5618; x_wconf 87' lang='grc' dir='ltr'><strong>ιι,</strong></span> <span class='ocrx_word' id='word_1_730' title='bbox 1176 5543 1232 5622; x_wconf 81' lang='grc'><strong>19).</strong></span> 
     </span>
    </p>
   </div>
   <div class='ocr_carea' id='block_1_8' title="bbox 0 0 1914 6104">
    <p class='ocr_par' dir='ltr' id='par_1_8' title="bbox 0 0 1914 6104">
     <span class='ocr_line' id='line_1_57' title="bbox 0 0 1914 6104; baseline 0 0"><span class='ocrx_word' id='word_1_731' title='bbox 0 0 1914 6104; x_wconf 95' lang='lat' dir='ltr'><strong> </strong></span> 
     </span>
    </p>
   </div>
  </div>
 </body>
</html>
