3840 6098
102 293 180 360 iffi
732 296 765 358 S.
787 293 943 360 bussuli
964 294 1189 361 arenosum
1728 293 1803 361 iiii

101 432 239 488 etscclure
255 431 267 486 t
274 430 413 499 redsmm,
431 429 589 503 dequibus
603 445 662 488 non
678 434 836 503 potuerunt
863 429 919 484 clo·
937 438 961 499 A
979 432 1226 488 versisvitiiscsse
1241 430 1418 504 possessas?
1431 431 1515 487 Alius
1528 431 1702 487 damonum
1717 430 1806 487 mittit

101 537 168 577 vare
184 518 333 589 cervicem,
349 524 487 579 neerecte
502 519 646 577 incedere.
674 519 804 591 Denique
828 536 923 589 usqne
981 522 1179 575 {arcisitionis
1197 521 1371 588 tuniculam,
1389 520 1465 578 alius
1480 520 1628 578 avaritie:
1646 519 1803 577 illehomi·

100 609 137 665 ad
151 612 324 681 praesentem
336 610 414 667 diem
429 610 537 667 subditi
553 614 622 666 sunt
633 610 764 665 Romano
789 607 922 681 imperio,
979 610 1059 675 cidii,
1075 610 1122 664 bic
1138 610 1257 682 perjurii
1274 610 1368 666 lineas
1383 610 1495 666 tendit:
1525 626 1595 682 pars
1624 608 1728 682 populi
1756 609 1801 666 Dei

101 701 130 754 et
142 704 319 771 premuntur
332 699 508 772 captivitatis
517 701 602 772 jugo,
628 704 657 754 et
685 697 759 754 colla
782 714 840 752 non
870 695 925 752 ele·
980 698 1423 770 divisaestiniuniculo:etagri
1440 700 1588 771 quondam
1601 697 1803 755 sanctitutiset

102 790 182 844 vent.
198 789 280 854 Quod
295 793 393 846 autem
410 789 559 862 sequitur:
576 785 713 863 ἐξαίφνης,
726 787 755 842 id
763 787 923 857 eet,subito,
978 788 1121 859 paradisi,
1138 805 1266 859 quorum
1277 787 1665 844 odoredelectabaturlsuac
1678 786 1707 842 in
1718 786 1802 843 Jacob

100 876 132 934 in
147 877 504 934 Hebraicisvoluminihus
524 894 582 934 non
606 877 741 943 babetur,
771 879 801 931 et
825 878 924 930 tamen
979 875 1039 931 filio
1055 893 1108 932 suo
1123 875 1199 947 (Gen.
1213 878 1296 948 xvu),
1312 877 1415 932 traditi
1435 881 1506 931 snut
1533 876 1664 950 Assyriis
1691 876 1804 948 regione

101 969 199 1039 potest
207 981 274 1023 cum
286 967 421 1039 presenti
437 966 500 1023 loco
511 957 923 1039 itacongrueremtdicamus:
979 965 1147 1036 Babylonio.
1164 966 1198 1020 Et
1213 966 1389 1021 habentibus
1404 965 1540 1038 vulpibus
1556 967 1667 1032 foveas,
1682 965 1759 1022 m
1778 969 1804 1021 et

104 1055 261 1128 Propterea
272 1055 333 1112 beo
347 1056 419 1112 dicit
434 1056 593 1112 Dominus:
611 1055 683 1111 ilccc
698 1070 753 1127 ego
769 1053 865 1127 cogito
876 1069 925 1109 su·
980 1054 1148 1110 volucribus
1161 1054 1225 1109 cccli
1241 1056 1336 1124 nidos,
1355 1055 1445 1110 Filius
1474 1054 1603 1110 hominis
1630 1070 1692 1111 non
1720 1055 1805 1110 babet

104 1144 276 1216 pertribnm
286 1145 374 1201 istam
389 1144 468 1203 maia
480 1144 589 1213 subito,
604 1145 640 1201 de
655 1144 765 1217 quibus
779 1159 838 1199 non
859 1158 926 1214 pos·
982 1143 1032 1198 ubi
1047 1148 1136 1214 caput
1148 1160 1236 1199 uuum
1252 1142 1372 1199 reclinet
1382 1147 1476 1215 (Mutt.
1491 1145 1563 1215 vni).
1578 1142 1709 1215 Exposui
1726 1144 1806 1215 juxta

1 1304 2 1312 ἵ
104 1233 166 1289 sint
186 1234 240 1302 [At.
255 1234 391 1306 possunt]
407 1233 518 1291 elevare
533 1234 660 1290 cervices
679 1249 761 1301 suos,
791 1237 819 1288 at
837 1232 874 1287 ob
897 1230 927 1286 id
982 1232 1059 1303 quod
1071 1231 1275 1304 meiingenioli
1286 1232 1470 1304 patiebantur
1482 1232 1671 1305 unguetiae,et
1682 1232 1806 1305 primum

105 1320 216 1378 elevare
230 1338 286 1379 nou
302 1327 448 1395 poterunt,
464 1322 534 1395 quia
548 1325 665 1395 tempus
682 1320 792 1376 malum
803 1319 927 1377 est.Sie·
982 1322 1018 1375 ab
1032 1320 1171 1392 Assyriis,
1200 1319 1426 1392 Babyloniieque
1441 1320 1540 1393 populi
1554 1320 1769 1393 captivitatem,
1781 1324 1808 1377 et

105 1414 141 1466 ut
151 1409 231 1467 euim
247 1410 325 1467 matu
340 1410 802 1484 operatisunteontraDominum
812 1409 926 1475 Jesum,
982 1409 1140 1464 secundam
1151 1426 1168 1464 a
1179 1409 1403 1481 ltomanis,quia
1413 1409 1569 1466 Dominum
1582 1409 1808 1478 crucifixerunt

106 1500 150 1556 eie
164 1499 590 1573 mclsesptivitatieperpetuae
614 1500 812 1567 sustinebunt,
841 1501 871 1555 et
898 1497 928 1553 in
985 1503 1014 1554 el
1030 1497 1148 1555 tertiam
1164 1497 1360 1570 spiritualem,
1376 1515 1435 1569 qua
1448 1499 1657 1571 unusquisque
1676 1502 1809 1556 nostrum

104 1590 344 1646 tantamvenient
356 1587 927 1663 augustiam,utomniaecrumoautica,
986 1603 1052 1643 cum
1067 1587 1159 1642 Adam
1174 1587 1209 1643 de
1222 1588 1358 1659 paradiso
1374 1588 1489 1655 cecidit,
1506 1589 1579 1644 etin
1595 1589 1687 1660 hujus
1707 1589 1810 1645 mundi

106 1681 135 1733 et
148 1677 256 1750 psalmi
267 1681 418 1734 vertuntur
431 1677 462 1732 in
471 1677 595 1733 luctum.
605 1675 742 1748 Nihilque
751 1675 830 1732 aliud
842 1690 929 1731 nove-
983 1675 1149 1748 captivitate
1161 1681 1304 1748 versatur,
1319 1677 1355 1731 de
1370 1692 1428 1749 qua
1443 1693 1510 1732 cum
1527 1678 1640 1732 venerit
1658 1677 1810 1746 Dominus,

107 1765 146 1821 rit
159 1766 287 1839 populus
301 1764 392 1838 loqui,
409 1764 465 1822 nisi
481 1765 555 1822 boc:
572 1767 686 1821 miseno
699 1767 795 1821 miseri
803 1764 870 1836 facti
879 1780 926 1820 sn·
984 1765 1075 1837 eriget
1091 1763 1187 1833 elisos,
1205 1769 1233 1821 et
1248 1764 1339 1821 solvet
1368 1766 1548 1839 compeditos
1578 1766 1667 1835 (Psct.
1697 1768 1810 1839 exsule

106 1853 930 1926 mus'l'erraquipperepromissioniequapriueduubus
985 1856 1014 1909 et
1028 1854 1157 1926 captivos
1173 1855 1321 1925 quondam
1338 1853 1457 1923 diaboli,
1475 1855 1594 1911 reducet
1603 1855 1635 1910 in
1649 1856 1810 1928 possessio

108 1946 137 1999 et
150 1943 242 1999 semis
256 1942 392 1998 tribubus
406 1946 484 1998 sorte
498 1942 591 1999 divisa
610 1943 706 1998 iuerat
719 1946 800 1997 trans
828 1940 930 1997 tordu-
985 1958 1051 1997 nem
1065 1958 1160 2009 suam,
1177 1946 1206 1998 et
1225 1942 1420 2014 complebitur
1449 1959 1544 1999 sermo
1572 1943 1741 2004 Psalmieta
1767 1945 1811 2000 di·

109 2045 190 2099 uem,
205 2031 305 2104 Moyse
319 2031 453 2088 mittente
468 2029 644 2100 funiculum,
660 2035 689 2087 et
702 2030 930 2103 poeteuabiesu
984 2031 1091 2088 centis:
1109 2031 1261 2087 Ascendens
1275 2034 1305 2086 in
1325 2032 1422 2099 citum,
1447 2034 1580 2105 captiuam
1610 2033 1699 2090 ducit
1724 2037 1811 2108 eapti·

109 2118 562 2192 Neronibubusretiquism
592 2119 754 2192 dispertita,
785 2119 930 2192 haegen·
984 2121 1195 2193 cruentasse.
1208 2137 1293 2190 cxvu,
1311 2121 1366 2190 19).
1382 2120 1470 2177 Juxta
1484 2138 1573 2194 quam
1594 2122 1808 2195 expositionem

109 2209 189 2266 tibae
201 2209 334 2265 Romano
353 2224 486 2265 mensore
501 2208 595 2265 divisa
617 2213 676 2264 est:
708 2212 736 2264 et
764 2225 849 2264 nemo
879 2207 932 2263 tuit
986 2213 1119 2282 potestat
1135 2209 1170 2264 de
1186 2208 1314 2265 Ecclesia
1332 2212 1437 2280 quartu
1464 2210 1618 2283 eaptivitas
1643 2212 1751 2285 accipi,
1777 2213 1811 2269 de

109 2297 160 2370 qui
176 2297 352 2371 prohiberet,
370 2297 440 2370 quin
452 2297 624 2371 potiueeum
635 2298 787 2353 universus
802 2297 932 2352 obtineat
986 2315 1044 2370 qua
1059 2299 1265 2370 unusquisque
1280 2299 1486 2372 egrediturper
1496 2306 1663 2370 peccatum,
1674 2306 1703 2357 et
1713 2305 1812 2375 pestes

110 2387 254 2456 nationes,
269 2386 371 2444 nullus
385 2390 430 2443 est
443 2403 478 2443 ex
487 2387 597 2444 tudaeis
609 2387 659 2459 qui
667 2387 822 2460 antiquum
835 2386 932 2459 prieti·
986 2388 1021 2443 ab
1038 2390 1118 2456 tiara,
1135 2387 1187 2459 qui
1199 2386 1409 2458 interpretatur
1422 2389 1543 2459 adjutor,
1560 2387 1589 2444 id
1606 2393 1665 2454 eut,
1677 2405 1812 2447 sermore

109 2475 290 2533 nalibertute
303 2475 451 2548 possideat
465 2475 572 2532 solum.
589 2476 671 2539 Quod
687 2475 930 2547 sitertiumexpo·
985 2476 1036 2532 Dei
1053 2475 1202 2532 reducitur
1217 2476 1246 2530 in
1261 2475 1424 2533 Jerusalem
1440 2477 1462 2548 (l
1479 2477 1580 2535 Esdrae
1594 2480 1658 2550 aar).
1682 2480 1714 2535 Si
1749 2477 1812 2552 qua

109 2564 247 2623 sitionem
261 2566 345 2638 sequi
359 2564 549 2634 voluerimus,
566 2580 694 2632 omnem,
712 2564 747 2620 de
760 2581 818 2636 qua
842 2579 932 2636 supra
986 2569 1084 2621 autem
1100 2564 1130 2618 in
1144 2563 1218 2636 Lege
1234 2563 1349 2618 Domini
1366 2563 1413 2618 die
1428 2580 1462 2620 ac
1472 2569 1555 2619 nocte
1567 2565 1744 2633 meditatus,
1755 2581 1811 2620 mu·

110 2653 251 2725 dixeram,
267 2655 302 2710 ad
318 2653 448 2710 animam
464 2653 625 2709 humanum
644 2670 811 2709 sermonem
833 2652 930 2725 dirigi,
983 2652 1147 2723 jushabuit
1159 2652 1301 2720 studium,
1318 2652 1416 2722 mau'ue
1437 2652 1598 2724 ingenium,
1615 2653 1712 2709 otium
1747 2670 1811 2727 gru-

109 2760 175 2817 qua
189 2744 227 2800 de
235 2742 371 2815 paradiso
392 2757 532 2799 corruens
560 2742 590 2796 in
620 2742 818 2813 captivitatem
843 2741 934 2813 hujus
987 2743 1167 2813 tiumque,et
1181 2744 1277 2813 potest
1288 2741 1323 2795 de
1338 2741 1473 2812 presenti
1484 2739 1611 2815 capitulo
1625 2741 1808 2815 probabilius

112 2828 932 2902 mundivenerit:videbimuequcdomnieeogitationos·
987 2830 1098 2902 aliquid
1114 2829 1220 2896 dicere,
1245 2845 1303 2883 non
1333 2829 1531 2895 invideo‚non
1556 2846 1712 2902 ueperuor,
1741 2831 1808 2904 quin

114 2918 395 2978 traiaboretdclcr
414 2918 462 2987 sit,
492 2918 601 2974 cubilia
630 2922 730 2973 nostra
757 2918 845 2991 plena
873 2919 934 2974 siut
987 2921 1085 2992 potius
1099 2919 1186 2991 cupio
1200 2919 1237 2974 ab
1252 2935 1284 2974 eo
1300 2918 1410 2975 discere
1427 2918 1505 2991 quod
1520 2918 1668 2991 ignorc,et
1687 2918 1809 2976 libenter

113 3007 401 3080 malis,etluxipsa
423 3023 487 3080 quaa
516 3006 641 3072 videtur,
671 3007 761 3063 mixta
786 3008 825 3062 eit
853 3012 932 3064 tene·
988 3024 1034 3064 me
1050 3005 1228 3080 discipulum
1243 3007 1410 3079 profitebor,
1426 3007 1808 3076 dummododoceut,etuon

113 3097 600 3168 bris:quequenoctauactemus,
612 3095 642 3150 in
653 3095 776 3168 caligine
787 3097 932 3169 complea—
988 3097 1130 3152 detrabat.
1148 3095 1227 3151 Nihil
1243 3096 1322 3152 enim
1338 3101 1397 3153 tam
1412 3096 1507 3164 facile,
1523 3113 1613 3169 quam
1631 3097 1762 3155 odaeum
1784 3100 1811 3155 et

113 3199 191 3242 mus.
208 3184 571 3252 Dnisenimnostru'mud
588 3185 678 3241 Deum
698 3189 816 3241 sanctae
843 3173 971 3243 elevati}
991 3185 1184 3242 dormientem
1213 3186 1249 3241 de
1283 3185 1407 3241 aliorum
1429 3185 1528 3241 labore
1554 3191 1584 3241 et
1612 3185 1724 3259 uigiliis
1751 3187 1810 3244 dis·

113 3289 222 3331 manae
236 3272 354 3330 eineira
368 3276 397 3330 et
410 3272 610 3345 cogitatione?
623 3273 693 3338 Quis
716 3290 773 3329 non
790 3274 936 3331 desiderat
991 3279 1103 3347 putare.

111 3360 769 3434 villusistiussaculi,oblitnspossessionum
784 3362 935 3434 peradisi?
1025 3362 1118 3435 (Vers.
1135 3363 1426 3434 6-8.)Netopucminu
1455 3365 1605 3437 loquentes,
1636 3381 1692 3422 non
1719 3366 1809 3422 ustu-

111 3452 221 3509 V-ideae
234 3450 309 3508 alios
325 3466 412 3523 agros
425 3449 514 3523 agris,
530 3453 559 3507 ct
573 3449 715 3508 terminos
725 3451 851 3524 jungere
877 3455 935 3508 ter·
990 3454 1029 3508 ln't
1043 3469 1125 3525 super
1139 3454 1212 3522 istos,
1227 3470 1282 3509 non
1296 3452 1507 3525 comprehendet
1517 3454 1656 3526 consuis,
1670 3455 1741 3511 dicct
1766 3456 1809 3511 de·

110 3541 211 3611 minis,
227 3544 256 3597 et
269 3556 359 3614 parvo
373 3540 502 3596 bominis
517 3540 690 3614 corpusculo
717 3557 785 3597 rura
815 3541 934 3597 urbium
989 3543 1148 3599 mississet.
1161 3543 1299 3613 Numquid
1313 3543 1486 3598 attrectatus
1500 3551 1539 3599 est
1553 3545 1671 3615 spiritus
1687 3545 1809 3613 Domini,

109 3648 168 3688 nun
183 3631 328 3688 sulficere.
343 3633 500 3702 Propterea
510 3630 616 3703 cogitat
627 3629 868 3702 Dominuesuper
881 3645 934 3686 noe
988 3633 1116 3688 crittates
1126 3634 1373 3703 suntcopitationes
1384 3633 1442 3704 ejus
1453 3633 1726 3689 enneacrunos
1736 3632 1807 3688 toas

108 3720 187 3777 mala
200 3719 356 3790 dequibus
372 3724 487 3775 nostrus
497 3717 610 3775 eleuare
630 3734 811 3791 nequeamus
841 3719 934 3776 cervi-
987 3729 1052 3776 sunt
1064 3737 1129 3776 cum
1142 3736 1172 3777 eo
1186 3722 1234 3791 put
1247 3728 1320 3776 recte
1329 3721 1458 3789 cruditur
1470 3724 1483 3776 t
1496 3722 1531 3777 tit
1545 3722 1811 3795 eontrariopopnise

107 3825 230 3877 cue,nec
245 3808 396 3865 ambulare
417 3808 499 3873 recti,
529 3809 600 3880 quia
628 3812 746 3880 tempus
770 3808 933 3881 pessimum
987 3812 1105 3865 meusin
1120 3811 1511 3882 aduersariumconsurreett,
1543 3811 1661 3884 desuper
1688 3813 1811 3868 taum

106 3903 161 3968 eet,
174 3900 259 3971 juxta
272 3897 396 3954 ioannis
409 3897 509 3965 verba,
522 3897 661 3952 dicentis:
682 3898 805 3953 Mundus
827 3901 858 3954 in
871 3916 934 3955 ma·
985 3899 1106 3970 pultium
1120 3900 1282 3965 sustulistis,
1295 3903 1321 3954 et
1335 3902 1441 3972 eosqui
1456 3901 1616 3955 transibunt
1635 3902 1808 3974 simplicite,

104 3989 183 4059 tiano
195 3989 300 4059 positus
313 3991 355 4041 est
369 3985 392 4057 (l
406 3989 490 4042 Joun.
507 4002 534 4056 v,
549 3987 604 4058 19).
622 3986 754 4059 ldipenm
784 3988 932 4061 significat
986 3990 1160 4045 convertistis
1167 3991 1197 4043 in
1213 3988 1327 4044 betium.
1346 3990 1430 4046 LXX:
1447 3991 1479 4045 ln
1488 3991 1608 4046 Ecclesia
1623 3991 1741 4048 Domirn
1764 4007 1809 4048 no·

107 4080 136 4133 et
149 4075 200 4131 illa
214 4075 244 4130 in
259 4072 413 4145 Evangelio
429 4073 489 4130 filie
509 4074 659 4131 Abrabam
681 4074 788 4131 nobilis
822 4077 931 4146 anima,
987 4077 1035 4131 tite
1049 4078 1114 4146 llere
1129 4076 1269 4149 iacrymis,
1280 4094 1366 4150 neque
1379 4079 1487 4149 plorent
1500 4095 1581 4151 super
1591 4079 1660 4136 bu?
1671 4097 1731 4137 non
1741 4081 1809 4138 enin

108 4178 198 4237 quum
213 4163 337 4219 Satanas
350 4163 483 4220 vinxerat
495 4167 524 4219 et
538 4163 750 4232 incurvaverat,
766 4170 795 4221 et
814 4165 871 4222 nisi
896 4167 932 4223 ud
986 4166 1097 4237 abjiciet
1111 4166 1268 4238 opprobrio,
1285 4182 1347 4239 qnae
1357 4168 1443 4224 dicit:
1458 4170 1559 4224 Domus
1573 4168 1659 4227 tacet
1679 4184 1809 4244 pronon·

109 4253 266 4309 aduentum
281 4251 397 4309 Domini
414 4252 444 4309 iu
459 4251 586 4309 sublime
596 4253 667 4325 erigi
677 4259 744 4310 ante
757 4271 815 4310 non
826 4256 932 4327 potuit,
987 4255 1170 4326 vitspiritum
1182 4256 1303 4324 Domina,
1318 4273 1341 4312 st
1361 4257 1478 4315 imsunt
1496 4257 1715 4318 adinventiones
1741 4261 1808 4334 ein:

107 4357 264 4400 masuam
292 4341 440 4415 suspicere
474 4342 527 4414 pu,
557 4342 717 4416 suscipere]
746 4345 929 4401 Creatorem.
985 4345 1511 4416 mnneseuroonesejnstonisuntcum
1523 4350 1730 4423 sustinenti)
1756 4364 1809 4405 uu·

108 4432 189 4489 Unde
205 4431 339 4506 Salvator
351 4431 406 4487 ait:
438 4435 526 4499 tione,
557 4431 663 4505 inquit,
691 4433 780 4504 fitium
812 4433 932 4491 dirutae
987 4433 1170 4489 tutaverunt?
1185 4435 1215 4489 Et
1229 4437 1705 4506 pnaspoputusmeustnimieitus
1716 4437 1810 4495 meu

107 4536 192 4593 quum
207 4520 372 4591 attipuuerat
383 4520 510 4592 Sanetus,
527 4537 582 4577 non
595 4522 715 4594 oportum
729 4522 798 4577 sotei
811 4522 846 4577 de
867 4524 929 4577 siin·
945 4546 969 4612 D
985 4530 1081 4578 contro
1094 4539 1189 4594 pacem
1202 4540 1297 4579 sunm:
1317 4525 1417 4595 pellem
1444 4526 1505 4597 ejus
1528 4528 1758 4596 mundaverunt,
1782 4527 1809 4580 d

105 4608 167 4666 culo
179 4611 233 4667 isto
243 4610 407 4666 diesoddati
416 4611 495 4679 (Luc.
509 4627 571 4683 1111,
589 4611 657 4682 tet?
672 4611 747 4677 Quia
761 4610 929 4684 ergogloria
983 4611 1126 4680 auferrent
1139 4629 1213 4684 spem
1227 4615 1416 4670 contritionem
1431 4614 1504 4670 detti.
1521 4614 1563 4670 Ne
1578 4613 1806 4688 loquaminiin·

105 4700 435 4757 nnetraomnisuttonsu
449 4704 504 4769 est,
523 4704 551 4756 et
574 4699 761 4755 dilatavimus
789 4717 926 4774 rasurum,
982 4701 1056 4771 quit,
1073 4700 1225 4773 loquentes
1240 4721 1246 4771 ;
1264 4719 1315 4774 pro
1330 4720 1388 4775 quo
1402 4703 1613 4775 interpretatae
1628 4702 1805 4778 estAqnila:

103 4787 148 4844 vel
159 4788 196 4861 (a)
207 4788 359 4844 nuditatem
368 4794 494 4844 nostram
504 4788 558 4860 (sic
569 4788 685 4845 enimin
697 4788 927 4860 quibusdamco-
980 4805 1015 4844 ne
1027 4789 1142 4846 stilletis
1157 4792 1303 4860 stillantes,
1328 4792 1477 4863 qnondam
1498 4793 1641 4850 idiomate
1656 4793 1803 4858 Hebraico,

105 4877 389 4949 dicibusinvenitur)
408 4877 491 4933 missi
507 4881 577 4933 sunt
592 4877 643 4949 qui
670 4893 722 4933 nos
755 4876 928 4951 plangerent
980 4877 1129 4950 eloquium
1166 4880 1202 4934 ab
1224 4896 1257 4936 eo
1286 4881 1364 4952 quod
1394 4881 1467 4936 tluut
1492 4886 1520 4937 et
1544 4881 1578 4937 ad
1618 4900 1709 4941 aures
1746 4898 1802 4956 per·

102 4983 170 5025 oum
184 4966 323 5034 ieremia,
334 4971 364 5023 et
378 4969 529 5022 sumerent
550 4981 639 5038 super
662 4982 717 5022 noe
743 4966 925 5038 parabolam,
979 4968 1076 5023 veniat
1113 4968 1305 5038 audientium,
1340 4970 1371 5024 in
1417 4969 1649 5027 similitudinem
1707 4970 1802 5044 pluvie

2 5066 5 5071 ·
102 5054 354 5113 etdicerentoum
371 5048 925 5128 apostolo:tupebomuttosquipeceo-
980 5058 1057 5115 m
1071 5058 1273 5114 descendentis
1289 5058 1479 5115 stillationem
1496 5075 1617 5117 vocans.
1636 5061 1734 5120 Nolite
1759 5074 1802 5117 roe

100 5151 208 5216 υεεεεε,
229 5148 255 5200 et
267 5159 324 5201 non
339 5152 456 5213 eperunt
467 5145 663 5215 penitentiam
677 5144 714 5217 (ll
731 5143 791 5200 Cor.
807 5146 924 5218 mail).
980 5147 1122 5218 decipere,
1139 5148 1271 5203 odomus
1282 5147 1383 5217 Jacob,
1399 5149 1466 5205 etin
1483 5147 1721 5208 consolationem
1744 5164 1799 5207 mn·

101 5232 265 5299 Daisunim
282 5248 340 5289 non
369 5231 490 5308 plangat
513 5233 615 5291 videns
633 5232 780 5290 humanus
809 5235 924 5291 animus
977 5235 1181 5308 tuumdicere,
1198 5238 1799 5316 oeusbenusestznonvsnietcuptiritu

102 5324 186 5396 quasi
201 5323 312 5380 variam
328 5321 559 5397 suppellectilem
575 5341 592 5380 u
611 5323 794 5381 damonibus
822 5332 852 5381 et
879 5325 924 5381 di·
979 5341 1067 5398 quam
1083 5325 1232 5382 timemus.
1248 5325 1324 5383 Nam
1337 5327 1418 5400 larga
1439 5328 1503 5399 ejus
1532 5327 1749 5396 misericordia,
1772 5330 1796 5383 et

135 5484 923 5557 (ell’raleruntduoPalatinmsevidnitatemzinGracc
978 5485 1064 5557 paulo
1080 5492 1177 5544 autem
1195 5486 1380 5560 postdelent,
1402 5505 1486 5561 speum
1515 5493 1570 5545 Pru
1599 5493 1797 5555 centnm,

101 5561 201 5610 autem
212 5562 257 5611 eet
270 5555 409 5629 γύμνωσιν
424 5556 588 5613 nuditatem.
977 5558 1123 5615 Victorius
1137 5561 1333 5616 contritionum
1348 5558 1434 5636 legit;
1450 5565 1495 5620 est
1507 5577 1575 5620 vero
1587 5562 1620 5622 in
1637 5563 1740 5625 Grues
1751 5557 1798 5618 lui-

137 5624 176 5704 (t)
189 5624 280 5686 tidem
295 5643 367 5686 mss.
392 5627 450 5703 bio,
474 5628 547 5703 jum,
569 5627 702 5688 voculam
730 5630 920 5703 interserunt,
976 5629 1041 5690 nori
1055 5647 1178 5690 numero
1192 5629 1372 5712 συντριμμόν.
