3818 6104
96 186 158 252 ias
345 172 349 180 '
718 180 1179 251 superiumentarium
1743 184 1802 249 isi

98 320 151 395 qui
165 323 270 379 cuncte
284 317 445 394 intelligere
473 317 634 394 possimus,
654 334 748 393 pauca
760 318 924 390 videamus,
939 321 967 388 Α
981 323 1071 393 atque
1085 320 1249 378 dicentem:
1266 324 1329 379 lico
1341 322 1406 377 sunt
1420 317 1549 393 piamine,
1565 320 1593 377 ct
1618 332 1667 392 epo
1685 318 1741 392 feci
1750 317 1803 376 illo

98 411 245 484 quomodo
260 409 417 466 duodecim
433 409 498 466 istis
526 408 677 483 lapidibus
692 408 815 466 indutus
829 408 925 466 luerit.
981 410 1091 482 (lineet.
1108 412 1196 479 xxix).
1211 409 1284 466 Novi
1298 425 1352 483 ego
1381 408 1559 466 differentias
1582 407 1753 477 fluminum,
1776 411 1805 466 et

98 499 128 557 Si
145 500 191 556 rui
201 498 421 556 -divinaelitteria
432 515 509 556 curae
526 498 653 571 sunt(ad
669 515 758 572 quam
775 515 836 556 ram
851 515 928 571 sape
982 498 1042 556 scio
1057 498 1216 555 lluminain
1228 498 1336 572 quibus
1351 499 1438 556 draco
1454 499 1564 567 sedeat,
1576 513 1664 571 super
1674 513 1740 570 quae
1751 496 1803 554 Du·

12 646 17 656 ,
99 587 288 644 exhortamur
302 587 513 657 adolescentes,
530 588 581 644 sed
592 590 626 644 ut
638 587 734 658 video,
751 586 824 643 nihil
839 587 927 660 profi·
982 587 1063 644 mina
1078 587 1118 656 hi,
1136 588 1186 660 qui
1202 588 1238 644 da
1253 587 1342 644 lsrael
1358 586 1435 660 capti
1450 587 1576 654 fuerant,
1587 585 1804 655 sedentes,cum

99 675 205 742 cimus,
229 677 435 734 tantummodo
464 682 597 750 tempora
619 680 846 734 consumentes:
869 692 927 733 non
981 693 1099 733 curmen
1111 676 1179 732 sion
1191 693 1293 734 canere
1308 692 1366 733 non
1382 674 1806 749 possent,i1chant,sccundnm

99 764 178 821 enim
193 765 345 838 potuimus
358 764 473 839 aliquos
495 783 597 824 eorum
612 766 648 822 ad
664 765 693 821 id
711 765 879 839 perducere,
897 768 930 822 ut
982 766 1097 837 idquod
1109 765 1138 821 in
1149 766 1276 821 Psalmis
1287 765 1431 838 scriptum
1442 767 1487 821 est
1500 781 1507 821 :
1520 763 1609 836 Super
1623 763 1744 835 flumine
1755 768 1807 819 lto·

100 853 193 911 sacris
207 853 407 912 voluminibus
434 855 614 928 insisterent)
643 859 671 911 et
689 854 845 912 duodecim
861 853 928 911 illos
984 855 1093 927 tytanis
1105 855 1303 923 illicscdiinus,
1319 859 1343 911 ct
1357 856 1483 925 tleuimiu
1498 853 1809 926 (Psul.cxirxv1),t).ltl

100 942 224 1016 lapides,
238 947 381 1002 etcaeteru
392 944 563 1018 requiratin
573 944 745 1017 scripturis,
760 944 887 1001 inveniet
901 947 930 1001 et
982 944 1043 1001 scio
1056 943 1135 1000 aliud
1152 944 1362 1017 numemcuy'us
1377 944 1505 1016 impetus
1514 941 1642 998 letificat
1653 938 1804 998 ciuitatem

101 1032 132 1090 in
147 1031 323 1107 Apocalypsi
337 1034 440 1092 eodem
469 1035 569 1105 modo,
591 1038 679 1107 atque
694 1033 796 1091 ordine
811 1049 929 1091 nuncu·
984 1033 1045 1102 Dei,
1056 1034 1141 1106 juxte
1152 1032 1312 1090 Psalmistoe
1322 1049 1423 1089 vocem
1435 1030 1558 1088 dicentis
1570 1047 1577 1086 ι
1591 1031 1732 1088 Fluminis
1752 1031 1809 1086 irn-

101 1121 308 1195 patos.Quiibi
319 1122 434 1195 primus
446 1142 453 1180 :
464 1127 493 1181 et
504 1123 551 1180 hic
562 1122 676 1196 primus
689 1122 868 1196 estpositus,
879 1121 929 1195 qui
981 1125 1059 1194 pctus
1074 1121 1198 1193 tutificat
1209 1124 1351 1179 ciuitatem
1364 1122 1423 1177 Dei.
1439 1119 1490 1175 Vis
1505 1119 1606 1176 audire
1617 1118 1685 1192 quis
1697 1118 1810 1175 estiste

101 1211 473 1286 secundaesecundus,qui
487 1211 592 1270 tertius
608 1212 724 1279 tertius,
740 1211 930 1284 quiquertue
983 1209 1101 1277 iluvius,
1118 1211 1203 1282 cujus
1227 1209 1356 1283 impetus
1383 1206 1510 1264 latificat
1540 1208 1640 1265 1001
1659 1207 1808 1265 civitatem

102 1302 236 1374 quartus,
252 1305 339 1374 atque
354 1300 395 1359 ita
407 1316 501 1375 iisque
511 1301 547 1360 ad
563 1301 774 1359 duodecimum
790 1299 930 1373 lapidem,
983 1297 1057 1354 Dei?
1071 1298 1155 1354 lesus
1182 1298 1317 1356 Christus
1345 1297 1488 1354 Dominus
1514 1300 1613 1354 noster
1624 1300 1671 1354 eat
1685 1295 1806 1366 fluvius,

100 1389 172 1448 ordo
187 1396 317 1446 servatus
332 1393 386 1447 est.
403 1393 461 1447 Gur
475 1405 555 1464 ergo,
571 1394 600 1447 et
623 1406 714 1464 super
729 1405 803 1462 quos
817 1389 931 1462 lapides
984 1388 1070 1460 cujus
1080 1387 1209 1460 impetus
1219 1386 1347 1444 laetificat
1356 1385 1501 1443 civitatem
1511 1385 1573 1443 Dei.
1586 1387 1643 1442 late
1653 1388 1699 1442 est
1708 1385 1764 1458 qni
1772 1384 1813 1441 eit

100 1479 150 1535 isti
164 1477 194 1534 in
209 1477 384 1552 Apocalypsi
412 1479 574 1553 nuncupati
602 1479 701 1537 eunt?
722 1478 828 1551 Utique
842 1495 932 1552 super
983 1492 1035 1548 per
1050 1475 1176 1534 isaiam:
1191 1477 1257 1533 Ecce
1276 1492 1323 1549 epo
1349 1474 1455 1532 declino
1483 1476 1514 1531 in
1537 1490 1582 1532 οοι
1608 1475 1691 1547 quusi
1708 1475 1812 1544 iterim

99 1570 200 1640 portus
209 1567 375 1624 Jerusalem
385 1567 624 1642 coelestis,ibique
636 1567 827 1640 dicitur,quia
837 1566 932 1641 prima
982 1569 1058 1641 poris
1072 1568 1148 1639 (leui.
1164 1567 1248 1636 cxvi).
1264 1564 1331 1623 Scio
1346 1582 1399 1640 ego
1414 1565 1556 1640 quosdam
1572 1581 1636 1622 esse
1653 1564 1760 1621 fluvios
1770 1579 1810 1621 ra·

98 1659 183 1729 porta
197 1656 345 1729 topazium
358 1657 406 1729 sit,
423 1658 553 1715 secunda
562 1657 749 1730 smaragdus,
765 1657 851 1713 tertie
864 1672 930 1713 car·
984 1655 1154 1729 promissos,
1167 1654 1216 1727 qui
1232 1653 1331 1712 exhoc
1347 1655 1434 1712 fluvio
1450 1657 1581 1711 manant.
1597 1652 1702 1711 Omnia
1717 1652 1807 1722 enim,

99 1744 366 1819 bunculus,quarta
381 1746 550 1819 sapphirus,
566 1750 655 1819 atque
669 1745 712 1802 ita
727 1745 757 1801 in
771 1745 851 1802 hunc
866 1761 929 1801 mo·
982 1744 1033 1818 qui
1048 1743 1155 1800 biberit
1169 1760 1204 1800 ex
1217 1760 1295 1815 aqua
1309 1743 1376 1811 ista,
1394 1743 1473 1801 sitiet
1487 1759 1624 1800 rursum:
1649 1743 1703 1812 Qui
1718 1751 1808 1798 nutent

102 1833 210 1890 dumin
216 1833 349 1906 singulas
357 1839 457 1909 portas
464 1834 573 1908 singuli
579 1833 692 1908 lapides
698 1833 927 1891 distribuuntur.
983 1834 1080 1891 biberit
1094 1850 1129 1890 ec
1142 1849 1226 1904 aquo,
1240 1849 1323 1906 quom
1332 1849 1380 1905 epo
1393 1832 1550 1901 dederuut
1563 1832 1723 1903 lesua,non
1736 1833 1808 1888 sitiet

102 1922 131 1978 Si
159 1919 336 1979 intellexeris
360 1926 461 1995 portae
488 1921 664 1994 Jerusalem,
694 1926 723 1978 et
746 1925 846 1996 portas
861 1920 927 1978 iilic
982 1924 1013 1980 in
1026 1923 1228 1991 aeternumsed
1241 1924 1295 1979 erit
1308 1922 1408 1993 fiuntur
1422 1924 1453 1978 in
1467 1938 1498 1980 cc
1512 1924 1573 1993 sotis
1587 1935 1670 1993 opus
1682 1921 1806 1978 catomis

102 2010 183 2078 Sion,
198 2009 250 2066 ubi
265 2013 295 2066 et
308 2014 423 2084 oportet
437 2015 465 2067 te
479 2028 583 2069 canere
597 2015 666 2069 Deo.
682 2011 802 2069 Cuntcbo
816 2013 928 2085 quippe,
982 2012 1012 2068 iii
1024 2013 1111 2068 vitum
1125 2013 1298 2080 manumet
1306 2014 1424 2083 flumina
1437 2011 1471 2068 dc
1484 2018 1580 2068 ventre
1593 2011 1654 2082 ejus
1667 2009 1807 2082 epredien·

102 2098 152 2168 ait,
168 2099 374 2156 emaculandae
402 2107 463 2157 tuos
487 2101 517 2156 in
533 2103 622 2173 portis
656 2101 761 2156 1000
779 2102 849 2172 filiae
862 2101 930 2158 Sion
982 2103 1030 2156 tur
1043 2099 1132 2173 (loun.
1149 2100 1200 2171 ιι).
1216 2099 1312 2157 ilabes
1326 2099 1529 2173 igituriluvios
1542 2098 1807 2172 sanctos‚equibus

101 2188 188 2261 (Ptol.
203 2205 243 2258 ιι,
257 2188 322 2260 15):
354 2188 377 2245 ai
392 2189 601 2246 animadvertis
630 2190 777 2263 quomodo
806 2191 930 2246 indutos
983 2188 1085 2262 procul
1101 2193 1146 2246 est
1160 2189 1258 2246 draco.
1270 2190 1421 2255 Quomodo
1435 2188 1582 2246 animtria
1594 2187 1809 2262 suntimpossi·

101 2275 140 2333 sit
154 2274 264 2350 aliquis
279 2277 435 2335 duodecim
445 2277 638 2351 lapidibua‚et
650 2277 804 2351 ingressus
814 2279 930 2336 Jerusn·
985 2277 1056 2333 bilia
1070 2277 1143 2334 mihi
1155 2279 1190 2334 ad
1205 2277 1419 2351 intelligendm
1435 2272 1482 2335 uia
1492 2276 1638 2351 serpentis
1653 2292 1747 2351 supro
1760 2292 1807 2350 pe·

100 2365 169 2437 lem,
186 2370 216 2422 et
231 2382 283 2438 per
298 2364 372 2424 alias
387 2371 486 2440 portae
499 2368 661 2441 ingressus,
679 2368 858 2441 conspiscies
871 2367 930 2424 vir·
983 2371 1072 2437 tram,
1089 2369 1169 2424 Petro
1184 2370 1277 2422 ouum
1292 2374 1352 2423 crat
1363 2366 1497 2433 Christus,
1508 2371 1537 2423 et
1550 2382 1609 2422 non
1625 2370 1673 2422 est
1686 2365 1737 2422 via
1751 2382 1808 2422 sar·

103 2455 187 2529 gines
199 2454 400 2512 duodecimln
410 2455 485 2513 libro
493 2455 635 2526 Pastoris,
645 2456 683 2529 (ο)
694 2457 724 2512 in
734 2473 792 2530 quo
807 2457 930 2530 angelus
985 2456 1196 2530 peutisnbiest
1209 2457 1312 2513 lesus:
1329 2457 1372 2512 sic
1386 2473 1445 2513 non
1460 2472 1581 2530 possum
1596 2456 1626 2511 in
1642 2455 1750 2512 1⁰02
1765 2454 1809 2510 his

102 2544 304 2616 paenitentiam
319 2545 413 2614 docet,
431 2545 585 2602 duodecim
609 2545 739 2618 virgines
754 2544 864 2602 habent
878 2561 930 2602 no·
986 2544 1157 2602 fluminibus
1173 2545 1310 2602 draconis
1324 2544 1455 2602 invenire
1483 2544 1616 2618 vestigia.
1645 2544 1698 2600 Est
1711 2548 1808 2600 autern

103 2633 184 2689 mina
199 2649 262 2701 sue,
277 2633 373 2704 Fides,
396 2632 591 2707 Continentia,
615 2638 645 2691 et
672 2639 793 2692 cetera:
810 2635 932 2707 potestis
985 2632 1809 2708 quidamiluvius,quemdracoiecit,dieitquippedraco,

103 2723 213 2796 quippe
225 2721 333 2802 legerp,
347 2723 374 2779 si
388 2722 489 2780 vultis.
506 2723 615 2780 Deinde
625 2725 742 2796 quando
756 2723 846 2781 turris
860 2723 931 2780 edi·
985 2721 1588 2795 etcomminaturDeustamdraconi,quam
1601 2720 1700 2778 iluuiis
1707 2722 1738 2777 in
1745 2721 1811 2795 qui·

104 2811 290 2878 ilcatur,cum
302 2812 500 2884 assumpseris
511 2811 697 2869 tortitudines
705 2813 865 2885 virginum,
880 2829 931 2885 pa·
985 2812 1042 2869 hus
1056 2816 1102 2869 eet
1114 2814 1202 2870 draco
1213 2827 1221 2869 i
1232 2816 1296 2871 lieu
1304 2816 1368 2868 sunt
1379 2814 1535 2884 fluminum
1543 2827 1593 2882 epo
1601 2812 1659 2882 teci
1668 2808 1809 2867 illniiudi

105 2898 177 2954 riter
190 2898 315 2972 accipies
326 2899 391 2955 etid
403 2900 524 2971 quodda
534 2900 627 2972 portis
642 2900 765 2959 dicitur:
777 2917 931 2959 ornamcn·
986 2901 1154 2958 hereticum
1170 2917 1238 2959 oum
1253 2901 1334 2958 omni
1343 2901 1473 2958 versutia
1482 2905 1511 2958 et
1521 2899 1638 2974 ingenio
1649 2899 1812 2974 predican-

95 2991 169 3056 tum
185 2986 294 3059 quippe
309 2985 362 3042 tibi
376 2991 421 3044 est
435 3004 618 3061 unaquaque
632 2988 735 3059 virtus,
747 2994 836 3062 etque
845 2989 886 3046 ita
900 2989 931 3045 in
985 2992 1186 3063 tem,necdum
1198 2991 1313 3048 venisse
1325 2991 1427 3047 lasum
1437 2988 1659 3047 Christumlsta
1673 2993 1748 3046 suut
1759 2987 1812 3044 ilu-

107 3073 188 3131 hunc
202 3075 324 3132 modum
346 3076 581 3149 superaedificant
608 3078 798 3136 fundamento
813 3077 931 3148 Christi,
947 3080 970 3149 c
988 3079 1079 3148 minu,
1094 3080 1124 3135 in
1140 3080 1249 3153 quibus
1262 3083 1396 3136 versatur
1406 3079 1503 3146 draco,
1520 3082 1548 3134 et
1561 3078 1626 3150 ipse
1640 3077 1711 3133 iecit
1724 3093 1770 3145 ea,
1785 3079 1814 3134 et

104 3179 163 3219 non
178 3162 276 3220 solum
289 3180 395 3221 aurum
410 3168 440 3221 et
454 3168 621 3238 argentum,
650 3183 754 3224 verum
773 3172 803 3224 et
817 3166 930 3240 lapides
986 3167 1057 3224 dicit
1070 3170 1157 3226 draco
1169 3169 1241 3225 :ileo
1250 3177 1315 3225 eunt
1325 3169 1481 3240 deminuet
1495 3181 1543 3237 epo
1557 3168 1613 3236 [eci
1622 3166 1686 3222 illu.
1702 3165 1814 3223 ldciroo

104 3250 257 3325 pretiosos.
287 3251 471 3309 Prohibitum
500 3259 546 3311 est
564 3259 662 3313 autem
682 3255 928 3330 edilicereligna,
984 3257 1140 3331 diligenter
1155 3258 1281 3327 attende,
1298 3272 1488 3330 cumaquam
1502 3255 1672 3323 hihsris,ne
1689 3254 1810 3312 iortede

103 3341 517 3414 iennmetstipulamllcor.
542 3344 597 3417 ιιι).
615 3345 930 3420 lntusestigituriste
983 3345 1033 3403 illo
1048 3347 1137 3403 durio
1151 3347 1245 3415 bibas,
1261 3347 1290 3403 in
1307 3362 1365 3420 quo
1381 3346 1459 3403 sedit
1472 3345 1580 3401 draco:
1610 3344 1662 3401 aed
1692 3344 1809 3400 bibeax

100 3429 177 3503 lapis
199 3431 402 3488 duodecimus.
418 3432 453 3490 Et
467 3433 554 3491 nobis
569 3434 665 3491 adhuc
680 3435 857 3508 imperatum
873 3440 927 3505 est,
983 3436 1148 3509 aquaviva,
1164 3437 1243 3493 etde
1258 3453 1291 3494 eo
1307 3435 1406 3502 lluvio,
1422 3436 1451 3492 in
1465 3451 1522 3507 quo
1537 3438 1582 3491 ast
1595 3449 1695 3490 sermo
1710 3432 1807 3501 Dai,in

100 3523 134 3576 iit
160 3519 293 3577 dicamus
308 3520 344 3577 de
372 3520 447 3594 'l'yro
463 3524 492 3578 et
505 3523 623 3592 Sidona,
639 3529 668 3581 et
692 3525 862 3582 Pharaone:
878 3540 929 3582 an·
982 3541 1040 3597 quo
1055 3526 1197 3583 Dominus
1213 3531 1312 3583 noster
1325 3525 1412 3581 Jesiis
1427 3522 1571 3593 Christus,
1586 3522 1635 3579 cui
1649 3526 1696 3579 est
1710 3521 1808 3595 gloria

99 3607 347 3682 gustiatemporis
362 3626 456 3683 neque
471 3611 623 3684 superiora
637 3629 701 3686 qum
716 3614 860 3686 ompimus
871 3613 926 3669 im·
982 3620 1011 3671 et
1024 3614 1183 3687 imperium
1199 3614 1229 3670 in
1245 3613 1352 3672 sucula
1367 3613 1552 3670 saeculorum.
1568 3614 1668 3669 Anien.

98 3696 178 3770 plere
186 3698 331 3768 permisit,
347 3702 377 3756 et
387 3698 448 3755 hiec
461 3717 524 3774 qua
532 3701 824 3772 votumueenerrare,
842 3703 927 3775 quasi
1150 3721 1304 3778 ΗΟΜΠᾸΑ
1323 3721 1458 3778 npcffln
1476 3718 1630 3785 QUAR'I'A.

97 3787 256 3843 ⁰⁰mm⁸¹¹fi
272 3803 352 3845 ΜΘ
365 3789 591 3862 Ρθηῑῑῑῦὅθῦἅῦ
607 3795 677 3847 Sunt
689 3792 824 3849 militer·
840 3791 928 3848 0⁰¹³·
981 3815 1020 3868 De
1034 3827 1068 3868 eo
1084 3811 1161 3882 quod
1181 3810 1307 3868 dicitur:
1321 3811 1402 3867 Porto
1416 3810 1477 3867 liaec
1491 3808 1592 3865 clausu
1605 3808 1725 3878 crunon
1739 3822 1807 3878 cpe-

98 3874 220 3933 minatio
236 3879 281 3933 est
295 3876 324 3932 iri
340 3876 559 3951 sidonemque
572 3878 830 3953 interpretaturlb)
844 3898 927 3938 veno·
1015 3884 1113 3955 rietur,
1138 3891 1163 3939 et
1176 3898 1255 3939 nemo
1269 3898 1317 3955 per
1342 3899 1404 3939 euni
1432 3881 1564 3938 transibit
1590 3881 1657 3953 qnia
1671 3880 1809 3936 Dominus

98 3967 180 4020 torci.
198 3963 298 4021 Animo
312 3969 406 4023 nostm
420 3968 492 4023 sicut
512 3984 608 4040 poster
626 3976 719 4042 erepto
731 3972 770 4026 est
785 3970 818 4026 de
830 3970 926 4044 ἱοοιιοο
1015 3956 1087 4012 Diui
1096 3955 1224 4010 ‘'anilii'‘
1233 3970 1283 4026 W
1301 3969 1363 4009 Cam
1377 3953 1458 4026 (Cli)-
1473 3951 1562 4024 mli·

97 4055 259 4110 cenantium
282 4054 369 4128 (Paul.
385 4057 491 4125 orriri).
507 4055 535 4111 Si
561 4057 699 4115 liebraice
721 4057 807 4132 legis,
823 4059 926 4129 babes,
1016 4062 1118 4117 1001
1132 4059 1411 4117 EtuitDominuiod
1424 4076 1506 4116 cnm:
1521 4060 1606 4115 Porto
1627 4059 1688 4116 hauc
1711 4058 1807 4114 ctam

98 4143 133 4198 dc
145 4143 240 4216 moneo
253 4142 440 4199 Sidoniorum.
459 4144 552 4217 igitur
562 4144 675 4202 Sidonii
684 4153 836 4205 venatores
845 4151 925 4218 sunt,
979 4152 1043 4218 erit,
1059 4166 1116 4205 non
1130 4150 1281 4223 operietur,
1295 4151 1321 4203 et
1334 4164 1413 4204 neme
1425 4165 1475 4220 per
1498 4163 1559 4204 com
1573 4146 1720 4217 troiuihit,
1742 4148 1808 4219 quio

98 4235 127 4287 et
141 4232 341 4304 comminatio,
357 4249 422 4305 qua
438 4233 470 4288 lit
483 4233 514 4289 in
529 4250 590 4306 eos,
605 4241 724 4310 propter
751 4241 780 4294 te
795 4238 837 4304 tit,
853 4254 925 4309 quo·
965 4239 1111 4294 «Dominus
1124 4240 1195 4295 Deus
1209 4242 1298 4296 irruet
1311 4238 1440 4294 transibit
1452 4254 1503 4310 pei·
1515 4253 1587 4306 eom,
1600 4240 1627 4292 ct
1641 4235 1805 4307 epredietur.

97 4321 177 4377 niam
193 4320 336 4378 voluntte
350 4338 463 4395 cepere,
479 4326 508 4379 et
519 4323 841 4397 diligenterobservant
855 4342 927 4398 que·
978 4328 1011 4383 Et
1026 4329 1078 4383 erit
1092 4329 1196 4384 clcnsc.
1212 4328 1313 4384 Portas
1329 4326 1429 4398 plures
1444 4325 1546 4398 templi
1571 4325 1726 4393 describit,
1742 4339 1806 4397 spe·

95 4410 183 4467 modo
194 4410 343 4467 auditores
359 4410 578 4483 Scripturarum
594 4414 630 4470 de
644 4414 773 4472 Ecclesia
786 4413 923 4483 avellant,
978 4415 1091 4472 cialiter
1101 4416 1231 4473 Ezechiel
1247 4415 1326 4472 iilius
1341 4415 1483 4484 hominis,
1499 4415 1616 4486 etquod
1627 4415 1665 4469 de
1679 4411 1805 4487 singulis

96 4501 245 4572 quomodo
260 4500 296 4556 da
311 4499 422 4557 tinibus
434 4502 541 4558 ludera
556 4503 592 4559 ed
608 4503 682 4560 lines
696 4503 814 4560 Sidonis
827 4507 924 4562 trans·
979 4505 1362 4579 descripseritportienunc
1373 4521 1477 4561 rursus
1490 4503 1610 4575 exponit
1623 4503 1739 4576 hie,qui
1754 4502 1803 4558 ha·

98 4587 193 4644 ierant
205 4605 211 4644 :
223 4606 324 4646 verum
338 4593 369 4646 tu
385 4590 465 4647 omni
481 4592 615 4648 custodie
624 4609 707 4650 serva
721 4596 881 4664 cortuum,
896 4599 925 4652 et
979 4596 1049 4653 hent
1059 4596 1190 4652 auresad
1202 4593 1394 4665 audiendum,
1405 4594 1440 4649 de
1453 4596 1537 4665 porta
1546 4594 1803 4648 sanctornmexte·

96 4676 177 4733 disce
188 4678 257 4750 quia
269 4679 459 4759 comminatio
471 4679 501 4736 in
512 4684 666 4739 venatores
678 4682 721 4738 tui
735 4682 925 4742 causasit.De
979 4685 1054 4741 riore
1069 4702 1132 4758 quae
1147 4683 1267 4757 respicit
1289 4687 1393 4740 contra
1420 4681 1578 4748 Orientem,
1608 4684 1639 4737 et
1652 4681 1755 4738 clause
1767 4678 1805 4735 eit

96 4763 400 4840 Pharaonaverojam
422 4769 628 4842 atiquasermo
645 4771 829 4842 memoravit,
844 4773 926 4830 attin
979 4789 1104 4847 semper.
1120 4774 1205 4847 Elcit
1218 4774 1350 4830 Dominus
1374 4771 1505 4828 odeum:
1520 4772 1602 4826 Portu
1631 4769 1691 4826 linc
1711 4769 1803 4826 clam

97 4868 184 4911 mans
199 4870 267 4911 eum
281 4856 439 4914 draconem
454 4859 604 4915 sedentem
613 4859 643 4916 in
656 4860 751 4919 medio
767 4862 924 4921 iluminnm
978 4866 1110 4935 erit,noii
1125 4864 1456 4936 aperieturetncmopcr
1481 4875 1542 4916 eum
1565 4859 1709 4927 transibit,
1739 4860 1804 4931 quio

132 5012 175 5085 (a)
187 5013 283 5072 Habet
298 5015 359 5074 hiet
369 5017 421 5081 lib.
437 5035 479 5089 ιιι,
494 5017 589 5074 simil.
605 5019 633 5087 9,
649 5038 714 5095 cap.
733 5027 862 5099 2atcep.
880 5026 923 5083 lu.
979 5041 1066 5090 xxvii,
1082 5024 1118 5081 de
1132 5024 1186 5081 hoc
1201 5022 1307 5097 psalmi
1330 5020 1518 5080 testimonio:
1536 5021 1587 5079 Ubi
1608 5036 1659 5077 noa
1673 5021 1801 5092 repimus.

95 5084 178 5159 Saepe
193 5085 273 5142 hunc
288 5088 490 5161 Pastoris,sivs
504 5093 616 5149 Herma
628 5091 737 5152 librum
749 5095 851 5154 laudat
860 5095 923 5155 Ori·
978 5096 1167 5167 Venantium,
1184 5098 1213 5152 in
1230 5095 1362 5152 Hebraico
1376 5095 1511 5165 scriptum
1524 5101 1573 5150 cet.
1598 5092 1800 5148 Sidoniorum.

95 5171 196 5291 genes,
212 5174 265 5214 nec
280 5161 379 5217 tamen
395 5178 447 5235 pro
461 5161 607 5219 Canonioo
622 5181 765 5293 umquam
782 5169 923 5227 obtrudit.
979 5167 1147 5224 Monuimus
1158 5166 1396 5224 veronosinenm
1408 5163 1548 5234 locum,in
1559 5163 1801 5249 Heuiconiupii

120 5227 170 5284 uin
189 5229 280 5285 immo
291 5229 460 5289 homil.9in
476 5233 564 5293 Num.
581 5239 613 5291 In
629 5236 683 5294 libe
695 5239 840 5313 tc,inqnit,
856 5244 924 5298 Pus·
977 5258 1106 5327 poenum,
1123 5273 1182 5312 non
1193 5256 1318 5312 siloiiim
1337 5253 1405 5328 legi,
1422 5258 1450 5308 ot
1468 5255 1550 5325 loces,
1566 5269 1704 5326 aucupem
1718 5268 1802 5310 venu-

96 5307 219 5383 ²‘?⁷²i·s⁸¹
233 5318 279 5385 0¹⁴?
293 5310 385 5360 'amet'
404 5305 547 5378 Scriptum
567 5308 622 5364 lua
636 5311 923 5384 Wtfffldssvfflelwi
977 5336 1145 5384 toremvaro
1159 5328 1275 5401 proprie
1297 5327 1364 5394 dici,
1393 5325 1551 5398 Scjcdiiu.
1580 5324 1653 5381 Vide
1669 5342 1737 5397 quae
1765 5324 1801 5381 ad

94 5371 202 5428 aemilio
215 5371 410 5446 desipuerunt.
977 5399 1177 5455 excusandum
1188 5398 1334 5456 memoria
1348 5397 1465 5469 lapsum
1477 5398 1507 5453 in
1518 5397 1696 5470 Hieronymo
1705 5396 1802 5453 Victo·

117 5459 170 5540 ,itt
184 5459 360 5548 Hieronymo
371 5466 550 5551 imposuisse
559 5467 607 5526 hic
619 5467 682 5554 ipse
696 5470 813 5530 videtur
823 5470 922 5545 Origo·
977 5471 1040 5526 rius
1055 5472 1194 5554 congerit,
1208 5470 1352 5542 nobisque
1380 5473 1479 5526 notata
1492 5474 1563 5524 sunt
1591 5469 1629 5526 ad
1643 5466 1803 5526 laudatum

94 5528 244 5607 pisloous,
260 5537 400 5596 scribenti
411 5556 440 5596 in
452 5543 609 5599 comment.
625 5556 655 5597 in
667 5542 846 5602 Ezechielem
857 5559 921 5624 cap.
977 5542 1136 5601 Ezechielis
1146 5547 1234 5620 caput
1244 5555 1410 5616 suprapug.
1425 5541 1488 5613 307,
1504 5544 1565 5601 not.
