3818 6104
114 248 175 316 455
749 250 781 310 S.
804 250 960 313 EUSEBH
983 251 1201 315 lllllRONYllll
1756 257 1819 322 456

116 386 204 458 (Dect.
220 399 311 450 xxxii,
325 384 363 454 7).
382 385 418 437 De
429 381 536 452 quibus
547 385 576 435 et
586 381 711 435 Sanctus
724 381 896 452 loquebatur
906 381 936 436 in
951 386 974 448 Α
994 383 1110 439 Paschae
1122 385 1293 440 solemnitas
1312 390 1356 441 est
1367 403 1373 442 :
1385 386 1421 442 de
1432 405 1490 460 qua
1509 384 1651 461 scriptum
1669 392 1732 446 est:
1748 389 1815 447 ute-

117 473 231 546 psalmo
244 470 358 528 :'Nocte
373 470 403 524 in
419 470 504 524 corde
519 487 584 524 naec
600 470 762 524 meditabar
774 471 828 540 (Pa.
843 487 935 535 cxxvi,
993 473 1052 527 nim
1079 474 1190 527 Pascha
1214 480 1347 530 nostrum
1377 475 1547 532 immolatos
1573 482 1617 533 est
1639 476 1773 534 Christus
1788 478 1811 551 (1

114 564 153 632 7).
168 561 320 617 etiterum
333 576 339 614 :
352 562 385 613 Et
396 575 488 613 annos
499 563 622 613 aeternos
642 558 672 612 in
684 563 781 613 mento
791 558 892 624 habui,
907 564 936 612 et
991 561 1052 616 Cor.
1069 579 1096 630 v,
1112 563 1152 633 7).
1166 563 1248 617 Tunc
1262 563 1442 620 comedimus
1459 570 1569 637 septem
1594 566 1700 622 diebus
1713 583 1818 639 azyma

117 651 275 707 meditatus
290 665 357 704 snm
382 647 451 718 (lent
468 688 487 715 .,
503 649 541 715 6).
558 647 612 710 Qui
630 646 719 701 istum
736 663 794 701 non
812 645 936 718 suscipit
990 649 1019 703 in
1035 649 1135 721 requie
1151 660 1179 705 et
1193 651 1349 708 securitate
1365 670 1462 708 rerum
1473 653 1618 722 omnium,
1629 654 1751 726 quando
1763 653 1817 710 ter·

114 739 307 804 intellectum,
324 737 500 809 respondeat
515 752 573 807 quo
594 735 686 807 possit
705 733 776 789 illud
793 751 935 806 exponere
990 744 1123 793 mentum
1133 741 1261 810 malitiae,
1270 741 1441 812 etnequitiae
1450 742 1645 814 destruentes,
1655 742 1817 799 manduca-

114 830 190 902 quod
209 827 300 884 lsains
317 827 352 880 de
367 827 475 894 loturo,
491 831 520 879 et
535 841 608 879 novo
621 823 725 879 seculo
741 824 933 880 vaticinatur:
989 842 1055 882 mus
1071 845 1172 899 nzpuaa
1186 827 1362 883 sinceritatis
1377 830 1555 898 etveritatis,
1567 830 1699 903 principe
1713 834 1814 887 nostro

112 919 174 974 Erit
189 916 301 974 mensis
316 932 350 971 ex
371 930 480 979 meuse,
503 916 531 967 et
555 913 709 968 sabbatum
733 929 767 967 ex
791 912 931 968 sabbato:
988 919 1094 969 cuncta
1117 914 1177 969 heac
1205 932 1258 986 pro
1282 915 1367 971 nobis
1391 916 1539 985 offerente,
1564 922 1592 974 et
1612 917 1744 990 primum
1762 935 1814 990 pro

112 1012 140 1064 ct
154 1006 252 1062 veniet
266 1004 363 1060 omnis
378 1019 445 1057 caro
456 1003 576 1056 adorare
591 1001 748 1056 Dominum
764 1003 839 1068 (loni.
856 1019 930 1068 aava,
988 1002 1094 1075 seipso.
1106 1003 1240 1075 Suscepit
1250 1004 1327 1058 enim
1340 1022 1444 1076 corpus
1455 1005 1631 1072 humanum,
1644 1011 1673 1062 et
1684 1023 1739 1079 per
1748 1022 1814 1079 pec·

111 1098 177 1165 23):
196 1095 313 1167 quando
324 1091 384 1147 veri
395 1092 562 1146 adoratores
573 1106 758 1161 nequaquam
770 1090 933 1145 adorabunt
988 1096 1084 1146 cattam
1101 1092 1244 1146 destruxit
1258 1097 1420 1164 peccatum,
1438 1094 1487 1165 qni
1505 1094 1658 1166 pronubis
1678 1093 1769 1163 dolet,
1786 1099 1814 1151 et

111 1185 141 1240 in
159 1187 258 1240 monte
269 1180 406 1244 Gerizim,
417 1195 469 1234 nec
480 1179 509 1233 in
521 1177 694 1244 Jerusalem,
706 1179 755 1233 sed
768 1179 796 1233 in
815 1179 930 1250 spiritu,
987 1183 1084 1251 portat
1095 1179 1280 1236 infirmitates
1291 1187 1406 1237 nostras
1418 1199 1425 1235 ε
1446 1182 1550 1239 deinde
1561 1182 1654 1254 [l'ulg.
1676 1183 1814 1256 proinde]

112 1279 141 1329 et
158 1272 376 1343 veritate(lonn.
393 1269 430 1340 av)
444 1287 450 1335 ;
462 1267 757 1339 quandoeritcoelum
773 1284 891 1333 novum,
903 1272 933 1323 et
984 1286 1034 1339 pro
1049 1269 1127 1323 domo
1142 1286 1202 1337 ano,
1220 1270 1297 1341 qnod
1318 1271 1348 1325 in
1370 1270 1438 1326 Lxx
1462 1270 1605 1343 scriptum
1630 1277 1693 1338 est;
1712 1272 1764 1328 sed
1781 1273 1812 1328 in

109 1369 188 1418 terra
199 1378 282 1425 nova,
297 1356 611 1415 etliherabituromnis
622 1356 932 1412 creaturaaservitute
985 1357 1126 1411 Hebraico
1151 1374 1209 1412 non
1234 1357 1367 1426 habetur,
1398 1359 1505 1427 idest,
1536 1377 1587 1433 pro
1617 1359 1758 1430 Ecclesia,
1784 1365 1813 1416 et

108 1450 315 1522 corruptionis,
331 1447 360 1501 in
376 1444 539 1500 libertatem
557 1445 684 1500 filiorum
699 1443 760 1513 Dei,
772 1444 852 1499 etsol
865 1461 930 1516 sep·
985 1463 1037 1517 pro
1066 1446 1145 1500 omni
1176 1447 1282 1519 populo
1309 1453 1404 1514 terrae,
1438 1450 1515 1505 572
1546 1449 1681 1505 universo
1709 1449 1812 1505 videli-

108 1542 163 1597 ties
179 1543 295 1595 tantum
310 1536 410 1593 lumen
428 1534 560 1606 accipiet,
582 1537 610 1589 et
624 1532 694 1587 luna
709 1532 762 1586 soli
778 1549 929 1605 compara·
985 1537 1029 1590 cet
1052 1534 1182 1590 huniano
1206 1552 1319 1608 genere.
1344 1536 1476 1593 Salvator
1497 1542 1541 1593 est
1565 1538 1644 1593 enim
1673 1538 1811 1595 (amnium

110 1630 189 1686 bitur
207 1630 297 1700 (dorae.
314 1643 375 1697 vrri,
399 1626 464 1681 laci.
493 1624 565 1695 mv).
591 1621 776 1677 accessimus
799 1621 876 1676 enim
894 1622 929 1677 ad
984 1623 1147 1691 hominnm,
1165 1628 1193 1679 et
1206 1624 1332 1681 maxime
1348 1624 1490 1691 fidelium,
1515 1631 1543 1682 et
1564 1625 1627 1699 ipse
1647 1632 1693 1682 est
1710 1626 1810 1700 propi·

110 1722 240 1775 montem
256 1718 331 1782 Sion,
348 1715 398 1786 qui
413 1715 621 1784 interpretatur
635 1711 754 1782 apecula,
771 1715 800 1765 et
815 1711 849 1765 nd
866 1710 967 1811 civi·B
984 1713 1066 1769 tiatio
1080 1713 1268 1785 propeccatis
1279 1716 1387 1769 nostris
1399 1733 1405 1781 ;
1415 1718 1443 1770 et
1453 1732 1509 1770 non
1519 1714 1676 1787 solnmpro
1688 1715 1811 1788 nostris,

104 1814 195 1863 tatem
205 1803 394 1869 Deiviventis,
404 1801 566 1857 Jerusalem
578 1799 734 1869 caelestem,
749 1803 776 1855 et
787 1800 821 1853 ad
836 1799 928 1854 millia
983 1803 1032 1858 sed
1049 1819 1101 1874 pro
1121 1802 1200 1857 omni
1218 1803 1337 1858 mundo.
1354 1802 1457 1859 Oblato
1469 1809 1565 1859 autem
1577 1803 1668 1858 vitulo
1681 1821 1734 1876 pro
1746 1804 1810 1860 uni-

106 1887 928 1970 angelorumsolemnitatesllequasolemnitatoloquitur
982 1907 1063 1946 verso
1080 1889 1189 1962 populo
1205 1895 1297 1959 terrm,
1315 1891 1344 1946 in
1361 1898 1471 1964 septem
1488 1892 1592 1949 diebus
1611 1891 1735 1965 reliquis
1752 1897 1809 1948 Do-

105 1991 134 2041 et
146 1985 221 2040 alius
233 1981 374 2055 propheta
389 1997 395 2034 :
408 1978 482 2042 Quid
494 1976 606 2031 facietis
616 1975 646 2030 in
657 1976 761 2030 diebus
773 1992 929 2048 congrega·
982 1979 1095 2035 minicae
1112 1978 1258 2051 passionis
1280 1984 1392 2050 septem
1408 1980 1504 2047 vituli,
1521 1986 1549 2036 et
1572 1985 1685 2052 septem
1703 1981 1811 2037 arietes

104 2073 204 2143 tionis,
221 2075 251 2126 et
263 2071 292 2124 in
304 2069 407 2124 diebus
418 2063 612 2122 solemnitatis
623 2064 737 2119 Dorniui
752 2064 821 2136 (tiae.
836 2066 928 2136 net?
981 2067 1163 2123 immaculati
1183 2067 1345 2122 olleruntnr
1368 2069 1509 2140 quotidie,
1536 2073 1568 2125 ut
1591 2069 1765 2125 holocausto
1781 2073 1811 2126 et

104 2163 165 2218 Hoc
181 2164 226 2216 est
241 2157 313 2213 illud
330 2156 407 2229 quod
422 2162 450 2210 et
465 2153 535 2210 alibi
555 2153 672 2220 dicitur,
697 2152 826 2223 Celebre,
839 2155 925 2226 luda,
981 2157 1047 2227 igne
1063 2155 1213 2210 bominico
1225 2162 1457 2212 concrementur.
1469 2158 1585 2229 Septem
1597 2157 1808 2229 autemm'tuli,

104 2249 275 2307 festivitates
289 2251 373 2302 tuas:
402 2243 489 2299 redde
513 2247 578 2297 stota
603 2246 653 2296 toa
679 2241 770 2312 (Num.
787 2260 806 2306 1,
824 2243 877 2314 lo).
895 2243 925 2298 Si
980 2250 1009 2300 et
1019 2248 1131 2317 septem
1142 2244 1247 2299 arietes
1259 2249 1338 2312 sunt,
1349 2246 1397 2317 qui
1409 2246 1631 2318 northgurantur
1645 2246 1807 2302 Dominicae

103 2356 171 2412 ergo
196 2335 353 2392 didicimus
385 2331 586 2389 solemnitates
617 2329 796 2401 spirituales,
823 2347 926 2386 conse·
979 2333 1118 2406 passioni,
1135 2337 1167 2387 ut
1182 2333 1335 2389 imitentur
1359 2351 1460 2389 vorum
1486 2335 1619 2404 vitulum,
1644 2339 1675 2391 et
1699 2351 1804 2391 verum

102 2418 925 2500 qnanterdocebimuretvictimasspiritualesdssamitur
978 2423 1109 2486 arietem,
1126 2420 1300 2492 sanguinem
1316 2427 1478 2495 martyrum
1494 2439 1546 2495 per
1556 2428 1668 2496 septem
1683 2422 1749 2479 dies
1760 2427 1803 2480 to·

102 2515 211 2572 vitulus
223 2516 411 2581 dearmcnto‚
424 2510 601 2577 sicciorem,
613 2514 645 2562 ut
659 2508 867 2579 interpretatus
881 2512 925 2565 est
977 2512 1038 2566 tius
1052 2509 1154 2565 mundi
1172 2513 1289 2580 peccata
1304 2515 1474 2584 purgentur.
1492 2512 1595 2567 Hirrus
1620 2528 1739 2583 quoque
1756 2528 1803 2568 ea·

103 2605 176 2662 571
200 2601 406 2676 Symmachus,
422 2597 496 2653 liber
510 2604 538 2652 et
553 2596 632 2652 nullo
646 2613 767 2668 pressus
775 2596 856 2667 jugo,
869 2596 923 2652 hoc
978 2617 1096 2671 prorum
1112 2600 1232 2654 otl'ertur
1247 2616 1297 2670 pro
1313 2604 1430 2671 peceato
1446 2600 1584 2672 quotidie,
1597 2605 1710 2673 septem
1727 2600 1804 2656 vide

101 2699 156 2765 est,
174 2708 261 2749 onere
273 2694 469 2763 peecatorum,
482 2693 511 2742 et
521 2686 728 2741 immaculatus
741 2702 746 2739 :
760 2685 810 2756 qui
821 2702 923 2757 pecca·
977 2688 1044 2744 licet
1059 2688 1172 2742 diebus.
1189 2688 1463 2760 attendendumque
1478 2689 1658 2760 diligentius,
1677 2689 1756 2761 quod
1771 2689 1802 2744 in

101 2791 164 2838 tum
180 2799 239 2837 non
260 2780 336 2846 tecit,
358 2794 409 2832 uec
426 2774 511 2830 dolus
522 2775 658 2830 inventas
671 2780 715 2829 est
731 2774 760 2828 in
781 2790 829 2828 ore
847 2774 921 2845 ejus,
976 2775 1119 2832 sacrificio
1130 2775 1196 2847 ephi
1215 2792 1267 2846 per
1282 2777 1416 2842 vitulum,
1432 2783 1460 2832 ct
1474 2777 1540 2849 ephi
1557 2793 1608 2848 per
1623 2776 1755 2847 arietem,
1772 2781 1802 2831 et

101 2869 213 2927 vitulus
225 2866 368 2936 novellus,
381 2881 490 2920 cornua
504 2865 637 2928 ell'erens,
649 2868 677 2917 et
687 2861 813 2933 ungulas
827 2878 833 2917 :
848 2867 880 2916 ut
891 2862 921 2917 in
976 2864 1032 2920 olei
1044 2865 1092 2919 hin
1105 2865 1267 2919 offeruntur
1278 2883 1340 2936 qne
1354 2865 1427 2938 Lege
1438 2870 1670 2938 praeceptasunt.
1680 2870 1710 2920 ln
1719 2863 1801 2920 obla·

101 2962 163 3031 ipso
182 2957 349 3025 mundetur,
366 2959 395 3009 et
410 2953 542 3025 expietur
557 2950 769 3007 sanctuarinm.
782 2951 816 3004 m
829 2949 920 3016 tollet,
975 2954 1054 3009 tione
1070 2957 1167 3008 autom
1183 2952 1267 3021 hirci,
1285 2970 1338 3009 nec
1362 2955 1440 3026 ephi,
1466 2972 1517 3010 nec
1541 2959 1585 3023 (ut
1607 2953 1803 3027 Septuaginta

99 3047 205 3121 inquit,
219 3045 356 3102 sacerdos
366 3042 402 3097 de
415 3041 558 3112 sanguine
570 3041 634 3110 ejus
645 3038 721 3110 quod
731 3038 845 3110 eritpro
857 3055 919 3109 pec·
975 3041 1200 3113 transtulerunt)
1213 3042 1303 3097 coctio
1320 3046 1448 3114 ponitur,
1465 3044 1514 3116 qui
1532 3061 1582 3116 pro
1597 3042 1665 3114 ephi
1691 3042 1802 3115 πέμμα,

100 3142 162 3192 cato
177 3134 329 3191 omnium:
348 3131 397 3203 qui
413 3130 479 3185 aliis
495 3127 590 3184 uerbis
606 3145 700 3200 agnus
716 3125 919 3199 appellatorio
936 3113 957 3179 C
976 3130 1030 3187 hoc
1046 3136 1100 3200 est,
1116 3132 1265 3186 certionem
1280 3131 1460 3204 interpretati
1485 3137 1563 3187 snut.
1587 3131 1640 3185 llin
1652 3147 1722 3187 voro
1739 3147 1803 3203 que

100 3226 207 3294 Exodo,
224 3228 251 3280 et
265 3223 294 3277 in
309 3219 475 3292 Evangelio,
500 3217 632 3290 Baptista
654 3219 763 3272 loanue
786 3216 918 3272 dicente:

100 3317 172 3371 Ecce
187 3321 288 3385 Agnus
302 3309 364 3376 Dei,
381 3307 432 3381 qui
448 3307 524 3363 tollit
538 3312 656 3378 peccata
674 3306 777 3360 mundi
793 3305 881 3376 (loon.
899 3323 919 3375 1,

99 3405 154 3476 29).
171 3401 296 3474 Sanguis
311 3406 409 3455 autem
425 3399 486 3469 ipse
501 3401 545 3451 est
564 3394 710 3467 pretiosus
725 3394 754 3448 iu
771 3411 828 3465 qno
844 3394 919 3448 redi-

100 3494 211 3549 mimur
226 3491 255 3546 in
272 3490 409 3562 passione
425 3485 540 3541 llornini
555 3482 731 3551 Salvatoris;
758 3483 843 3552 cujus
856 3499 920 3536 car-

100 3582 188 3637 nibus
204 3579 321 3647 alimur,
338 3581 365 3631 et
387 3591 490 3630 cruore
510 3579 664 3646 potamur,
687 3588 743 3642 quo
760 3577 921 3643 tanguntur

97 3674 207 3746 qnatar
232 3666 337 3741 anguli
359 3662 517 3736 crepidinis
533 3660 644 3727 altaris,
661 3661 738 3731 qnod
761 3659 920 3715 Theodotio

97 3762 196 3836 ipsum
206 3759 328 3814 verbnm
340 3755 514 3810 Hebraicum
527 3749 632 3824 posuit,
646 3766 735 3804 ansas
746 3750 851 3820 (ulit),
861 3749 920 3804 sive

96 3848 209 3921 templi,
222 3851 255 3902 ut
270 3845 339 3900 LXX
350 3842 585 3899 transtulerunt:
603 3845 635 3895 ut
655 3839 853 3895 sanctificetur
869 3839 919 3894 do·

96 3955 163 3994 mus
178 3942 207 3993 et
221 3935 324 3991 altare.
339 3933 479 3988 Universa
495 3929 573 3985 cuim
589 3929 691 3984 mnndi
707 3927 850 3983 elementa
865 3928 920 3983 hoo

97 4023 242 4094 sanguino
265 4021 507 4077 sanctificantur:
534 4022 566 4072 ut
598 4033 665 4072 eum
697 4017 764 4088 quis
786 4017 919 4087 expiatus

96 4112 184 4168 l'uerit
198 4114 285 4181 atque
301 4110 471 4173 mundatus,
486 4106 667 4179 ingrediatur
676 4112 790 4176 portam
802 4105 867 4159 atrii
878 4105 920 4158 in·

96 4199 223 4270 terioris,
247 4207 275 4253 et
300 4199 393 4270 possit
417 4196 532 4251 Domini
555 4211 662 4250 arcana
683 4208 867 4265 cognoscere,
891 4196 920 4247 et

95 4280 918 4362 consequenterveoireadseptimamdiemmonsisprimi,

975 3219 1028 3275 olei
1045 3225 1123 3274 certa
1140 3236 1279 3274 mensura
1293 3225 1346 3288 est,
1363 3220 1398 3275 de
1412 3237 1470 3291 qua
1494 3225 1560 3275 anto
1582 3219 1640 3291 jam
1658 3219 1802 3290 diximus,

975 3307 1174 3363 assumitnrin
1184 3308 1452 3364 sacrilieiovituliet
1460 3309 1571 3364 arietis:
1583 3312 1615 3364 ut
1624 3308 1791 3364 lomentum

974 3396 1096 3452 luminis
1111 3396 1292 3468 sempiterni,
1309 3402 1338 3452 et
1350 3399 1481 3468 requiem.
1497 3397 1616 3463 laboris,
1631 3400 1661 3453 et
1676 3395 1803 3453 lassitu-

974 3486 1052 3541 dinis
1066 3485 1231 3551 snnitatem,
1244 3491 1311 3557 post
1321 3485 1513 3557 placationem
1526 3491 1711 3558 peccatorum
1725 3485 1804 3542 acci·

974 3592 1041 3648 perc
1050 3573 1209 3647 possimus
1221 3575 1252 3628 ln
1263 3575 1388 3646 septimo
1399 3592 1515 3647 qnoque
1525 3591 1634 3646 mense,
1644 3573 1805 3647 quintade-

975 3665 1051 3720 eima
1066 3662 1176 3718 mensis
1187 3661 1243 3732 die,
1256 3663 1310 3718 hoc
1324 3668 1378 3730 est,
1396 3663 1645 3736 scenopegiarum,
1662 3663 1700 3734 (o)
1718 3662 1803 3719 idern

975 3751 1167 3809 oblationiset
1177 3751 1387 3807 sacrificiorum
1405 3754 1475 3808 ordo
1494 3753 1718 3818 servandusest,
1734 3754 1802 3805 tam

975 3839 1804 3916 propeccatoquamproholocausto,etinsacriflcio‚etin

975 3932 1038 3988 oleo
1051 3950 1057 4001 3
1069 3936 1101 3986 ut
1112 3929 1296 3987 festivitatem
1311 3929 1435 3997 bomini,
1446 3928 1691 4003 lugatistenebris
1701 3932 1804 3983 etorto

975 4020 1087 4076 lumine
1102 4019 1168 4086 olei,
1182 4036 1414 4090 consequamur:
1428 4018 1624 4089 clarioresque
1635 4017 1804 4072 habeamus

975 4109 1184 4172 solemnitates,
1201 4108 1230 4162 in
1247 4108 1355 4179 quibus
1369 4108 1469 4162 omnia
1495 4111 1613 4178 peccata
1638 4105 1803 4160 donantur.

1010 4197 1090 4268 (Cap.
1107 4195 1201 4250 XLVl.
1216 4227 1248 4236 -
1266 4196 1371 4252 Versl
1389 4197 1494 4267 seqq).
1511 4197 1574 4252 llaec
1588 4193 1654 4248 dicit
1665 4194 1805 4248 Dominus

974 4287 1045 4340 Deua
1058 4284 1157 4338 :Porto
1167 4286 1238 4338 atrii
1248 4286 1389 4340 interioris
1399 4299 1461 4355 quae
1474 4284 1583 4355 respicit
1597 4281 1632 4338 nd
1647 4281 1802 4348 Orientem,

94 4386 123 4437 et
136 4378 277 4452 consequi
288 4373 602 4448 requiem‚etllomino
618 4373 720 4427 ollerre
740 4369 917 4425 sacrificium
974 4375 1026 4428 crit
1048 4367 1141 4427 cldnao
1162 4389 1210 4426 aex
1239 4372 1346 4439 diebus,
1377 4375 1406 4427 to
1431 4375 1529 4445 quibus
1548 4373 1676 4444 opoafit:
1708 4379 1804 4427 cotem

95 4476 156 4527 tam
168 4487 219 4542 pro
236 4465 411 4541 ignorantia,
426 4465 461 4518 dc
478 4480 535 4534 aqua
547 4462 635 4518 David
647 4459 778 4531 loquitur
789 4475 795 4513 :
808 4456 919 4513 Delicta
935 4486 956 4549 D
972 4461 1080 4517 salienti
1093 4463 1243 4533 aperietur,
1259 4461 1305 4516 sed
1320 4464 1345 4517 et
1360 4464 1390 4516 m
1400 4462 1444 4516 ,pe
1459 4461 1637 4517 parmarum
1647 4461 1802 4529 „pm-epm·

92 4558 256 4633 juventutis
273 4573 353 4623 meae,
370 4559 398 4609 et
414 4552 595 4625 ignorantias
610 4566 691 4606 urens
703 4565 738 4604 ne
749 4547 918 4603 memineris
971 4551 1004 4606 m
1019 4551 1137 4605 introbit
1149 4551 1278 4621 prirreepa
1290 4565 1342 4620 per
1357 4551 1432 4604 riam
1448 4550 1573 4605 vestibuli
1583 4553 1674 4621 portae
1685 4547 1802 4619 deforis,

96 4651 154 4721 (Pa.
170 4665 244 4716 xuv,
260 4648 299 4717 7),
315 4660 403 4717 quam
421 4659 472 4714 pro
496 4639 628 4713 parvulo,
644 4639 693 4711 qni
718 4654 784 4693 cnm
800 4637 836 4692 ad
852 4652 918 4708 per·
972 4648 997 4695 et
1010 4640 1091 4695 stabit
1107 4642 1136 4694 ie
1151 4641 1248 4694 limine
1261 4642 1364 4710 portae:
1385 4643 1410 4694 et
1435 4639 1538 4710 socient
1560 4637 1711 4693 atrcmdotea
1725 4637 1804 4692 holo-

96 4738 162 4795 lecti
183 4736 237 4794 viri
262 4749 429 4790 mensuram
456 4732 627 4804 pervenerit,
652 4730 782 4783 destruet
804 4743 838 4782 ea
853 4743 917 4798 quas
971 4728 1178 4799 consternetur,
1196 4736 1221 4783 et
1235 4729 1350 4800 pacifico
1363 4728 1432 4798 ejas,
1448 4733 1474 4783 et
1488 4727 1614 4783 adorabit
1622 4743 1707 4798 saper
1715 4727 1804 4781 tianen

96 4827 208 4899 parvuli
225 4830 305 4897 sunt,
322 4829 351 4879 et
365 4822 501 4893 loquetur
517 4819 715 4875 confidenter:
732 4816 807 4871 bum
823 4832 916 4872 essem
969 4827 1067 4890 portu,
1084 4825 1109 4872 et
1124 4816 1293 4887 egredietur:
1309 4822 1388 4888 porlo
1403 4822 1495 4871 nutem
1515 4833 1569 4871 raon
1593 4815 1741 4871 elucidetur
1754 4830 1804 4869 aas·

97 4915 248 4986 parvulus,
265 4913 349 4987 quasi
366 4908 504 4984 parvulus
517 4908 667 4980 loquebar,
684 4906 767 4977 quasi
778 4905 918 4978 parvulus

99 5003 248 5074 sapiebam
265 5006 301 5074 (tl
317 5002 378 5058 Cor.
398 5018 458 5068 xtra,
477 5000 530 5071 ll).
545 4998 609 5053 Sive
625 5011 675 5067 pro
695 5012 728 5050 eo
751 4996 801 5066 qui
823 5011 918 5052 erroro

97 5095 236 5165 deceptus
251 5097 305 5154 est,
323 5097 352 5147 et
366 5096 496 5146 nontam
507 5088 666 5153 voluntate,
679 5103 766 5158 quam
779 5086 845 5142 boni
859 5086 918 5159 opi·

98 5182 185 5237 aione
193 5179 332 5252 peccavit.
344 5179 503 5252 Completis
515 5183 612 5234 autem
623 5175 738 5231 duabus
751 5175 918 5231 solemnita-

99 5272 179 5328 tibus
194 5266 282 5342 primi
294 5268 415 5339 niensis,
426 5269 480 5324 hoe
491 5273 545 5336 est,
557 5266 657 5340 primae
668 5265 735 5336 dici,
749 5269 778 5319 et
788 5264 917 5335 septime

96 5354 685 5434 ejus,veniladquartumdecimumdiem
694 5351 918 5425 moesiamque

972 4924 1023 4980 quc
1037 4907 1072 4962 ort
1084 4922 1233 4975 vesperum.
1250 4907 1282 4961 Et
1296 4907 1421 4962 (iderabit
1432 4906 1548 4977 populus
1559 4909 1642 4960 terra
1652 4903 1688 4959 od
1698 4904 1803 4959 ostiam

969 4999 1058 5069 portae
1072 4998 1149 5051 iltius
1164 4997 1193 5049 to
1206 4996 1337 5063 schlatta,
1355 5004 1380 5050 et
1394 4997 1422 5050 iu
1447 4994 1574 5050 latomiis
1597 5009 1691 5048 coram
1707 4993 1801 5048 Domi·

971 5103 1017 5141 oo.
1034 5086 1228 5142 holocaustum
1243 5091 1340 5140 aetem
1354 5085 1405 5138 lanc
1428 5085 1521 5156 offeret
1540 5084 1668 5155 princeps
1683 5082 1801 5137 Domino

972 5178 1002 5231 iu
1017 5176 1061 5232 die
1078 5175 1204 5242 sobboli3
1229 5190 1279 5229 see
1300 5189 1384 5241 ergnos
1407 5173 1606 5236 irremuoalalos,
1631 5173 1656 5225 ct
1681 5170 1803 5224 caedem

973 5266 1049 5321 57³
1066 5263 1284 5332 iraruoealntaoa,
1301 5265 1325 5316 et
1340 5262 1507 5332 sucrificium
1521 5259 1584 5331 ephi
1598 5275 1648 5330 per
1661 5259 1803 5314 arietem:

972 5356 1052 5424 operis
1067 5351 1165 5426 [Vulg.
1181 5354 1212 5408 in
1225 5349 1316 5421 agnis]
1331 5351 1596 5422 cutemancritieium
1611 5345 1685 5420 quod
1696 5344 1806 5403 dederit

122 5557 129 5571 ἱ

132 5596 172 5678 (a)
187 5594 233 5654 Sic
248 5599 314 5672 post
328 5591 491 5653 Victoriam
505 5593 698 5653 emendamus
714 5609 722 5651 ι
739 5606 892 5668 perperam
906 5606 974 5649 cum
988 5591 1110 5650 Erasmo
1125 5588 1259 5649 Martiae.
1272 5587 1394 5647 retinuit
1406 5588 1435 5647 ta
1450 5597 1499 5647 eat.
