<?xml version="1.0" encoding="UTF-8"?>
<!DOCTYPE html PUBLIC "-//W3C//DTD XHTML 1.0 Transitional//EN"
    "http://www.w3.org/TR/xhtml1/DTD/xhtml1-transitional.dtd">
<html xmlns="http://www.w3.org/1999/xhtml" xml:lang="en" lang="en">
 <head>
  <title>
</title>
<meta http-equiv="Content-Type" content="text/html;charset=utf-8" />
  <meta name='ocr-system' content='tesseract 3.04.00' />
  <meta name='ocr-capabilities' content='ocr_page ocr_carea ocr_par ocr_line ocrx_word'/>
</head>
<body>
  <div class='ocr_page' id='page_1' title='image "./patrologiaecurs07goog_0619.png"; bbox 0 0 3818 6104; ppageno 0'>
   <div class='ocr_carea' id='block_1_1' title="bbox 110 294 1814 379">
    <p class='ocr_par' dir='ltr' id='par_1_1' title="bbox 110 294 1814 379">
     <span class='ocr_line' id='line_1_1' title="bbox 110 294 1814 379; baseline 0.005 -13"><span class='ocrx_word' id='word_1_1' title='bbox 110 303 191 366; x_wconf 81' lang='lat' dir='ltr'><strong>reas</strong></span> <span class='ocrx_word' id='word_1_2' title='bbox 458 306 833 375; x_wconf 79' lang='lat' dir='ltr'><strong>conunnramonnu</strong></span> <span class='ocrx_word' id='word_1_3' title='bbox 854 309 894 373; x_wconf 89' lang='lat' dir='ltr'><strong>m</strong></span> <span class='ocrx_word' id='word_1_4' title='bbox 917 306 1112 376; x_wconf 79' lang='lat' dir='ltr'><strong>nrcsnnn</strong></span> <span class='ocrx_word' id='word_1_5' title='bbox 1133 308 1207 376; x_wconf 82' lang='lat' dir='ltr'><strong>mn</strong></span> <span class='ocrx_word' id='word_1_6' title='bbox 1231 315 1271 379; x_wconf 88' lang='lat' dir='ltr'><strong>n.</strong></span> <span class='ocrx_word' id='word_1_7' title='bbox 1294 315 1380 378; x_wconf 81' lang='lat' dir='ltr'><strong>aar.</strong></span> <span class='ocrx_word' id='word_1_8' title='bbox 1401 311 1468 376; x_wconf 84' lang='lat' dir='ltr'><strong>m.</strong></span> <span class='ocrx_word' id='word_1_9' title='bbox 1720 294 1814 374; x_wconf 77' lang='lat' dir='ltr'><strong>&#39;rata</strong></span> 
     </span>
    </p>
   </div>
   <div class='ocr_carea' id='block_1_2' title="bbox 62 435 1816 4423">
    <p class='ocr_par' dir='ltr' id='par_1_2' title="bbox 102 435 1816 1873">
     <span class='ocr_line' id='line_1_2' title="bbox 108 435 1814 520; baseline 0.005 -30"><span class='ocrx_word' id='word_1_10' title='bbox 108 435 326 507; x_wconf 86' lang='lat' dir='ltr'><strong>obstupescent,</strong></span> <span class='ocrx_word' id='word_1_11' title='bbox 342 441 370 494; x_wconf 90' lang='lat' dir='ltr'><strong>et</strong></span> <span class='ocrx_word' id='word_1_12' title='bbox 380 439 617 510; x_wconf 88' lang='lat' dir='ltr'><strong>admirabuntur,</strong></span> <span class='ocrx_word' id='word_1_13' title='bbox 629 459 686 498; x_wconf 92' lang='lat' dir='ltr'><strong>non</strong></span> <span class='ocrx_word' id='word_1_14' title='bbox 696 443 726 498; x_wconf 92' lang='lat' dir='ltr'><strong>in</strong></span> <span class='ocrx_word' id='word_1_15' title='bbox 737 442 862 498; x_wconf 86' lang='lat' dir='ltr'><strong>Domino</strong></span> <span class='ocrx_word' id='word_1_16' title='bbox 873 440 932 497; x_wconf 86' lang='lat' dir='ltr'><strong>Deo</strong></span> <span class='ocrx_word' id='word_1_17' title='bbox 948 440 976 507; x_wconf 73' lang='lat' dir='ltr'>A</span> <span class='ocrx_word' id='word_1_18' title='bbox 990 446 1019 498; x_wconf 90' lang='lat' dir='ltr'><strong>et</strong></span> <span class='ocrx_word' id='word_1_19' title='bbox 1034 443 1137 515; x_wconf 81' lang='lat' dir='ltr'><strong>reliqui</strong></span> <span class='ocrx_word' id='word_1_20' title='bbox 1148 447 1185 501; x_wconf 91' lang='lat' dir='ltr'><strong>de</strong></span> <span class='ocrx_word' id='word_1_21' title='bbox 1193 447 1301 520; x_wconf 87' lang='lat' dir='ltr'><strong>populo</strong></span> <span class='ocrx_word' id='word_1_22' title='bbox 1311 449 1382 504; x_wconf 88' lang='lat' dir='ltr'><strong>sunt</strong></span> <span class='ocrx_word' id='word_1_23' title='bbox 1391 443 1496 512; x_wconf 89' lang='lat' dir='ltr'><strong>relicti,</strong></span> <span class='ocrx_word' id='word_1_24' title='bbox 1508 441 1679 515; x_wconf 77' lang='lat' dir='ltr'><strong>iniquitates</strong></span> <span class='ocrx_word' id='word_1_25' title='bbox 1689 458 1760 500; x_wconf 87' lang='lat' dir='ltr'><strong>suas</strong></span> <span class='ocrx_word' id='word_1_26' title='bbox 1770 441 1814 499; x_wconf 86' lang='lat' dir='ltr'><strong>ets</strong></span> 
     </span>
     <span class='ocr_line' id='line_1_3' title="bbox 109 523 1812 606; baseline 0.003 -26"><span class='ocrx_word' id='word_1_27' title='bbox 109 540 162 580; x_wconf 93' lang='lat' dir='ltr'><strong>suo</strong></span> <span class='ocrx_word' id='word_1_28' title='bbox 177 523 314 594; x_wconf 83' lang='lat' dir='ltr'><strong>(necdum</strong></span> <span class='ocrx_word' id='word_1_29' title='bbox 323 526 402 583; x_wconf 91' lang='lat' dir='ltr'><strong>enim</strong></span> <span class='ocrx_word' id='word_1_30' title='bbox 414 530 615 597; x_wconf 89' lang='lat' dir='ltr'><strong>merebuntur,</strong></span> <span class='ocrx_word' id='word_1_31' title='bbox 627 531 780 587; x_wconf 88' lang='lat' dir='ltr'><strong>utdicatur</strong></span> <span class='ocrx_word' id='word_1_32' title='bbox 790 530 933 586; x_wconf 85' lang='lat' dir='ltr'><strong>Dominus</strong></span> <span class='ocrx_word' id='word_1_33' title='bbox 988 531 1083 586; x_wconf 91' lang='lat' dir='ltr'><strong>noluit</strong></span> <span class='ocrx_word' id='word_1_34' title='bbox 1107 533 1263 606; x_wconf 87' lang='lat' dir='ltr'><strong>imputare,</strong></span> <span class='ocrx_word' id='word_1_35' title='bbox 1276 550 1329 590; x_wconf 89' lang='lat' dir='ltr'><strong>nec</strong></span> <span class='ocrx_word' id='word_1_36' title='bbox 1344 531 1662 603; x_wconf 89' lang='lat' dir='ltr'><strong>intestimoniumjusti</strong></span> <span class='ocrx_word' id='word_1_37' title='bbox 1674 528 1812 604; x_wconf 88' lang='lat' dir='ltr'><strong>supplicii</strong></span> 
     </span>
     <span class='ocr_line' id='line_1_4' title="bbox 108 613 1812 694; baseline 0.004 -26"><span class='ocrx_word' id='word_1_38' title='bbox 108 613 186 669; x_wconf 89' lang='lat' dir='ltr'><strong>Deus</strong></span> <span class='ocrx_word' id='word_1_39' title='bbox 202 617 325 686; x_wconf 88' lang='lat' dir='ltr'><strong>eorum),</strong></span> <span class='ocrx_word' id='word_1_40' title='bbox 342 617 392 672; x_wconf 89' lang='lat' dir='ltr'><strong>sed</strong></span> <span class='ocrx_word' id='word_1_41' title='bbox 409 617 440 673; x_wconf 93' lang='lat' dir='ltr'><strong>in</strong></span> <span class='ocrx_word' id='word_1_42' title='bbox 455 617 647 675; x_wconf 88' lang='lat' dir='ltr'><strong>DominaDeo</strong></span> <span class='ocrx_word' id='word_1_43' title='bbox 663 624 772 676; x_wconf 89' lang='lat' dir='ltr'><strong>nostra.</strong></span> <span class='ocrx_word' id='word_1_44' title='bbox 788 619 824 676; x_wconf 81' lang='lat' dir='ltr'><strong>llt</strong></span> <span class='ocrx_word' id='word_1_45' title='bbox 834 617 934 675; x_wconf 87' lang='lat' dir='ltr'><strong>subito</strong></span> <span class='ocrx_word' id='word_1_46' title='bbox 987 635 1088 676; x_wconf 90' lang='lat' dir='ltr'><strong>eorum</strong></span> <span class='ocrx_word' id='word_1_47' title='bbox 1100 620 1201 678; x_wconf 90' lang='lat' dir='ltr'><strong>intulit</strong></span> <span class='ocrx_word' id='word_1_48' title='bbox 1215 622 1289 678; x_wconf 87' lang='lat' dir='ltr'><strong>iram</strong></span> <span class='ocrx_word' id='word_1_49' title='bbox 1305 639 1403 689; x_wconf 83' lang='lat' dir='ltr'><strong>suam,</strong></span> <span class='ocrx_word' id='word_1_50' title='bbox 1414 620 1485 694; x_wconf 89' lang='lat' dir='ltr'><strong>quid</strong></span> <span class='ocrx_word' id='word_1_51' title='bbox 1503 620 1589 676; x_wconf 83' lang='lat' dir='ltr'><strong>saciet</strong></span> <span class='ocrx_word' id='word_1_52' title='bbox 1600 620 1635 675; x_wconf 92' lang='lat' dir='ltr'><strong>de</strong></span> <span class='ocrx_word' id='word_1_53' title='bbox 1649 635 1737 693; x_wconf 80' lang='lat' dir='ltr'><strong>grege</strong></span> <span class='ocrx_word' id='word_1_54' title='bbox 1746 634 1812 690; x_wconf 90' lang='lat' dir='ltr'><strong>suo,</strong></span> 
     </span>
     <span class='ocr_line' id='line_1_5' title="bbox 109 701 1816 782; baseline 0.004 -26"><span class='ocrx_word' id='word_1_55' title='bbox 109 702 142 757; x_wconf 89' lang='lat' dir='ltr'><strong>tlt</strong></span> <span class='ocrx_word' id='word_1_56' title='bbox 153 701 309 778; x_wconf 70' lang='grc' dir='ltr'>ἀποστροφὴ</span> <span class='ocrx_word' id='word_1_57' title='bbox 322 705 358 760; x_wconf 92' lang='lat' dir='ltr'><strong>ad</strong></span> <span class='ocrx_word' id='word_1_58' title='bbox 372 704 520 762; x_wconf 76' lang='lat' dir='ltr'><strong>Christum</strong></span> <span class='ocrx_word' id='word_1_59' title='bbox 532 707 697 780; x_wconf 74' lang='lat' dir='ltr'><strong>diciturque</strong></span> <span class='ocrx_word' id='word_1_60' title='bbox 708 709 839 764; x_wconf 91' lang='lat' dir='ltr'><strong>adeum:</strong></span> <span class='ocrx_word' id='word_1_61' title='bbox 858 709 932 764; x_wconf 84' lang='lat' dir='ltr'><strong>litti—</strong></span> <span class='ocrx_word' id='word_1_62' title='bbox 988 709 1037 781; x_wconf 91' lang='lat' dir='ltr'><strong>qui</strong></span> <span class='ocrx_word' id='word_1_63' title='bbox 1054 711 1184 782; x_wconf 85' lang='lat' dir='ltr'><strong>pascitur</strong></span> <span class='ocrx_word' id='word_1_64' title='bbox 1198 711 1228 767; x_wconf 92' lang='lat' dir='ltr'><strong>in</strong></span> <span class='ocrx_word' id='word_1_65' title='bbox 1243 710 1338 766; x_wconf 90' lang='lat' dir='ltr'><strong>medio</strong></span> <span class='ocrx_word' id='word_1_66' title='bbox 1354 709 1488 776; x_wconf 84' lang='lat' dir='ltr'><strong>Carmeli,</strong></span> <span class='ocrx_word' id='word_1_67' title='bbox 1504 713 1533 764; x_wconf 90' lang='lat' dir='ltr'><strong>et</strong></span> <span class='ocrx_word' id='word_1_68' title='bbox 1544 708 1573 764; x_wconf 92' lang='lat' dir='ltr'><strong>in</strong></span> <span class='ocrx_word' id='word_1_69' title='bbox 1590 706 1767 778; x_wconf 83' lang='lat' dir='ltr'><strong>Basanitide,</strong></span> <span class='ocrx_word' id='word_1_70' title='bbox 1785 709 1816 763; x_wconf 91' lang='lat' dir='ltr'><strong>et</strong></span> 
     </span>
     <span class='ocr_line' id='line_1_6' title="bbox 106 790 1815 868; baseline 0.002 -21"><span class='ocrx_word' id='word_1_71' title='bbox 106 790 221 848; x_wconf 84' lang='lat' dir='ltr'><strong>mebant</strong></span> <span class='ocrx_word' id='word_1_72' title='bbox 234 809 251 848; x_wconf 93' lang='lat' dir='ltr'><strong>a</strong></span> <span class='ocrx_word' id='word_1_73' title='bbox 266 801 300 848; x_wconf 92' lang='lat' dir='ltr'><strong>te.</strong></span> <span class='ocrx_word' id='word_1_74' title='bbox 317 794 499 867; x_wconf 88' lang='lat' dir='ltr'><strong>Principium</strong></span> <span class='ocrx_word' id='word_1_75' title='bbox 515 796 592 850; x_wconf 90' lang='lat' dir='ltr'><strong>enim</strong></span> <span class='ocrx_word' id='word_1_76' title='bbox 605 796 765 868; x_wconf 77' lang='lat' dir='ltr'><strong>sapientia,</strong></span> <span class='ocrx_word' id='word_1_77' title='bbox 778 796 866 852; x_wconf 90' lang='lat' dir='ltr'><strong>timor</strong></span> <span class='ocrx_word' id='word_1_78' title='bbox 876 796 932 852; x_wconf 89' lang='lat' dir='ltr'><strong>Do·</strong></span> <span class='ocrx_word' id='word_1_79' title='bbox 987 797 1016 853; x_wconf 91' lang='lat' dir='ltr'><strong>in</strong></span> <span class='ocrx_word' id='word_1_80' title='bbox 1032 797 1163 856; x_wconf 82' lang='lat' dir='ltr'><strong>Galaad?</strong></span> <span class='ocrx_word' id='word_1_81' title='bbox 1186 799 1294 856; x_wconf 86' lang='lat' dir='ltr'><strong>Volens</strong></span> <span class='ocrx_word' id='word_1_82' title='bbox 1309 799 1388 856; x_wconf 91' lang='lat' dir='ltr'><strong>enim</strong></span> <span class='ocrx_word' id='word_1_83' title='bbox 1411 797 1642 854; x_wconf 88' lang='lat' dir='ltr'><strong>misericordiam</strong></span> <span class='ocrx_word' id='word_1_84' title='bbox 1657 799 1711 864; x_wconf 89' lang='lat' dir='ltr'><strong>est,</strong></span> <span class='ocrx_word' id='word_1_85' title='bbox 1727 799 1756 852; x_wconf 93' lang='lat' dir='ltr'><strong>et</strong></span> <span class='ocrx_word' id='word_1_86' title='bbox 1771 810 1815 851; x_wconf 90' lang='lat' dir='ltr'><strong>re-</strong></span> 
     </span>
     <span class='ocr_line' id='line_1_7' title="bbox 107 881 1811 960; baseline 0.003 -26"><span class='ocrx_word' id='word_1_87' title='bbox 107 881 181 936; x_wconf 91' lang='lat' dir='ltr'><strong>mini</strong></span> <span class='ocrx_word' id='word_1_88' title='bbox 196 881 287 953; x_wconf 84' lang='lat' dir='ltr'><strong>(Pron.</strong></span> <span class='ocrx_word' id='word_1_89' title='bbox 303 884 365 956; x_wconf 88' lang='lat' dir='ltr'><strong>vn).</strong></span> <span class='ocrx_word' id='word_1_90' title='bbox 382 884 417 938; x_wconf 82' lang='lat' dir='ltr'><strong>llt</strong></span> <span class='ocrx_word' id='word_1_91' title='bbox 430 883 491 939; x_wconf 79' lang='lat' dir='ltr'><strong>bac</strong></span> <span class='ocrx_word' id='word_1_92' title='bbox 506 885 587 953; x_wconf 90' lang='lat' dir='ltr'><strong>tient,</strong></span> <span class='ocrx_word' id='word_1_93' title='bbox 604 890 638 942; x_wconf 88' lang='lat' dir='ltr'><strong>ut</strong></span> <span class='ocrx_word' id='word_1_94' title='bbox 648 886 765 941; x_wconf 88' lang='lat' dir='ltr'><strong>videant</strong></span> <span class='ocrx_word' id='word_1_95' title='bbox 780 890 892 958; x_wconf 80' lang='lat' dir='ltr'>gentes,</span> <span class='ocrx_word' id='word_1_96' title='bbox 905 888 934 941; x_wconf 88' lang='lat' dir='ltr'><strong>et</strong></span> <span class='ocrx_word' id='word_1_97' title='bbox 986 892 1101 944; x_wconf 89' lang='lat' dir='ltr'><strong>vertens</strong></span> <span class='ocrx_word' id='word_1_98' title='bbox 1114 889 1301 945; x_wconf 87' lang='lat' dir='ltr'><strong>miserebitur</strong></span> <span class='ocrx_word' id='word_1_99' title='bbox 1309 888 1413 958; x_wconf 87' lang='lat' dir='ltr'><strong>nostri,</strong></span> <span class='ocrx_word' id='word_1_100' title='bbox 1425 892 1453 943; x_wconf 88' lang='lat' dir='ltr'><strong>et</strong></span> <span class='ocrx_word' id='word_1_101' title='bbox 1464 887 1563 960; x_wconf 86' lang='lat' dir='ltr'><strong>gravia</strong></span> <span class='ocrx_word' id='word_1_102' title='bbox 1572 890 1691 959; x_wconf 88' lang='lat' dir='ltr'><strong>peccata</strong></span> <span class='ocrx_word' id='word_1_103' title='bbox 1701 887 1811 952; x_wconf 89' lang='lat' dir='ltr'><strong>nostra,</strong></span> 
     </span>
     <span class='ocr_line' id='line_1_8' title="bbox 106 969 1812 1049; baseline 0.002 -25"><span class='ocrx_word' id='word_1_104' title='bbox 106 969 325 1026; x_wconf 82' lang='lat' dir='ltr'><strong>contundantur</strong></span> <span class='ocrx_word' id='word_1_105' title='bbox 338 972 368 1027; x_wconf 90' lang='lat' dir='ltr'><strong>in</strong></span> <span class='ocrx_word' id='word_1_106' title='bbox 384 973 464 1029; x_wconf 92' lang='lat' dir='ltr'><strong>omni</strong></span> <span class='ocrx_word' id='word_1_107' title='bbox 477 972 555 1028; x_wconf 88' lang='lat' dir='ltr'><strong>mala</strong></span> <span class='ocrx_word' id='word_1_108' title='bbox 569 973 738 1030; x_wconf 87' lang='lat' dir='ltr'><strong>tortitudine</strong></span> <span class='ocrx_word' id='word_1_109' title='bbox 748 990 822 1042; x_wconf 88' lang='lat' dir='ltr'><strong>sua;</strong></span> <span class='ocrx_word' id='word_1_110' title='bbox 838 977 867 1030; x_wconf 93' lang='lat' dir='ltr'><strong>et</strong></span> <span class='ocrx_word' id='word_1_111' title='bbox 880 989 932 1046; x_wconf 93' lang='lat' dir='ltr'><strong>po·</strong></span> <span class='ocrx_word' id='word_1_112' title='bbox 986 980 1014 1033; x_wconf 93' lang='lat' dir='ltr'><strong>et</strong></span> <span class='ocrx_word' id='word_1_113' title='bbox 1028 975 1275 1049; x_wconf 74' lang='lat' dir='ltr'><strong>iniquitatesque</strong></span> <span class='ocrx_word' id='word_1_114' title='bbox 1291 977 1395 1032; x_wconf 88' lang='lat' dir='ltr'><strong>sedent</strong></span> <span class='ocrx_word' id='word_1_115' title='bbox 1418 992 1507 1048; x_wconf 91' lang='lat' dir='ltr'><strong>super</strong></span> <span class='ocrx_word' id='word_1_116' title='bbox 1519 974 1662 1031; x_wconf 76' lang='lat' dir='ltr'><strong>talentum</strong></span> <span class='ocrx_word' id='word_1_117' title='bbox 1685 972 1812 1045; x_wconf 83' lang='lat' dir='ltr'><strong>plumbi,</strong></span> 
     </span>
     <span class='ocr_line' id='line_1_9' title="bbox 106 1063 1811 1137; baseline 0.003 -24"><span class='ocrx_word' id='word_1_118' title='bbox 106 1063 180 1114; x_wconf 89' lang='lat' dir='ltr'><strong>nant</strong></span> <span class='ocrx_word' id='word_1_119' title='bbox 190 1076 295 1118; x_wconf 88' lang='lat' dir='ltr'><strong>manus</strong></span> <span class='ocrx_word' id='word_1_120' title='bbox 306 1063 931 1133; x_wconf 81' lang='lat' dir='ltr'><strong>superassuum‚cicuribusobsurdescant,</strong></span> <span class='ocrx_word' id='word_1_121' title='bbox 986 1065 1048 1137; x_wconf 90' lang='lat' dir='ltr'><strong>ipse</strong></span> <span class='ocrx_word' id='word_1_122' title='bbox 1063 1065 1203 1137; x_wconf 87' lang='lat' dir='ltr'><strong>portabit,</strong></span> <span class='ocrx_word' id='word_1_123' title='bbox 1219 1069 1248 1121; x_wconf 89' lang='lat' dir='ltr'><strong>et</strong></span> <span class='ocrx_word' id='word_1_124' title='bbox 1263 1066 1414 1136; x_wconf 81' lang='lat' dir='ltr'><strong>demerget</strong></span> <span class='ocrx_word' id='word_1_125' title='bbox 1434 1063 1464 1118; x_wconf 92' lang='lat' dir='ltr'><strong>in</strong></span> <span class='ocrx_word' id='word_1_126' title='bbox 1480 1079 1571 1130; x_wconf 88' lang='lat' dir='ltr'><strong>mare,</strong></span> <span class='ocrx_word' id='word_1_127' title='bbox 1594 1067 1623 1119; x_wconf 93' lang='lat' dir='ltr'><strong>et</strong></span> <span class='ocrx_word' id='word_1_128' title='bbox 1635 1078 1737 1132; x_wconf 92' lang='lat' dir='ltr'><strong>parere</strong></span> <span class='ocrx_word' id='word_1_129' title='bbox 1752 1077 1811 1118; x_wconf 92' lang='lat' dir='ltr'><strong>non</strong></span> 
     </span>
     <span class='ocr_line' id='line_1_10' title="bbox 106 1147 1811 1227; baseline 0.002 -24"><span class='ocrx_word' id='word_1_130' title='bbox 106 1153 135 1205; x_wconf 93' lang='lat' dir='ltr'><strong>et</strong></span> <span class='ocrx_word' id='word_1_131' title='bbox 150 1147 264 1222; x_wconf 80' lang='lat' dir='ltr'><strong>lingant</strong></span> <span class='ocrx_word' id='word_1_132' title='bbox 278 1150 470 1208; x_wconf 83' lang='lat' dir='ltr'><strong>terramvelut</strong></span> <span class='ocrx_word' id='word_1_133' title='bbox 484 1159 643 1223; x_wconf 83' lang='lat' dir='ltr'><strong>serpentes,</strong></span> <span class='ocrx_word' id='word_1_134' title='bbox 656 1151 732 1209; x_wconf 69' lang='grc' dir='ltr'><em>Μ</em></span> <span class='ocrx_word' id='word_1_135' title='bbox 747 1152 798 1224; x_wconf 91' lang='lat' dir='ltr'><strong>qui</strong></span> <span class='ocrx_word' id='word_1_136' title='bbox 809 1151 931 1209; x_wconf 86' lang='lat' dir='ltr'><strong>trabunt</strong></span> <span class='ocrx_word' id='word_1_137' title='bbox 985 1153 1071 1211; x_wconf 86' lang='lat' dir='ltr'><strong>taciet</strong></span> <span class='ocrx_word' id='word_1_138' title='bbox 1084 1153 1176 1226; x_wconf 81' lang='lat' dir='ltr'><strong>(Zacn.</strong></span> <span class='ocrx_word' id='word_1_139' title='bbox 1192 1155 1231 1227; x_wconf 86' lang='lat' dir='ltr'><strong>v).</strong></span> <span class='ocrx_word' id='word_1_140' title='bbox 1257 1154 1343 1211; x_wconf 86' lang='lat' dir='ltr'><strong>[tabit</strong></span> <span class='ocrx_word' id='word_1_141' title='bbox 1355 1152 1510 1210; x_wconf 86' lang='lat' dir='ltr'><strong>veritatem</strong></span> <span class='ocrx_word' id='word_1_142' title='bbox 1529 1151 1629 1219; x_wconf 87' lang='lat' dir='ltr'><strong>Jacob,</strong></span> <span class='ocrx_word' id='word_1_143' title='bbox 1646 1156 1675 1207; x_wconf 90' lang='lat' dir='ltr'><strong>et</strong></span> <span class='ocrx_word' id='word_1_144' title='bbox 1697 1149 1811 1207; x_wconf 87' lang='lat' dir='ltr'><strong>miseri·</strong></span> 
     </span>
     <span class='ocr_line' id='line_1_11' title="bbox 106 1235 1811 1315; baseline 0.002 -24"><span class='ocrx_word' id='word_1_145' title='bbox 106 1235 241 1308; x_wconf 89' lang='lat' dir='ltr'><strong>humum,</strong></span> <span class='ocrx_word' id='word_1_146' title='bbox 258 1242 290 1294; x_wconf 89' lang='lat' dir='ltr'><strong>ut</strong></span> <span class='ocrx_word' id='word_1_147' title='bbox 298 1238 656 1311; x_wconf 89' lang='lat' dir='ltr'><strong>primumcancludantur,</strong></span> <span class='ocrx_word' id='word_1_148' title='bbox 667 1240 858 1313; x_wconf 89' lang='lat' dir='ltr'><strong>conclusique</strong></span> <span class='ocrx_word' id='word_1_149' title='bbox 867 1244 929 1297; x_wconf 88' lang='lat' dir='ltr'><strong>tur·</strong></span> <span class='ocrx_word' id='word_1_150' title='bbox 983 1243 1114 1300; x_wconf 84' lang='lat' dir='ltr'><strong>cordiam</strong></span> <span class='ocrx_word' id='word_1_151' title='bbox 1128 1243 1294 1300; x_wconf 76' lang='lat' dir='ltr'><strong>Abrabam:</strong></span> <span class='ocrx_word' id='word_1_152' title='bbox 1311 1248 1345 1298; x_wconf 89' lang='lat' dir='ltr'><strong>ut</strong></span> <span class='ocrx_word' id='word_1_153' title='bbox 1359 1240 1573 1315; x_wconf 76' lang='lat' dir='ltr'><strong>supplantatori</strong></span> <span class='ocrx_word' id='word_1_154' title='bbox 1595 1238 1704 1312; x_wconf 91' lang='lat' dir='ltr'><strong>populo</strong></span> <span class='ocrx_word' id='word_1_155' title='bbox 1719 1242 1811 1294; x_wconf 91' lang='lat' dir='ltr'><strong>etna·</strong></span> 
     </span>
     <span class='ocr_line' id='line_1_12' title="bbox 105 1325 1810 1406; baseline 0.001 -25"><span class='ocrx_word' id='word_1_156' title='bbox 105 1325 928 1400; x_wconf 81' lang='lat' dir='ltr'><strong>bantur,indeterritiobstupescantadDominumlleum</strong></span> <span class='ocrx_word' id='word_1_157' title='bbox 983 1330 1068 1400; x_wconf 87' lang='lat' dir='ltr'><strong>vello,</strong></span> <span class='ocrx_word' id='word_1_158' title='bbox 1084 1334 1113 1388; x_wconf 90' lang='lat' dir='ltr'><strong>et</strong></span> <span class='ocrx_word' id='word_1_159' title='bbox 1139 1347 1255 1406; x_wconf 88' lang='lat' dir='ltr'><strong>semper</strong></span> <span class='ocrx_word' id='word_1_160' title='bbox 1278 1331 1307 1387; x_wconf 92' lang='lat' dir='ltr'><strong>in</strong></span> <span class='ocrx_word' id='word_1_161' title='bbox 1324 1330 1402 1387; x_wconf 90' lang='lat' dir='ltr'><strong>lucta</strong></span> <span class='ocrx_word' id='word_1_162' title='bbox 1425 1330 1499 1387; x_wconf 70' lang='lat'><strong>³⁸1</strong></span> <span class='ocrx_word' id='word_1_163' title='bbox 1518 1328 1623 1401; x_wconf 87' lang='lat' dir='ltr'><strong>posito,</strong></span> <span class='ocrx_word' id='word_1_164' title='bbox 1652 1327 1755 1384; x_wconf 88' lang='lat' dir='ltr'><strong>reddat</strong></span> <span class='ocrx_word' id='word_1_165' title='bbox 1778 1326 1810 1383; x_wconf 91' lang='lat' dir='ltr'><strong>in</strong></span> 
     </span>
     <span class='ocr_line' id='line_1_13' title="bbox 105 1414 1810 1491; baseline 0.001 -21"><span class='ocrx_word' id='word_1_166' title='bbox 105 1419 285 1483; x_wconf 87' lang='lat' dir='ltr'><strong>sanctorum,</strong></span> <span class='ocrx_word' id='word_1_167' title='bbox 310 1421 338 1472; x_wconf 91' lang='lat' dir='ltr'><strong>et</strong></span> <span class='ocrx_word' id='word_1_168' title='bbox 354 1417 389 1472; x_wconf 91' lang='lat' dir='ltr'><strong>ad</strong></span> <span class='ocrx_word' id='word_1_169' title='bbox 415 1421 577 1473; x_wconf 75' lang='lat' dir='ltr'><strong>extremum</strong></span> <span class='ocrx_word' id='word_1_170' title='bbox 593 1418 649 1490; x_wconf 89' lang='lat' dir='ltr'><strong>ipsi</strong></span> <span class='ocrx_word' id='word_1_171' title='bbox 676 1433 793 1491; x_wconf 91' lang='lat' dir='ltr'><strong>qunque</strong></span> <span class='ocrx_word' id='word_1_172' title='bbox 806 1418 931 1475; x_wconf 81' lang='lat' dir='ltr'><strong>timeant</strong></span> <span class='ocrx_word' id='word_1_173' title='bbox 982 1418 1096 1476; x_wconf 83' lang='lat' dir='ltr'><strong>Christo</strong></span> <span class='ocrx_word' id='word_1_174' title='bbox 1111 1420 1165 1491; x_wconf 78' lang='lat' dir='ltr'><strong>[tt.</strong></span> <span class='ocrx_word' id='word_1_175' title='bbox 1182 1419 1328 1490; x_wconf 85' lang='lat' dir='ltr'><strong>Christus]</strong></span> <span class='ocrx_word' id='word_1_176' title='bbox 1349 1419 1503 1475; x_wconf 87' lang='lat' dir='ltr'><strong>veritatem</strong></span> <span class='ocrx_word' id='word_1_177' title='bbox 1518 1433 1615 1483; x_wconf 89' lang='lat' dir='ltr'><strong>suam,</strong></span> <span class='ocrx_word' id='word_1_178' title='bbox 1631 1420 1660 1472; x_wconf 89' lang='lat' dir='ltr'><strong>et</strong></span> <span class='ocrx_word' id='word_1_179' title='bbox 1675 1414 1810 1472; x_wconf 89' lang='lat' dir='ltr'><strong>multitu-</strong></span> 
     </span>
     <span class='ocr_line' id='line_1_14' title="bbox 104 1501 1810 1583; baseline 0.002 -26"><span class='ocrx_word' id='word_1_180' title='bbox 104 1501 199 1558; x_wconf 92' lang='lat' dir='ltr'><strong>illum.</strong></span> <span class='ocrx_word' id='word_1_181' title='bbox 216 1507 274 1560; x_wconf 84' lang='lat' dir='ltr'><strong>Hoc</strong></span> <span class='ocrx_word' id='word_1_182' title='bbox 293 1504 379 1577; x_wconf 83' lang='lat' dir='ltr'><strong>juxte</strong></span> <span class='ocrx_word' id='word_1_183' title='bbox 394 1505 471 1561; x_wconf 84' lang='lat' dir='ltr'>LXX.</span> <span class='ocrx_word' id='word_1_184' title='bbox 491 1506 579 1562; x_wconf 90' lang='lat' dir='ltr'><strong>Porro</strong></span> <span class='ocrx_word' id='word_1_185' title='bbox 591 1506 662 1578; x_wconf 88' lang='lat' dir='ltr'><strong>quia</strong></span> <span class='ocrx_word' id='word_1_186' title='bbox 676 1524 735 1563; x_wconf 91' lang='lat' dir='ltr'><strong>non</strong></span> <span class='ocrx_word' id='word_1_187' title='bbox 750 1508 877 1562; x_wconf 89' lang='lat' dir='ltr'><strong>multum</strong></span> <span class='ocrx_word' id='word_1_188' title='bbox 891 1507 928 1563; x_wconf 89' lang='lat' dir='ltr'><strong>ab</strong></span> <span class='ocrx_word' id='word_1_189' title='bbox 983 1509 1045 1565; x_wconf 91' lang='lat' dir='ltr'><strong>dini</strong></span> <span class='ocrx_word' id='word_1_190' title='bbox 1060 1509 1191 1583; x_wconf 82' lang='lat' dir='ltr'><strong>gentium</strong></span> <span class='ocrx_word' id='word_1_191' title='bbox 1207 1509 1356 1580; x_wconf 82' lang='lat' dir='ltr'><strong>(Abrabam</strong></span> <span class='ocrx_word' id='word_1_192' title='bbox 1370 1508 1480 1580; x_wconf 89' lang='lat' dir='ltr'><strong>quippe</strong></span> <span class='ocrx_word' id='word_1_193' title='bbox 1490 1510 1612 1562; x_wconf 88' lang='lat' dir='ltr'><strong>vocatur</strong></span> <span class='ocrx_word' id='word_1_194' title='bbox 1620 1504 1810 1577; x_wconf 84' lang='lat' dir='ltr'><strong>patermutiu-</strong></span> 
     </span>
     <span class='ocr_line' id='line_1_15' title="bbox 104 1591 1812 1668; baseline 0.001 -22"><span class='ocrx_word' id='word_1_195' title='bbox 104 1591 157 1658; x_wconf 88' lang='lat' dir='ltr'><strong>eis,</strong></span> <span class='ocrx_word' id='word_1_196' title='bbox 173 1592 505 1664; x_wconf 78' lang='lat' dir='ltr'><strong>inpresentidumtaxat</strong></span> <span class='ocrx_word' id='word_1_197' title='bbox 519 1595 593 1662; x_wconf 92' lang='lat' dir='ltr'><strong>laoo,</strong></span> <span class='ocrx_word' id='word_1_198' title='bbox 603 1601 704 1652; x_wconf 87' lang='lat' dir='ltr'><strong>nostra</strong></span> <span class='ocrx_word' id='word_1_199' title='bbox 714 1596 862 1653; x_wconf 88' lang='lat' dir='ltr'><strong>discordat</strong></span> <span class='ocrx_word' id='word_1_200' title='bbox 872 1595 931 1652; x_wconf 90' lang='lat' dir='ltr'><strong>edi·</strong></span> <span class='ocrx_word' id='word_1_201' title='bbox 984 1598 1194 1668; x_wconf 78' lang='lat' dir='ltr'><strong>rumpentium)</strong></span> <span class='ocrx_word' id='word_1_202' title='bbox 1208 1597 1321 1653; x_wconf 89' lang='lat' dir='ltr'><strong>tribuat</strong></span> <span class='ocrx_word' id='word_1_203' title='bbox 1342 1595 1586 1665; x_wconf 90' lang='lat' dir='ltr'><strong>misericordiam,</strong></span> <span class='ocrx_word' id='word_1_204' title='bbox 1612 1595 1689 1649; x_wconf 89' lang='lat' dir='ltr'><strong>siout</strong></span> <span class='ocrx_word' id='word_1_205' title='bbox 1700 1591 1812 1666; x_wconf 81' lang='lat' dir='ltr'><strong>juravit</strong></span> 
     </span>
     <span class='ocr_line' id='line_1_16' title="bbox 104 1680 1810 1759; baseline 0.001 -22"><span class='ocrx_word' id='word_1_206' title='bbox 104 1680 154 1749; x_wconf 93' lang='lat' dir='ltr'><strong>tio,</strong></span> <span class='ocrx_word' id='word_1_207' title='bbox 170 1682 247 1753; x_wconf 91' lang='lat' dir='ltr'><strong>quod</strong></span> <span class='ocrx_word' id='word_1_208' title='bbox 269 1681 299 1737; x_wconf 96' lang='lat' dir='ltr'><strong>in</strong></span> <span class='ocrx_word' id='word_1_209' title='bbox 315 1682 373 1738; x_wconf 92' lang='lat' dir='ltr'><strong>illis</strong></span> <span class='ocrx_word' id='word_1_210' title='bbox 389 1684 501 1740; x_wconf 87' lang='lat' dir='ltr'><strong>dictum</strong></span> <span class='ocrx_word' id='word_1_211' title='bbox 517 1689 572 1753; x_wconf 87' lang='lat' dir='ltr'><strong>est,</strong></span> <span class='ocrx_word' id='word_1_212' title='bbox 589 1685 677 1740; x_wconf 89' lang='lat' dir='ltr'><strong>etiam</strong></span> <span class='ocrx_word' id='word_1_213' title='bbox 701 1685 731 1741; x_wconf 92' lang='lat' dir='ltr'><strong>in</strong></span> <span class='ocrx_word' id='word_1_214' title='bbox 746 1683 929 1742; x_wconf 85' lang='lat' dir='ltr'><strong>hecdicium</strong></span> <span class='ocrx_word' id='word_1_215' title='bbox 983 1687 1036 1754; x_wconf 91' lang='lat' dir='ltr'><strong>eis,</strong></span> <span class='ocrx_word' id='word_1_216' title='bbox 1053 1687 1104 1759; x_wconf 93' lang='lat' dir='ltr'><strong>qui</strong></span> <span class='ocrx_word' id='word_1_217' title='bbox 1118 1691 1216 1759; x_wconf 89' lang='lat' dir='ltr'><strong>patres</strong></span> <span class='ocrx_word' id='word_1_218' title='bbox 1239 1685 1414 1743; x_wconf 83' lang='lat' dir='ltr'><strong>exstiterunt</strong></span> <span class='ocrx_word' id='word_1_219' title='bbox 1427 1683 1496 1741; x_wconf 88' lang='lat' dir='ltr'><strong>fidei</strong></span> <span class='ocrx_word' id='word_1_220' title='bbox 1517 1687 1626 1740; x_wconf 78' lang='lat' dir='ltr'><strong>nostrae</strong></span> <span class='ocrx_word' id='word_1_221' title='bbox 1646 1682 1810 1738; x_wconf 88' lang='lat' dir='ltr'><strong>secundum</strong></span> 
     </span>
     <span class='ocr_line' id='line_1_17' title="bbox 102 1768 1812 1873; baseline 0.001 -49"><span class='ocrx_word' id='word_1_222' title='bbox 102 1768 319 1825; x_wconf 83' lang='lat' dir='ltr'><strong>existimemus.</strong></span> <span class='ocrx_word' id='word_1_223' title='bbox 943 1807 967 1873; x_wconf 78' lang='grc' dir='ltr'><strong>Β</strong></span> <span class='ocrx_word' id='word_1_224' title='bbox 983 1776 1047 1832; x_wconf 90' lang='lat' dir='ltr'><strong>dics</strong></span> <span class='ocrx_word' id='word_1_225' title='bbox 1062 1776 1198 1847; x_wconf 87' lang='lat' dir='ltr'><strong>antiquos</strong></span> <span class='ocrx_word' id='word_1_226' title='bbox 1213 1793 1219 1830; x_wconf 92' lang='lat'><strong>:</strong></span> <span class='ocrx_word' id='word_1_227' title='bbox 1232 1775 1307 1846; x_wconf 90' lang='lat' dir='ltr'><strong>quod</strong></span> <span class='ocrx_word' id='word_1_228' title='bbox 1324 1775 1359 1831; x_wconf 90' lang='lat' dir='ltr'><strong>de</strong></span> <span class='ocrx_word' id='word_1_229' title='bbox 1374 1777 1436 1830; x_wconf 89' lang='lat' dir='ltr'><strong>tota</strong></span> <span class='ocrx_word' id='word_1_230' title='bbox 1450 1772 1605 1828; x_wconf 90' lang='lat' dir='ltr'><strong>hominum</strong></span> <span class='ocrx_word' id='word_1_231' title='bbox 1620 1770 1812 1827; x_wconf 86' lang='lat' dir='ltr'><strong>multitudine</strong></span> 
     </span>
    </p>

    <p class='ocr_par' dir='ltr' id='par_1_3' title="bbox 62 1857 1816 4423">
     <span class='ocr_line' id='line_1_18' title="bbox 137 1857 1810 1934; baseline 0.003 -23"><span class='ocrx_word' id='word_1_232' title='bbox 137 1857 232 1928; x_wconf 82' lang='lat' dir='ltr'><strong>(Vera.</strong></span> <span class='ocrx_word' id='word_1_233' title='bbox 258 1859 365 1931; x_wconf 70' lang='lat' dir='ltr'><strong>tit-20.)</strong></span> <span class='ocrx_word' id='word_1_234' title='bbox 387 1862 456 1931; x_wconf 83' lang='lat' dir='ltr'><strong>Quis</strong></span> <span class='ocrx_word' id='word_1_235' title='bbox 481 1861 549 1916; x_wconf 85' lang='lat' dir='ltr'><strong>Deus</strong></span> <span class='ocrx_word' id='word_1_236' title='bbox 572 1861 674 1918; x_wconf 86' lang='lat' dir='ltr'><strong>similis</strong></span> <span class='ocrx_word' id='word_1_237' title='bbox 687 1863 750 1917; x_wconf 83' lang='lat' dir='ltr'><strong>tui?</strong></span> <span class='ocrx_word' id='word_1_238' title='bbox 768 1863 817 1933; x_wconf 89' lang='lat' dir='ltr'><strong>qui</strong></span> <span class='ocrx_word' id='word_1_239' title='bbox 836 1864 929 1934; x_wconf 69' lang='lat' dir='ltr'><strong>enters</strong></span> <span class='ocrx_word' id='word_1_240' title='bbox 983 1864 1058 1921; x_wconf 86' lang='lat' dir='ltr'><strong>alios</strong></span> <span class='ocrx_word' id='word_1_241' title='bbox 1071 1865 1161 1920; x_wconf 84' lang='lat' dir='ltr'><strong>salvet</strong></span> <span class='ocrx_word' id='word_1_242' title='bbox 1175 1863 1205 1919; x_wconf 92' lang='lat' dir='ltr'><strong>in</strong></span> <span class='ocrx_word' id='word_1_243' title='bbox 1219 1864 1351 1931; x_wconf 86' lang='lat' dir='ltr'><strong>veritate,</strong></span> <span class='ocrx_word' id='word_1_244' title='bbox 1367 1862 1440 1919; x_wconf 83' lang='lat' dir='ltr'><strong>alios</strong></span> <span class='ocrx_word' id='word_1_245' title='bbox 1455 1861 1484 1917; x_wconf 90' lang='lat' dir='ltr'><strong>in</strong></span> <span class='ocrx_word' id='word_1_246' title='bbox 1500 1859 1713 1917; x_wconf 87' lang='lat' dir='ltr'><strong>misericordia.</strong></span> <span class='ocrx_word' id='word_1_247' title='bbox 1722 1858 1810 1916; x_wconf 84' lang='lat' dir='ltr'><strong>Porro</strong></span> 
     </span>
     <span class='ocr_line' id='line_1_19' title="bbox 101 1948 1812 2025; baseline 0.001 -23"><span class='ocrx_word' id='word_1_248' title='bbox 101 1948 289 2019; x_wconf 84' lang='lat' dir='ltr'><strong>iniquitatem,</strong></span> <span class='ocrx_word' id='word_1_249' title='bbox 300 1951 434 2004; x_wconf 79' lang='lat' dir='ltr'><strong>citrensis</strong></span> <span class='ocrx_word' id='word_1_250' title='bbox 443 1952 583 2022; x_wconf 83' lang='lat' dir='ltr'><strong>peccatum</strong></span> <span class='ocrx_word' id='word_1_251' title='bbox 589 1950 773 2022; x_wconf 85' lang='lat' dir='ltr'><strong>reliquiarum</strong></span> <span class='ocrx_word' id='word_1_252' title='bbox 783 1949 930 2008; x_wconf 80' lang='lat' dir='ltr'><strong>taerettta-</strong></span> <span class='ocrx_word' id='word_1_253' title='bbox 984 1953 1035 2010; x_wconf 92' lang='lat' dir='ltr'><strong>ubi</strong></span> <span class='ocrx_word' id='word_1_254' title='bbox 1050 1970 1103 2010; x_wconf 90' lang='lat' dir='ltr'><strong>nos</strong></span> <span class='ocrx_word' id='word_1_255' title='bbox 1119 1951 1299 2025; x_wconf 89' lang='lat' dir='ltr'><strong>interpretati</strong></span> <span class='ocrx_word' id='word_1_256' title='bbox 1314 1951 1491 2023; x_wconf 86' lang='lat' dir='ltr'><strong>sumus,llon</strong></span> <span class='ocrx_word' id='word_1_257' title='bbox 1501 1951 1632 2006; x_wconf 81' lang='lat' dir='ltr'><strong>immittet</strong></span> <span class='ocrx_word' id='word_1_258' title='bbox 1645 1949 1722 2005; x_wconf 86' lang='lat' dir='ltr'><strong>ultro</strong></span> <span class='ocrx_word' id='word_1_259' title='bbox 1736 1949 1812 2018; x_wconf 71' lang='lat' dir='ltr'><strong>{uro</strong></span> 
     </span>
     <span class='ocr_line' id='line_1_20' title="bbox 100 2035 1811 2116; baseline 0.002 -26"><span class='ocrx_word' id='word_1_260' title='bbox 100 2037 137 2091; x_wconf 82' lang='lat' dir='ltr'><strong>trs</strong></span> <span class='ocrx_word' id='word_1_261' title='bbox 159 2044 223 2092; x_wconf 81' lang='lat' dir='ltr'><strong>tuae.</strong></span> <span class='ocrx_word' id='word_1_262' title='bbox 239 2037 298 2094; x_wconf 84' lang='lat' dir='ltr'><strong>Non</strong></span> <span class='ocrx_word' id='word_1_263' title='bbox 313 2039 443 2094; x_wconf 80' lang='lat' dir='ltr'><strong>immittet</strong></span> <span class='ocrx_word' id='word_1_264' title='bbox 457 2039 531 2094; x_wconf 86' lang='lat' dir='ltr'><strong>uitro</strong></span> <span class='ocrx_word' id='word_1_265' title='bbox 549 2041 672 2110; x_wconf 67' lang='lat' dir='ltr'><strong>furorem</strong></span> <span class='ocrx_word' id='word_1_266' title='bbox 685 2054 785 2095; x_wconf 88' lang='lat' dir='ltr'><strong>suum:</strong></span> <span class='ocrx_word' id='word_1_267' title='bbox 800 2042 930 2110; x_wconf 89' lang='lat' dir='ltr'><strong>quoniam</strong></span> <span class='ocrx_word' id='word_1_268' title='bbox 984 2060 1042 2101; x_wconf 86' lang='lat' dir='ltr'><strong>rem</strong></span> <span class='ocrx_word' id='word_1_269' title='bbox 1054 2059 1152 2106; x_wconf 85' lang='lat' dir='ltr'><strong>snum;</strong></span> <span class='ocrx_word' id='word_1_270' title='bbox 1168 2059 1219 2116; x_wconf 91' lang='lat' dir='ltr'><strong>pro</strong></span> <span class='ocrx_word' id='word_1_271' title='bbox 1233 2041 1320 2109; x_wconf 86' lang='lat' dir='ltr'><strong>ultra,</strong></span> <span class='ocrx_word' id='word_1_272' title='bbox 1332 2038 1527 2112; x_wconf 81' lang='lat' dir='ltr'><strong>Symmachus</strong></span> <span class='ocrx_word' id='word_1_273' title='bbox 1534 2035 1686 2095; x_wconf 87' lang='lat' dir='ltr'><strong>transtulit</strong></span> <span class='ocrx_word' id='word_1_274' title='bbox 1700 2037 1728 2092; x_wconf 85' lang='lat' dir='ltr'><strong>in</strong></span> <span class='ocrx_word' id='word_1_275' title='bbox 1739 2051 1811 2093; x_wconf 83' lang='lat' dir='ltr'><strong>rem·</strong></span> 
     </span>
     <span class='ocr_line' id='line_1_21' title="bbox 99 2123 1812 2206; baseline 0.001 -27"><span class='ocrx_word' id='word_1_276' title='bbox 99 2125 425 2196; x_wconf 83' lang='lat' dir='ltr'><strong>uolens,miaericordiam</strong></span> <span class='ocrx_word' id='word_1_277' title='bbox 447 2135 496 2183; x_wconf 82' lang='lat' dir='ltr'><strong>est.</strong></span> <span class='ocrx_word' id='word_1_278' title='bbox 518 2128 686 2199; x_wconf 72' lang='lat' dir='ltr'><strong>decertetur,</strong></span> <span class='ocrx_word' id='word_1_279' title='bbox 702 2135 728 2184; x_wconf 90' lang='lat' dir='ltr'><strong>et</strong></span> <span class='ocrx_word' id='word_1_280' title='bbox 752 2129 930 2184; x_wconf 78' lang='lat' dir='ltr'><strong>miserebitur</strong></span> <span class='ocrx_word' id='word_1_281' title='bbox 982 2123 1812 2206; x_wconf 73' lang='lat' dir='ltr'><strong>piterrmm:&#39;l&#39;beodotia,infinemzseptuagintaetquinta</strong></span> 
     </span>
     <span class='ocr_line' id='line_1_22' title="bbox 100 2213 1811 2291; baseline 0.001 -22"><span class='ocrx_word' id='word_1_282' title='bbox 100 2216 191 2270; x_wconf 86' lang='lat' dir='ltr'><strong>nostri</strong></span> <span class='ocrx_word' id='word_1_283' title='bbox 199 2232 209 2270; x_wconf 90' lang='lat'><strong>.·</strong></span> <span class='ocrx_word' id='word_1_284' title='bbox 223 2214 335 2287; x_wconf 83' lang='lat' dir='ltr'><strong>deponet</strong></span> <span class='ocrx_word' id='word_1_285' title='bbox 350 2217 512 2288; x_wconf 80' lang='lat' dir='ltr'><strong>iniquitates</strong></span> <span class='ocrx_word' id='word_1_286' title='bbox 525 2219 641 2287; x_wconf 73' lang='lat' dir='ltr'><strong>neurus,</strong></span> <span class='ocrx_word' id='word_1_287' title='bbox 658 2226 684 2272; x_wconf 90' lang='lat' dir='ltr'><strong>et</strong></span> <span class='ocrx_word' id='word_1_288' title='bbox 692 2217 820 2288; x_wconf 81' lang='lat' dir='ltr'><strong>projiciet</strong></span> <span class='ocrx_word' id='word_1_289' title='bbox 829 2219 859 2272; x_wconf 92' lang='lat' dir='ltr'><strong>in</strong></span> <span class='ocrx_word' id='word_1_290' title='bbox 867 2232 930 2289; x_wconf 84' lang='lat' dir='ltr'><strong>pro·</strong></span> <span class='ocrx_word' id='word_1_291' title='bbox 983 2221 1083 2290; x_wconf 93' lang='lat' dir='ltr'><strong>editio,</strong></span> <span class='ocrx_word' id='word_1_292' title='bbox 1099 2223 1130 2276; x_wconf 89' lang='lat' dir='ltr'><strong>in</strong></span> <span class='ocrx_word' id='word_1_293' title='bbox 1143 2224 1349 2276; x_wconf 77' lang='lat' dir='ltr'><strong>testamentum:</strong></span> <span class='ocrx_word' id='word_1_294' title='bbox 1363 2234 1416 2291; x_wconf 91' lang='lat' dir='ltr'><strong>pro</strong></span> <span class='ocrx_word' id='word_1_295' title='bbox 1432 2232 1490 2290; x_wconf 93' lang='lat' dir='ltr'><strong>quo</strong></span> <span class='ocrx_word' id='word_1_296' title='bbox 1509 2216 1639 2287; x_wconf 86' lang='lat' dir='ltr'><strong>positum</strong></span> <span class='ocrx_word' id='word_1_297' title='bbox 1655 2217 1700 2271; x_wconf 90' lang='lat' dir='ltr'><strong>est</strong></span> <span class='ocrx_word' id='word_1_298' title='bbox 1712 2213 1743 2269; x_wconf 91' lang='lat' dir='ltr'><strong>in</strong></span> <span class='ocrx_word' id='word_1_299' title='bbox 1756 2216 1811 2270; x_wconf 87' lang='lat' dir='ltr'><strong>He-</strong></span> 
     </span>
     <span class='ocr_line' id='line_1_23' title="bbox 98 2293 1807 2379; baseline 0.001 -21"><span class='ocrx_word' id='word_1_300' title='bbox 98 2302 219 2375; x_wconf 79' lang='lat' dir='ltr'><strong>sundum</strong></span> <span class='ocrx_word' id='word_1_301' title='bbox 233 2306 320 2360; x_wconf 81' lang='lat' dir='ltr'><strong>muris</strong></span> <span class='ocrx_word' id='word_1_302' title='bbox 335 2306 429 2361; x_wconf 91' lang='lat' dir='ltr'><strong>omniu</strong></span> <span class='ocrx_word' id='word_1_303' title='bbox 435 2309 551 2377; x_wconf 83' lang='lat' dir='ltr'><strong>peccata</strong></span> <span class='ocrx_word' id='word_1_304' title='bbox 562 2314 672 2362; x_wconf 88' lang='lat' dir='ltr'><strong>nostra.</strong></span> <span class='ocrx_word' id='word_1_305' title='bbox 688 2306 770 2361; x_wconf 82' lang='lat' dir='ltr'><strong>itatis</strong></span> <span class='ocrx_word' id='word_1_306' title='bbox 785 2308 928 2362; x_wconf 75' lang='lat' dir='ltr'><strong>oeritmem</strong></span> <span class='ocrx_word' id='word_1_307' title='bbox 985 2313 1060 2367; x_wconf 78' lang='lat' dir='ltr'><strong>braeo</strong></span> <span class='ocrx_word' id='word_1_308' title='bbox 1075 2326 1146 2366; x_wconf 71' lang='lat' dir='ltr'><strong>man</strong></span> <span class='ocrx_word' id='word_1_309' title='bbox 1159 2293 1235 2379; x_wconf 61' lang='lat' dir='ltr'><strong>(nub)</strong></span> <span class='ocrx_word' id='word_1_310' title='bbox 1248 2333 1256 2377; x_wconf 80' lang='lat' dir='ltr'><strong>t</strong></span> <span class='ocrx_word' id='word_1_311' title='bbox 1271 2310 1374 2364; x_wconf 91' lang='lat' dir='ltr'><strong>ettam</strong></span> <span class='ocrx_word' id='word_1_312' title='bbox 1387 2306 1473 2372; x_wconf 85' lang='lat' dir='ltr'><strong>nitra,</strong></span> <span class='ocrx_word' id='word_1_313' title='bbox 1494 2320 1584 2377; x_wconf 91' lang='lat' dir='ltr'><strong>quam</strong></span> <span class='ocrx_word' id='word_1_314' title='bbox 1598 2305 1807 2375; x_wconf 81' lang='lat' dir='ltr'><strong>sempiternum.</strong></span> 
     </span>
     <span class='ocr_line' id='line_1_24' title="bbox 100 2390 1808 2468; baseline -0.001 -20"><span class='ocrx_word' id='word_1_315' title='bbox 100 2394 133 2448; x_wconf 90' lang='lat' dir='ltr'><strong>in</strong></span> <span class='ocrx_word' id='word_1_316' title='bbox 146 2394 238 2460; x_wconf 82' lang='lat' dir='ltr'><strong>tacet,</strong></span> <span class='ocrx_word' id='word_1_317' title='bbox 251 2395 476 2450; x_wconf 84' lang='lat' dir='ltr'><strong>misericordiam</strong></span> <span class='ocrx_word' id='word_1_318' title='bbox 491 2394 640 2459; x_wconf 79' lang='lat' dir='ltr'><strong>Adranam,</strong></span> <span class='ocrx_word' id='word_1_319' title='bbox 651 2394 840 2467; x_wconf 69' lang='lat' dir='ltr'><strong>quumivulg.</strong></span> <span class='ocrx_word' id='word_1_320' title='bbox 854 2396 929 2468; x_wconf 77' lang='lat' dir='ltr'><strong>quae]</strong></span> <span class='ocrx_word' id='word_1_321' title='bbox 984 2405 1012 2455; x_wconf 88' lang='lat' dir='ltr'><strong>et</strong></span> <span class='ocrx_word' id='word_1_322' title='bbox 1026 2399 1215 2455; x_wconf 85' lang='lat' dir='ltr'><strong>testimonium</strong></span> <span class='ocrx_word' id='word_1_323' title='bbox 1228 2394 1352 2468; x_wconf 80' lang='lat' dir='ltr'><strong>intelligi</strong></span> <span class='ocrx_word' id='word_1_324' title='bbox 1367 2398 1472 2467; x_wconf 88' lang='lat' dir='ltr'><strong>potest.</strong></span> <span class='ocrx_word' id='word_1_325' title='bbox 1488 2391 1590 2449; x_wconf 85' lang='lat' dir='ltr'><strong>Dicam</strong></span> <span class='ocrx_word' id='word_1_326' title='bbox 1604 2396 1696 2465; x_wconf 83' lang='lat' dir='ltr'><strong>etego</strong></span> <span class='ocrx_word' id='word_1_327' title='bbox 1706 2390 1736 2447; x_wconf 91' lang='lat' dir='ltr'><strong>in</strong></span> <span class='ocrx_word' id='word_1_328' title='bbox 1749 2391 1808 2447; x_wconf 85' lang='lat' dir='ltr'><strong>tine</strong></span> 
     </span>
     <span class='ocr_line' id='line_1_25' title="bbox 62 2478 1809 2557; baseline -0.002 -18"><span class='ocrx_word' id='word_1_329' title='bbox 62 2485 64 2489; x_wconf 86' lang='grc'><strong>’</strong></span> <span class='ocrx_word' id='word_1_330' title='bbox 94 2483 204 2556; x_wconf 83' lang='lat' dir='ltr'><strong>jurasti</strong></span> <span class='ocrx_word' id='word_1_331' title='bbox 215 2483 342 2553; x_wconf 85' lang='lat' dir='ltr'><strong>patritus</strong></span> <span class='ocrx_word' id='word_1_332' title='bbox 356 2484 483 2539; x_wconf 75' lang='lat' dir='ltr'><strong>nostrisa</strong></span> <span class='ocrx_word' id='word_1_333' title='bbox 494 2482 592 2539; x_wconf 83' lang='lat' dir='ltr'><strong>dietus</strong></span> <span class='ocrx_word' id='word_1_334' title='bbox 604 2485 735 2555; x_wconf 83' lang='lat' dir='ltr'><strong>antiquis.</strong></span> <span class='ocrx_word' id='word_1_335' title='bbox 751 2483 839 2539; x_wconf 87' lang='lat' dir='ltr'>LXX:</span> <span class='ocrx_word' id='word_1_336' title='bbox 851 2485 928 2555; x_wconf 84' lang='lat' dir='ltr'><strong>Quis,</strong></span> <span class='ocrx_word' id='word_1_337' title='bbox 983 2486 1151 2557; x_wconf 89' lang='lat' dir='ltr'><strong>voluminis,</strong></span> <span class='ocrx_word' id='word_1_338' title='bbox 1166 2485 1296 2541; x_wconf 87' lang='lat' dir='ltr'><strong>laborem</strong></span> <span class='ocrx_word' id='word_1_339' title='bbox 1312 2482 1447 2556; x_wconf 90' lang='lat' dir='ltr'><strong>opusculi</strong></span> <span class='ocrx_word' id='word_1_340' title='bbox 1463 2481 1531 2548; x_wconf 90' lang='lat' dir='ltr'><strong>mei,</strong></span> <span class='ocrx_word' id='word_1_341' title='bbox 1555 2479 1673 2537; x_wconf 89' lang='lat' dir='ltr'><strong>Domini</strong></span> <span class='ocrx_word' id='word_1_342' title='bbox 1692 2478 1809 2536; x_wconf 85' lang='lat' dir='ltr'><strong>invoca·</strong></span> 
     </span>
     <span class='ocr_line' id='line_1_26' title="bbox 98 2567 1811 2648; baseline -0.002 -21"><span class='ocrx_word' id='word_1_343' title='bbox 98 2573 171 2628; x_wconf 80' lang='lat' dir='ltr'><strong>Deris</strong></span> <span class='ocrx_word' id='word_1_344' title='bbox 196 2572 267 2628; x_wconf 88' lang='lat' dir='ltr'><strong>sicut</strong></span> <span class='ocrx_word' id='word_1_345' title='bbox 285 2574 336 2627; x_wconf 85' lang='lat' dir='ltr'><strong>tu?</strong></span> <span class='ocrx_word' id='word_1_346' title='bbox 361 2573 491 2644; x_wconf 71' lang='lat' dir='ltr'><strong>auferens</strong></span> <span class='ocrx_word' id='word_1_347' title='bbox 514 2573 683 2644; x_wconf 81' lang='lat' dir='ltr'><strong>iniquitates,</strong></span> <span class='ocrx_word' id='word_1_348' title='bbox 699 2580 726 2627; x_wconf 84' lang='lat' dir='ltr'><strong>et</strong></span> <span class='ocrx_word' id='word_1_349' title='bbox 736 2572 929 2629; x_wconf 84' lang='lat' dir='ltr'><strong>transcendens</strong></span> <span class='ocrx_word' id='word_1_350' title='bbox 983 2576 1062 2632; x_wconf 90' lang='lat' dir='ltr'><strong>tione</strong></span> <span class='ocrx_word' id='word_1_351' title='bbox 1076 2574 1253 2648; x_wconf 83' lang='lat' dir='ltr'><strong>consignans</strong></span> <span class='ocrx_word' id='word_1_352' title='bbox 1266 2591 1272 2628; x_wconf 93' lang='lat'><strong>:</strong></span> <span class='ocrx_word' id='word_1_353' title='bbox 1284 2574 1364 2640; x_wconf 82' lang='lat' dir='ltr'><strong>Deus,</strong></span> <span class='ocrx_word' id='word_1_354' title='bbox 1377 2573 1440 2645; x_wconf 87' lang='lat' dir='ltr'><strong>quis</strong></span> <span class='ocrx_word' id='word_1_355' title='bbox 1453 2571 1558 2627; x_wconf 85' lang='lat' dir='ltr'><strong>similis</strong></span> <span class='ocrx_word' id='word_1_356' title='bbox 1570 2570 1626 2626; x_wconf 85' lang='lat' dir='ltr'><strong>tibi</strong></span> <span class='ocrx_word' id='word_1_357' title='bbox 1635 2571 1649 2622; x_wconf 72' lang='lat' dir='ltr'><strong>i</strong></span> <span class='ocrx_word' id='word_1_358' title='bbox 1664 2567 1811 2625; x_wconf 86' lang='lat' dir='ltr'><strong>aulerini·</strong></span> 
     </span>
     <span class='ocr_line' id='line_1_27' title="bbox 98 2656 1810 2737; baseline -0.001 -22"><span class='ocrx_word' id='word_1_359' title='bbox 98 2662 254 2733; x_wconf 84' lang='lat' dir='ltr'><strong>injustitias</strong></span> <span class='ocrx_word' id='word_1_360' title='bbox 268 2661 312 2715; x_wconf 79' lang='lat' dir='ltr'><strong>tis</strong></span> <span class='ocrx_word' id='word_1_361' title='bbox 324 2662 372 2732; x_wconf 92' lang='lat' dir='ltr'><strong>qui</strong></span> <span class='ocrx_word' id='word_1_362' title='bbox 382 2662 485 2734; x_wconf 86' lang='lat' dir='ltr'><strong>reliqui</strong></span> <span class='ocrx_word' id='word_1_363' title='bbox 495 2670 560 2717; x_wconf 88' lang='lat' dir='ltr'><strong>sunt</strong></span> <span class='ocrx_word' id='word_1_364' title='bbox 574 2661 607 2716; x_wconf 83' lang='lat' dir='ltr'><strong>dc</strong></span> <span class='ocrx_word' id='word_1_365' title='bbox 617 2660 777 2718; x_wconf 78' lang='lat' dir='ltr'><strong>hereditate</strong></span> <span class='ocrx_word' id='word_1_366' title='bbox 786 2664 856 2717; x_wconf 85' lang='lat' dir='ltr'><strong>tua?</strong></span> <span class='ocrx_word' id='word_1_367' title='bbox 869 2663 929 2718; x_wconf 85' lang='lat' dir='ltr'><strong>Non</strong></span> <span class='ocrx_word' id='word_1_368' title='bbox 952 2686 955 2693; x_wconf 92' lang='lat'>·</span> <span class='ocrx_word' id='word_1_369' title='bbox 984 2665 1126 2737; x_wconf 83' lang='lat' dir='ltr'><strong>quitatem</strong></span> <span class='ocrx_word' id='word_1_370' title='bbox 1142 2661 1216 2719; x_wconf 85' lang='lat' dir='ltr'><strong>servi</strong></span> <span class='ocrx_word' id='word_1_371' title='bbox 1240 2660 1302 2717; x_wconf 91' lang='lat' dir='ltr'><strong>tui:</strong></span> <span class='ocrx_word' id='word_1_372' title='bbox 1327 2661 1419 2716; x_wconf 88' lang='lat' dir='ltr'><strong>transi</strong></span> <span class='ocrx_word' id='word_1_373' title='bbox 1442 2662 1594 2733; x_wconf 87' lang='lat' dir='ltr'><strong>peccatum</strong></span> <span class='ocrx_word' id='word_1_374' title='bbox 1617 2656 1810 2730; x_wconf 88' lang='lat' dir='ltr'><strong>reliquiarum</strong></span> 
     </span>
     <span class='ocr_line' id='line_1_28' title="bbox 98 2748 1810 2823; baseline -0.003 -18"><span class='ocrx_word' id='word_1_375' title='bbox 98 2751 190 2805; x_wconf 86' lang='lat' dir='ltr'><strong>tenuit</strong></span> <span class='ocrx_word' id='word_1_376' title='bbox 205 2751 237 2804; x_wconf 90' lang='lat' dir='ltr'><strong>in</strong></span> <span class='ocrx_word' id='word_1_377' title='bbox 252 2750 442 2805; x_wconf 87' lang='lat' dir='ltr'><strong>testimonium</strong></span> <span class='ocrx_word' id='word_1_378' title='bbox 455 2751 527 2806; x_wconf 88' lang='lat' dir='ltr'><strong>iram</strong></span> <span class='ocrx_word' id='word_1_379' title='bbox 541 2766 629 2821; x_wconf 86' lang='lat' dir='ltr'><strong>suam,</strong></span> <span class='ocrx_word' id='word_1_380' title='bbox 642 2752 708 2823; x_wconf 90' lang='lat' dir='ltr'><strong>quia</strong></span> <span class='ocrx_word' id='word_1_381' title='bbox 720 2750 813 2806; x_wconf 81' lang='lat' dir='ltr'><strong>uelem</strong></span> <span class='ocrx_word' id='word_1_382' title='bbox 823 2751 930 2806; x_wconf 87' lang='lat' dir='ltr'><strong>miseri-</strong></span> <span class='ocrx_word' id='word_1_383' title='bbox 983 2753 1088 2810; x_wconf 85' lang='lat' dir='ltr'><strong>animae</strong></span> <span class='ocrx_word' id='word_1_384' title='bbox 1104 2767 1185 2823; x_wconf 83' lang='lat' dir='ltr'><strong>mee,</strong></span> <span class='ocrx_word' id='word_1_385' title='bbox 1201 2766 1237 2805; x_wconf 91' lang='lat' dir='ltr'><strong>ne</strong></span> <span class='ocrx_word' id='word_1_386' title='bbox 1251 2748 1394 2806; x_wconf 89' lang='lat' dir='ltr'><strong>immittas</strong></span> <span class='ocrx_word' id='word_1_387' title='bbox 1407 2748 1437 2804; x_wconf 91' lang='lat' dir='ltr'><strong>in</strong></span> <span class='ocrx_word' id='word_1_388' title='bbox 1452 2765 1500 2804; x_wconf 91' lang='lat' dir='ltr'><strong>me</strong></span> <span class='ocrx_word' id='word_1_389' title='bbox 1511 2748 1639 2805; x_wconf 87' lang='lat' dir='ltr'><strong>iurarem</strong></span> <span class='ocrx_word' id='word_1_390' title='bbox 1649 2750 1746 2814; x_wconf 89' lang='lat' dir='ltr'><strong>tuum,</strong></span> <span class='ocrx_word' id='word_1_391' title='bbox 1760 2760 1810 2801; x_wconf 89' lang='lat' dir='ltr'><strong>ne·</strong></span> 
     </span>
     <span class='ocr_line' id='line_1_29' title="bbox 96 2833 1809 2916; baseline -0.002 -21"><span class='ocrx_word' id='word_1_392' title='bbox 96 2839 207 2895; x_wconf 86' lang='lat' dir='ltr'><strong>cordius</strong></span> <span class='ocrx_word' id='word_1_393' title='bbox 225 2847 274 2895; x_wconf 87' lang='lat' dir='ltr'><strong>est.</strong></span> <span class='ocrx_word' id='word_1_394' title='bbox 292 2839 457 2905; x_wconf 66' lang='lat' dir='ltr'><strong>denotetur,</strong></span> <span class='ocrx_word' id='word_1_395' title='bbox 471 2843 499 2896; x_wconf 89' lang='lat' dir='ltr'><strong>et</strong></span> <span class='ocrx_word' id='word_1_396' title='bbox 518 2840 692 2896; x_wconf 80' lang='lat' dir='ltr'><strong>miserebitur</strong></span> <span class='ocrx_word' id='word_1_397' title='bbox 705 2842 805 2904; x_wconf 79' lang='lat' dir='ltr'><strong>nostri,</strong></span> <span class='ocrx_word' id='word_1_398' title='bbox 820 2839 928 2896; x_wconf 81' lang='lat' dir='ltr'><strong>demer-</strong></span> <span class='ocrx_word' id='word_1_399' title='bbox 983 2842 1083 2916; x_wconf 93' lang='lat' dir='ltr'><strong>quein</strong></span> <span class='ocrx_word' id='word_1_400' title='bbox 1099 2843 1143 2897; x_wconf 87' lang='lat' dir='ltr'><strong>ira</strong></span> <span class='ocrx_word' id='word_1_401' title='bbox 1157 2844 1208 2896; x_wconf 91' lang='lat' dir='ltr'><strong>tua</strong></span> <span class='ocrx_word' id='word_1_402' title='bbox 1223 2839 1299 2896; x_wconf 66' lang='grc' dir='ltr'><em>Μ</em></span> <span class='ocrx_word' id='word_1_403' title='bbox 1315 2837 1455 2910; x_wconf 88' lang='lat' dir='ltr'><strong>corripias</strong></span> <span class='ocrx_word' id='word_1_404' title='bbox 1470 2853 1535 2893; x_wconf 91' lang='lat' dir='ltr'><strong>me:</strong></span> <span class='ocrx_word' id='word_1_405' title='bbox 1558 2835 1700 2909; x_wconf 85' lang='lat' dir='ltr'><strong>quoniam</strong></span> <span class='ocrx_word' id='word_1_406' title='bbox 1719 2833 1809 2891; x_wconf 87' lang='lat' dir='ltr'><strong>miss·</strong></span> 
     </span>
     <span class='ocr_line' id='line_1_30' title="bbox 97 2925 1809 3001; baseline -0.004 -16"><span class='ocrx_word' id='word_1_407' title='bbox 97 2931 144 2998; x_wconf 85' lang='lat' dir='ltr'><strong>qet</strong></span> <span class='ocrx_word' id='word_1_408' title='bbox 157 2933 268 3000; x_wconf 87' lang='lat' dir='ltr'><strong>peccata</strong></span> <span class='ocrx_word' id='word_1_409' title='bbox 280 2931 395 2984; x_wconf 85' lang='lat' dir='ltr'><strong>nostra:</strong></span> <span class='ocrx_word' id='word_1_410' title='bbox 408 2934 435 2982; x_wconf 91' lang='lat' dir='ltr'><strong>et</strong></span> <span class='ocrx_word' id='word_1_411' title='bbox 450 2929 677 3000; x_wconf 71' lang='lat' dir='ltr'><strong>projicienturin</strong></span> <span class='ocrx_word' id='word_1_412' title='bbox 687 2926 859 3001; x_wconf 69' lang='lat' dir='ltr'><strong>protundum</strong></span> <span class='ocrx_word' id='word_1_413' title='bbox 868 2945 929 2984; x_wconf 90' lang='lat' dir='ltr'><strong>ma·</strong></span> <span class='ocrx_word' id='word_1_414' title='bbox 983 2933 1075 2988; x_wconf 89' lang='lat' dir='ltr'><strong>ricors</strong></span> <span class='ocrx_word' id='word_1_415' title='bbox 1099 2946 1142 2996; x_wconf 82' lang='lat' dir='ltr'><strong>es,</strong></span> <span class='ocrx_word' id='word_1_416' title='bbox 1157 2933 1187 2985; x_wconf 89' lang='lat' dir='ltr'><strong>et</strong></span> <span class='ocrx_word' id='word_1_417' title='bbox 1210 2927 1309 2984; x_wconf 80' lang='lat' dir='ltr'><strong>multa</strong></span> <span class='ocrx_word' id='word_1_418' title='bbox 1332 2925 1535 2983; x_wconf 82' lang='lat' dir='ltr'><strong>miserationes</strong></span> <span class='ocrx_word' id='word_1_419' title='bbox 1557 2929 1624 2981; x_wconf 79' lang='lat' dir='ltr'><strong>tus.</strong></span> <span class='ocrx_word' id='word_1_420' title='bbox 1647 2926 1809 2993; x_wconf 84' lang='lat' dir='ltr'><strong>Revertcre,</strong></span> 
     </span>
     <span class='ocr_line' id='line_1_31' title="bbox 99 3010 1810 3089; baseline -0.003 -16"><span class='ocrx_word' id='word_1_421' title='bbox 99 3019 244 3073; x_wconf 84' lang='lat' dir='ltr'><strong>risomnia</strong></span> <span class='ocrx_word' id='word_1_422' title='bbox 258 3021 366 3089; x_wconf 86' lang='lat' dir='ltr'><strong>peccata</strong></span> <span class='ocrx_word' id='word_1_423' title='bbox 387 3023 491 3073; x_wconf 88' lang='lat' dir='ltr'><strong>nostra.</strong></span> <span class='ocrx_word' id='word_1_424' title='bbox 509 3018 595 3073; x_wconf 82' lang='lat' dir='ltr'><strong>Dabit</strong></span> <span class='ocrx_word' id='word_1_425' title='bbox 607 3019 750 3074; x_wconf 86' lang='lat' dir='ltr'><strong>ueritatem</strong></span> <span class='ocrx_word' id='word_1_426' title='bbox 762 3016 853 3082; x_wconf 79' lang='lat' dir='ltr'><strong>tamt,</strong></span> <span class='ocrx_word' id='word_1_427' title='bbox 875 3017 929 3072; x_wconf 85' lang='lat' dir='ltr'><strong>mi·</strong></span> <span class='ocrx_word' id='word_1_428' title='bbox 983 3024 1012 3079; x_wconf 83' lang='lat' dir='ltr'><strong>et</strong></span> <span class='ocrx_word' id='word_1_429' title='bbox 1026 3020 1132 3078; x_wconf 86' lang='lat' dir='ltr'><strong>misere</strong></span> <span class='ocrx_word' id='word_1_430' title='bbox 1147 3017 1223 3074; x_wconf 88' lang='lat' dir='ltr'><strong>mei:</strong></span> <span class='ocrx_word' id='word_1_431' title='bbox 1240 3014 1390 3089; x_wconf 74' lang='lat' dir='ltr'><strong>praecipita</strong></span> <span class='ocrx_word' id='word_1_432' title='bbox 1400 3013 1571 3087; x_wconf 86' lang='lat' dir='ltr'><strong>iniquitates</strong></span> <span class='ocrx_word' id='word_1_433' title='bbox 1583 3028 1675 3081; x_wconf 89' lang='lat' dir='ltr'><strong>meas,</strong></span> <span class='ocrx_word' id='word_1_434' title='bbox 1686 3015 1716 3068; x_wconf 89' lang='lat' dir='ltr'><strong>st</strong></span> <span class='ocrx_word' id='word_1_435' title='bbox 1726 3010 1810 3068; x_wconf 88' lang='lat' dir='ltr'><strong>mitte</strong></span> 
     </span>
     <span class='ocr_line' id='line_1_32' title="bbox 101 3098 1809 3181; baseline -0.004 -19"><span class='ocrx_word' id='word_1_436' title='bbox 101 3105 283 3163; x_wconf 69' lang='lat' dir='ltr'><strong>amuordiam</strong></span> <span class='ocrx_word' id='word_1_437' title='bbox 300 3105 450 3174; x_wconf 80' lang='lat' dir='ltr'><strong>Abrabam,</strong></span> <span class='ocrx_word' id='word_1_438' title='bbox 473 3107 544 3162; x_wconf 84' lang='lat' dir='ltr'><strong>sieut</strong></span> <span class='ocrx_word' id='word_1_439' title='bbox 564 3107 669 3177; x_wconf 83' lang='lat' dir='ltr'><strong>jurasti</strong></span> <span class='ocrx_word' id='word_1_440' title='bbox 685 3107 809 3178; x_wconf 85' lang='lat' dir='ltr'><strong>patribus</strong></span> <span class='ocrx_word' id='word_1_441' title='bbox 827 3108 930 3162; x_wconf 81' lang='lat' dir='ltr'><strong>troatris</strong></span> <span class='ocrx_word' id='word_1_442' title='bbox 983 3126 1033 3166; x_wconf 85' lang='lat' dir='ltr'><strong>eas</strong></span> <span class='ocrx_word' id='word_1_443' title='bbox 1048 3109 1079 3164; x_wconf 93' lang='lat' dir='ltr'><strong>in</strong></span> <span class='ocrx_word' id='word_1_444' title='bbox 1094 3106 1273 3181; x_wconf 83' lang='lat' dir='ltr'><strong>protundum</strong></span> <span class='ocrx_word' id='word_1_445' title='bbox 1290 3104 1398 3161; x_wconf 89' lang='lat' dir='ltr'><strong>maris:</strong></span> <span class='ocrx_word' id='word_1_446' title='bbox 1416 3107 1448 3160; x_wconf 90' lang='lat' dir='ltr'><strong>ut</strong></span> <span class='ocrx_word' id='word_1_447' title='bbox 1468 3102 1587 3176; x_wconf 80' lang='lat' dir='ltr'><strong>salsugo</strong></span> <span class='ocrx_word' id='word_1_448' title='bbox 1603 3106 1631 3158; x_wconf 89' lang='lat' dir='ltr'><strong>et</strong></span> <span class='ocrx_word' id='word_1_449' title='bbox 1644 3098 1809 3158; x_wconf 86' lang='lat' dir='ltr'><strong>amaritudo</strong></span> 
     </span>
     <span class='ocr_line' id='line_1_33' title="bbox 91 3171 1809 3269; baseline -0.004 -19"><span class='ocrx_word' id='word_1_450' title='bbox 91 3193 927 3269; x_wconf 76' lang='lat' dir='ltr'><strong>juctadiespriores.[Al.pristinoaldntelligenspropheta,</strong></span> <span class='ocrx_word' id='word_1_451' title='bbox 943 3171 965 3239; x_wconf 71' lang='lat' dir='ltr'><strong>c</strong></span> <span class='ocrx_word' id='word_1_452' title='bbox 984 3198 1121 3254; x_wconf 83' lang='lat' dir='ltr'><strong>vitiorum</strong></span> <span class='ocrx_word' id='word_1_453' title='bbox 1137 3197 1166 3250; x_wconf 93' lang='lat' dir='ltr'><strong>in</strong></span> <span class='ocrx_word' id='word_1_454' title='bbox 1183 3193 1258 3251; x_wconf 87' lang='lat' dir='ltr'><strong>salsa</strong></span> <span class='ocrx_word' id='word_1_455' title='bbox 1281 3193 1399 3266; x_wconf 82' lang='lat' dir='ltr'><strong>regione</strong></span> <span class='ocrx_word' id='word_1_456' title='bbox 1414 3192 1572 3265; x_wconf 86' lang='lat' dir='ltr'><strong>dispereat.</strong></span> <span class='ocrx_word' id='word_1_457' title='bbox 1598 3189 1642 3246; x_wconf 88' lang='lat' dir='ltr'><strong>Da</strong></span> <span class='ocrx_word' id='word_1_458' title='bbox 1656 3188 1809 3245; x_wconf 88' lang='lat' dir='ltr'><strong>veritatem</strong></span> 
     </span>
     <span class='ocr_line' id='line_1_34' title="bbox 98 3276 1808 3360; baseline -0.004 -21"><span class='ocrx_word' id='word_1_459' title='bbox 98 3282 236 3359; x_wconf 74' lang='lat' dir='ltr'><strong>gentium</strong></span> <span class='ocrx_word' id='word_1_460' title='bbox 247 3283 467 3339; x_wconf 85' lang='lat' dir='ltr'><strong>multitudinem</strong></span> <span class='ocrx_word' id='word_1_461' title='bbox 478 3283 668 3356; x_wconf 86' lang='lat' dir='ltr'><strong>proptereain</strong></span> <span class='ocrx_word' id='word_1_462' title='bbox 679 3283 865 3340; x_wconf 86' lang='lat' dir='ltr'><strong>conclusione</strong></span> <span class='ocrx_word' id='word_1_463' title='bbox 874 3300 930 3339; x_wconf 87' lang='lat' dir='ltr'><strong>sua</strong></span> <span class='ocrx_word' id='word_1_464' title='bbox 984 3304 1072 3360; x_wconf 89' lang='lat' dir='ltr'><strong>quam</strong></span> <span class='ocrx_word' id='word_1_465' title='bbox 1080 3283 1265 3358; x_wconf 87' lang='lat' dir='ltr'><strong>pollicituses</strong></span> <span class='ocrx_word' id='word_1_466' title='bbox 1274 3283 1368 3339; x_wconf 82' lang='lat' dir='ltr'><strong>arnico</strong></span> <span class='ocrx_word' id='word_1_467' title='bbox 1374 3281 1567 3350; x_wconf 85' lang='lat' dir='ltr'><strong>tuolaaob,et</strong></span> <span class='ocrx_word' id='word_1_468' title='bbox 1575 3276 1808 3335; x_wconf 87' lang='lat' dir='ltr'><strong>misericordiam</strong></span> 
     </span>
     <span class='ocr_line' id='line_1_35' title="bbox 97 3363 1809 3448; baseline -0.007 -17"><span class='ocrx_word' id='word_1_469' title='bbox 97 3389 167 3431; x_wconf 81' lang='lat' dir='ltr'><strong>csse</strong></span> <span class='ocrx_word' id='word_1_470' title='bbox 180 3372 341 3443; x_wconf 89' lang='lat' dir='ltr'><strong>turbatam,</strong></span> <span class='ocrx_word' id='word_1_471' title='bbox 357 3379 389 3428; x_wconf 91' lang='lat' dir='ltr'><strong>ut</strong></span> <span class='ocrx_word' id='word_1_472' title='bbox 403 3373 631 3445; x_wconf 79' lang='lat' dir='ltr'><strong>obstupesceret,</strong></span> <span class='ocrx_word' id='word_1_473' title='bbox 652 3378 680 3428; x_wconf 91' lang='lat' dir='ltr'><strong>et</strong></span> <span class='ocrx_word' id='word_1_474' title='bbox 694 3373 811 3430; x_wconf 90' lang='lat' dir='ltr'><strong>timeret</strong></span> <span class='ocrx_word' id='word_1_475' title='bbox 825 3376 927 3440; x_wconf 90' lang='lat' dir='ltr'><strong>Deum,</strong></span> <span class='ocrx_word' id='word_1_476' title='bbox 984 3392 1073 3448; x_wconf 88' lang='lat' dir='ltr'><strong>quam</strong></span> <span class='ocrx_word' id='word_1_477' title='bbox 1082 3371 1270 3445; x_wconf 90' lang='lat' dir='ltr'><strong>pollicituses</strong></span> <span class='ocrx_word' id='word_1_478' title='bbox 1281 3371 1374 3427; x_wconf 83' lang='lat' dir='ltr'><strong>amico</strong></span> <span class='ocrx_word' id='word_1_479' title='bbox 1384 3375 1434 3425; x_wconf 93' lang='lat' dir='ltr'><strong>tuo</strong></span> <span class='ocrx_word' id='word_1_480' title='bbox 1442 3368 1599 3434; x_wconf 83' lang='lat' dir='ltr'><strong>Abrabam,</strong></span> <span class='ocrx_word' id='word_1_481' title='bbox 1612 3370 1640 3422; x_wconf 95' lang='lat' dir='ltr'><strong>et</strong></span> <span class='ocrx_word' id='word_1_482' title='bbox 1651 3363 1809 3422; x_wconf 88' lang='lat' dir='ltr'><strong>liberaani-</strong></span> 
     </span>
     <span class='ocr_line' id='line_1_36' title="bbox 99 3454 1808 3533; baseline -0.006 -14"><span class='ocrx_word' id='word_1_483' title='bbox 99 3461 254 3519; x_wconf 86' lang='lat' dir='ltr'><strong>etidcirco</strong></span> <span class='ocrx_word' id='word_1_484' title='bbox 282 3460 439 3518; x_wconf 77' lang='lat' dir='ltr'><strong>bominum</strong></span> <span class='ocrx_word' id='word_1_485' title='bbox 455 3461 602 3527; x_wconf 80' lang='lat' dir='ltr'><strong>desevire,</strong></span> <span class='ocrx_word' id='word_1_486' title='bbox 619 3466 652 3517; x_wconf 89' lang='lat' dir='ltr'><strong>ut</strong></span> <span class='ocrx_word' id='word_1_487' title='bbox 673 3465 790 3533; x_wconf 89' lang='lat' dir='ltr'><strong>peccata</strong></span> <span class='ocrx_word' id='word_1_488' title='bbox 805 3460 929 3528; x_wconf 81' lang='lat' dir='ltr'><strong>auferat,</strong></span> <span class='ocrx_word' id='word_1_489' title='bbox 985 3480 1063 3519; x_wconf 90' lang='lat' dir='ltr'><strong>mam</strong></span> <span class='ocrx_word' id='word_1_490' title='bbox 1074 3476 1169 3517; x_wconf 90' lang='lat' dir='ltr'><strong>meam</strong></span> <span class='ocrx_word' id='word_1_491' title='bbox 1181 3477 1199 3514; x_wconf 89' lang='lat' dir='ltr'><strong>a</strong></span> <span class='ocrx_word' id='word_1_492' title='bbox 1210 3457 1446 3531; x_wconf 88' lang='lat' dir='ltr'><strong>persecutoribus</strong></span> <span class='ocrx_word' id='word_1_493' title='bbox 1457 3454 1667 3527; x_wconf 88' lang='lat' dir='ltr'><strong>prophetarum</strong></span> <span class='ocrx_word' id='word_1_494' title='bbox 1677 3456 1808 3521; x_wconf 90' lang='lat' dir='ltr'><strong>tuorum,</strong></span> 
     </span>
     <span class='ocr_line' id='line_1_37' title="bbox 100 3538 1811 3620; baseline -0.007 -14"><span class='ocrx_word' id='word_1_495' title='bbox 100 3552 134 3606; x_wconf 90' lang='lat' dir='ltr'><strong>et</strong></span> <span class='ocrx_word' id='word_1_496' title='bbox 147 3549 236 3605; x_wconf 89' lang='lat' dir='ltr'><strong>donet</strong></span> <span class='ocrx_word' id='word_1_497' title='bbox 250 3548 386 3618; x_wconf 86' lang='lat' dir='ltr'><strong>salutem,</strong></span> <span class='ocrx_word' id='word_1_498' title='bbox 402 3549 503 3605; x_wconf 89' lang='lat' dir='ltr'><strong>laudat</strong></span> <span class='ocrx_word' id='word_1_499' title='bbox 515 3549 674 3605; x_wconf 87' lang='lat' dir='ltr'><strong>Dominum</strong></span> <span class='ocrx_word' id='word_1_500' title='bbox 690 3553 777 3620; x_wconf 89' lang='lat' dir='ltr'><strong>atque</strong></span> <span class='ocrx_word' id='word_1_501' title='bbox 794 3548 930 3617; x_wconf 91' lang='lat' dir='ltr'><strong>miratur,</strong></span> <span class='ocrx_word' id='word_1_502' title='bbox 984 3551 1093 3618; x_wconf 83' lang='lat' dir='ltr'><strong>Achab,</strong></span> <span class='ocrx_word' id='word_1_503' title='bbox 1110 3553 1139 3606; x_wconf 86' lang='lat' dir='ltr'><strong>et</strong></span> <span class='ocrx_word' id='word_1_504' title='bbox 1158 3546 1284 3617; x_wconf 85' lang='lat' dir='ltr'><strong>lezabel,</strong></span> <span class='ocrx_word' id='word_1_505' title='bbox 1309 3547 1387 3602; x_wconf 89' lang='lat' dir='ltr'><strong>sicut</strong></span> <span class='ocrx_word' id='word_1_506' title='bbox 1404 3545 1512 3617; x_wconf 87' lang='lat' dir='ltr'><strong>jurasti</strong></span> <span class='ocrx_word' id='word_1_507' title='bbox 1537 3541 1671 3615; x_wconf 86' lang='lat' dir='ltr'><strong>patribus</strong></span> <span class='ocrx_word' id='word_1_508' title='bbox 1686 3539 1761 3596; x_wconf 88' lang='lat' dir='ltr'><strong>meis</strong></span> <span class='ocrx_word' id='word_1_509' title='bbox 1778 3538 1811 3595; x_wconf 89' lang='lat' dir='ltr'><strong>ln</strong></span> 
     </span>
     <span class='ocr_line' id='line_1_38' title="bbox 101 3628 1810 3709; baseline -0.008 -14"><span class='ocrx_word' id='word_1_510' title='bbox 101 3642 135 3695; x_wconf 86' lang='lat' dir='ltr'><strong>et</strong></span> <span class='ocrx_word' id='word_1_511' title='bbox 149 3637 237 3694; x_wconf 89' lang='lat' dir='ltr'><strong>dicit:</strong></span> <span class='ocrx_word' id='word_1_512' title='bbox 254 3639 320 3707; x_wconf 80' lang='lat' dir='ltr'><strong>Ouia</strong></span> <span class='ocrx_word' id='word_1_513' title='bbox 334 3639 404 3694; x_wconf 84' lang='lat' dir='ltr'><strong>Deua</strong></span> <span class='ocrx_word' id='word_1_514' title='bbox 416 3639 486 3694; x_wconf 77' lang='lat' dir='ltr'><strong>sinit</strong></span> <span class='ocrx_word' id='word_1_515' title='bbox 501 3640 554 3693; x_wconf 83' lang='lat' dir='ltr'><strong>tu?</strong></span> <span class='ocrx_word' id='word_1_516' title='bbox 576 3639 705 3708; x_wconf 73' lang='lat' dir='ltr'><strong>auferent</strong></span> <span class='ocrx_word' id='word_1_517' title='bbox 719 3638 890 3709; x_wconf 83' lang='lat' dir='ltr'><strong>iniquitates,</strong></span> <span class='ocrx_word' id='word_1_518' title='bbox 906 3643 932 3693; x_wconf 88' lang='lat' dir='ltr'><strong>et</strong></span> <span class='ocrx_word' id='word_1_519' title='bbox 985 3639 1089 3695; x_wconf 89' lang='lat' dir='ltr'><strong>diebus</strong></span> <span class='ocrx_word' id='word_1_520' title='bbox 1105 3637 1245 3709; x_wconf 81' lang='lat' dir='ltr'><strong>antiquis,</strong></span> <span class='ocrx_word' id='word_1_521' title='bbox 1262 3635 1380 3690; x_wconf 87' lang='lat' dir='ltr'><strong>dicens:</strong></span> <span class='ocrx_word' id='word_1_522' title='bbox 1404 3634 1468 3690; x_wconf 81' lang='lat' dir='ltr'><strong>Vino</strong></span> <span class='ocrx_word' id='word_1_523' title='bbox 1486 3646 1544 3703; x_wconf 85' lang='lat' dir='ltr'><strong>eqo,</strong></span> <span class='ocrx_word' id='word_1_524' title='bbox 1559 3629 1633 3686; x_wconf 87' lang='lat' dir='ltr'><strong>dicit</strong></span> <span class='ocrx_word' id='word_1_525' title='bbox 1655 3628 1810 3684; x_wconf 80' lang='lat' dir='ltr'><strong>Dominus:</strong></span> 
     </span>
     <span class='ocr_line' id='line_1_39' title="bbox 101 3715 1813 3800; baseline -0.006 -17"><span class='ocrx_word' id='word_1_526' title='bbox 101 3727 299 3784; x_wconf 85' lang='lat' dir='ltr'><strong>transcendens</strong></span> <span class='ocrx_word' id='word_1_527' title='bbox 307 3729 460 3800; x_wconf 83' lang='lat' dir='ltr'><strong>injustitias</strong></span> <span class='ocrx_word' id='word_1_528' title='bbox 466 3726 564 3796; x_wconf 79' lang='lat' dir='ltr'><strong>(duod.</strong></span> <span class='ocrx_word' id='word_1_529' title='bbox 573 3727 636 3797; x_wconf 77' lang='lat' dir='ltr'><strong>nul:</strong></span> <span class='ocrx_word' id='word_1_530' title='bbox 647 3731 680 3783; x_wconf 88' lang='lat' dir='ltr'><strong>ut</strong></span> <span class='ocrx_word' id='word_1_531' title='bbox 689 3726 932 3798; x_wconf 85' lang='lat' dir='ltr'><strong>quomodoexter·</strong></span> <span class='ocrx_word' id='word_1_532' title='bbox 985 3729 1051 3784; x_wconf 87' lang='lat' dir='ltr'><strong>Noto</strong></span> <span class='ocrx_word' id='word_1_533' title='bbox 1066 3734 1180 3782; x_wconf 88' lang='lat' dir='ltr'><strong>mortem</strong></span> <span class='ocrx_word' id='word_1_534' title='bbox 1192 3727 1351 3796; x_wconf 76' lang='lat' dir='ltr'><strong>peccatoris,</strong></span> <span class='ocrx_word' id='word_1_535' title='bbox 1367 3726 1480 3778; x_wconf 91' lang='lat' dir='ltr'><strong>tantum</strong></span> <span class='ocrx_word' id='word_1_536' title='bbox 1494 3727 1526 3775; x_wconf 90' lang='lat' dir='ltr'><strong>ut</strong></span> <span class='ocrx_word' id='word_1_537' title='bbox 1544 3720 1710 3784; x_wconf 83' lang='lat' dir='ltr'><strong>reuertatur,</strong></span> <span class='ocrx_word' id='word_1_538' title='bbox 1723 3723 1751 3772; x_wconf 87' lang='lat' dir='ltr'><strong>et</strong></span> <span class='ocrx_word' id='word_1_539' title='bbox 1766 3715 1813 3780; x_wconf 83' lang='lat' dir='ltr'><strong>ui·</strong></span> 
     </span>
     <span class='ocr_line' id='line_1_40' title="bbox 100 3807 1815 3889; baseline -0.008 -17"><span class='ocrx_word' id='word_1_540' title='bbox 100 3815 363 3888; x_wconf 80' lang='lat' dir='ltr'><strong>minatorAEgypta</strong></span> <span class='ocrx_word' id='word_1_541' title='bbox 378 3815 559 3872; x_wconf 85' lang='lat' dir='ltr'><strong>transcendit</strong></span> <span class='ocrx_word' id='word_1_542' title='bbox 572 3813 821 3889; x_wconf 87' lang='lat' dir='ltr'><strong>populumlsrael,</strong></span> <span class='ocrx_word' id='word_1_543' title='bbox 835 3819 932 3870; x_wconf 93' lang='lat' dir='ltr'><strong>etnon</strong></span> <span class='ocrx_word' id='word_1_544' title='bbox 985 3826 1033 3874; x_wconf 85' lang='lat' dir='ltr'><strong>oct</strong></span> <span class='ocrx_word' id='word_1_545' title='bbox 1055 3814 1164 3889; x_wconf 73' lang='lat' dir='ltr'><strong>(dieat.</strong></span> <span class='ocrx_word' id='word_1_546' title='bbox 1181 3830 1284 3878; x_wconf 83' lang='lat' dir='ltr'><strong>xxxm,</strong></span> <span class='ocrx_word' id='word_1_547' title='bbox 1300 3812 1354 3883; x_wconf 76' lang='lat' dir='ltr'><strong>ll).</strong></span> <span class='ocrx_word' id='word_1_548' title='bbox 1384 3811 1419 3868; x_wconf 80' lang='lat' dir='ltr'><strong>Et</strong></span> <span class='ocrx_word' id='word_1_549' title='bbox 1432 3807 1519 3865; x_wconf 90' lang='lat' dir='ltr'><strong>alibi:</strong></span> <span class='ocrx_word' id='word_1_550' title='bbox 1536 3807 1638 3864; x_wconf 87' lang='lat' dir='ltr'><strong>Statim</strong></span> <span class='ocrx_word' id='word_1_551' title='bbox 1652 3813 1681 3861; x_wconf 89' lang='lat' dir='ltr'><strong>ut</strong></span> <span class='ocrx_word' id='word_1_552' title='bbox 1699 3819 1815 3861; x_wconf 88' lang='lat' dir='ltr'><strong>conuer-</strong></span> 
     </span>
     <span class='ocr_line' id='line_1_41' title="bbox 100 3892 1814 3977; baseline -0.007 -19"><span class='ocrx_word' id='word_1_553' title='bbox 100 3904 229 3960; x_wconf 85' lang='lat' dir='ltr'><strong>vastavit</strong></span> <span class='ocrx_word' id='word_1_554' title='bbox 245 3920 312 3960; x_wconf 88' lang='lat' dir='ltr'><strong>aum</strong></span> <span class='ocrx_word' id='word_1_555' title='bbox 328 3904 417 3977; x_wconf 88' lang='lat' dir='ltr'><strong>(unde</strong></span> <span class='ocrx_word' id='word_1_556' title='bbox 427 3921 444 3960; x_wconf 89' lang='lat' dir='ltr'><strong>a</strong></span> <span class='ocrx_word' id='word_1_557' title='bbox 455 3903 590 3972; x_wconf 87' lang='lat' dir='ltr'><strong>transitu,</strong></span> <span class='ocrx_word' id='word_1_558' title='bbox 599 3905 696 3976; x_wconf 80' lang='lat' dir='ltr'><strong>piosa,</strong></span> <span class='ocrx_word' id='word_1_559' title='bbox 710 3903 739 3959; x_wconf 95' lang='lat' dir='ltr'><strong>id</strong></span> <span class='ocrx_word' id='word_1_560' title='bbox 754 3907 809 3974; x_wconf 87' lang='lat' dir='ltr'><strong>est,</strong></span> <span class='ocrx_word' id='word_1_561' title='bbox 818 3904 932 3975; x_wconf 81' lang='lat' dir='ltr'><strong>pusato,</strong></span> <span class='ocrx_word' id='word_1_562' title='bbox 986 3923 1033 3963; x_wconf 89' lang='lat' dir='ltr'><strong>sus</strong></span> <span class='ocrx_word' id='word_1_563' title='bbox 1042 3902 1324 3975; x_wconf 82' lang='lat' dir='ltr'><strong>inqemueris,sutuns</strong></span> <span class='ocrx_word' id='word_1_564' title='bbox 1334 3892 1814 3959; x_wconf 81' lang='lat' dir='ltr'><strong>eris.Tuncvidebitinimicamea,</strong></span> 
     </span>
     <span class='ocr_line' id='line_1_42' title="bbox 103 3978 1814 4067; baseline -0.009 -18"><span class='ocrx_word' id='word_1_565' title='bbox 103 4009 166 4049; x_wconf 90' lang='lat' dir='ltr'><strong>non</strong></span> <span class='ocrx_word' id='word_1_566' title='bbox 178 3992 300 4065; x_wconf 87' lang='lat' dir='ltr'><strong>accepit)</strong></span> <span class='ocrx_word' id='word_1_567' title='bbox 310 3993 500 4065; x_wconf 88' lang='lat' dir='ltr'><strong>sictuparoas</strong></span> <span class='ocrx_word' id='word_1_568' title='bbox 511 3992 661 4066; x_wconf 80' lang='lat' dir='ltr'><strong>gentibus,</strong></span> <span class='ocrx_word' id='word_1_569' title='bbox 672 4008 862 4064; x_wconf 89' lang='lat' dir='ltr'><strong>nequaquam</strong></span> <span class='ocrx_word' id='word_1_570' title='bbox 873 3990 933 4048; x_wconf 90' lang='lat' dir='ltr'><strong>illis</strong></span> <span class='ocrx_word' id='word_1_571' title='bbox 988 3999 1018 4052; x_wconf 89' lang='lat' dir='ltr'><strong>et</strong></span> <span class='ocrx_word' id='word_1_572' title='bbox 1030 3994 1177 4067; x_wconf 91' lang='lat' dir='ltr'><strong>operietur</strong></span> <span class='ocrx_word' id='word_1_573' title='bbox 1192 3990 1374 4055; x_wconf 82' lang='lat' dir='ltr'><strong>confusione,</strong></span> <span class='ocrx_word' id='word_1_574' title='bbox 1388 4004 1452 4060; x_wconf 81' lang='lat' dir='ltr'><strong>quae</strong></span> <span class='ocrx_word' id='word_1_575' title='bbox 1468 4002 1545 4042; x_wconf 90' lang='lat' dir='ltr'><strong>nunc</strong></span> <span class='ocrx_word' id='word_1_576' title='bbox 1556 3983 1627 4040; x_wconf 87' lang='lat' dir='ltr'><strong>dicit</strong></span> <span class='ocrx_word' id='word_1_577' title='bbox 1641 3982 1731 4039; x_wconf 88' lang='lat' dir='ltr'><strong>adme</strong></span> <span class='ocrx_word' id='word_1_578' title='bbox 1743 3995 1750 4035; x_wconf 93' lang='lat'>:</span> <span class='ocrx_word' id='word_1_579' title='bbox 1764 3978 1814 4037; x_wconf 81' lang='lat' dir='ltr'><strong>dut</strong></span> 
     </span>
     <span class='ocr_line' id='line_1_43' title="bbox 105 4068 1816 4154; baseline -0.008 -17"><span class='ocrx_word' id='word_1_580' title='bbox 105 4083 261 4154; x_wconf 88' lang='lat' dir='ltr'><strong>imputans</strong></span> <span class='ocrx_word' id='word_1_581' title='bbox 276 4081 446 4154; x_wconf 89' lang='lat' dir='ltr'><strong>iniquitates</strong></span> <span class='ocrx_word' id='word_1_582' title='bbox 456 4081 716 4154; x_wconf 90' lang='lat' dir='ltr'><strong>suas.Porroquod</strong></span> <span class='ocrx_word' id='word_1_583' title='bbox 727 4080 876 4152; x_wconf 90' lang='lat' dir='ltr'><strong>sequitur:</strong></span> <span class='ocrx_word' id='word_1_584' title='bbox 888 4083 936 4138; x_wconf 85' lang='lat' dir='ltr'><strong>ilia</strong></span> <span class='ocrx_word' id='word_1_585' title='bbox 988 4088 1029 4140; x_wconf 78' lang='lat' dir='ltr'><strong>est</strong></span> <span class='ocrx_word' id='word_1_586' title='bbox 1041 4084 1174 4139; x_wconf 82' lang='lat' dir='ltr'><strong>Dominus</strong></span> <span class='ocrx_word' id='word_1_587' title='bbox 1189 4083 1334 4137; x_wconf 85' lang='lat' dir='ltr'><strong>Deustuus</strong></span> <span class='ocrx_word' id='word_1_588' title='bbox 1352 4078 1411 4150; x_wconf 78' lang='lat' dir='ltr'><strong>(Pa.</strong></span> <span class='ocrx_word' id='word_1_589' title='bbox 1428 4075 1516 4144; x_wconf 83' lang='lat' dir='ltr'><strong>xc1,l,</strong></span> <span class='ocrx_word' id='word_1_590' title='bbox 1529 4072 1593 4145; x_wconf 74' lang='lat' dir='ltr'><strong>tlt?</strong></span> <span class='ocrx_word' id='word_1_591' title='bbox 1608 4070 1720 4127; x_wconf 80' lang='lat' dir='ltr'><strong>videbo</strong></span> <span class='ocrx_word' id='word_1_592' title='bbox 1736 4068 1765 4124; x_wconf 92' lang='lat' dir='ltr'><strong>in</strong></span> <span class='ocrx_word' id='word_1_593' title='bbox 1780 4082 1816 4124; x_wconf 87' lang='lat' dir='ltr'><strong>ea</strong></span> 
     </span>
     <span class='ocr_line' id='line_1_44' title="bbox 104 4160 1815 4245; baseline -0.008 -19"><span class='ocrx_word' id='word_1_594' title='bbox 104 4173 157 4244; x_wconf 84' lang='lat' dir='ltr'><strong>qni</strong></span> <span class='ocrx_word' id='word_1_595' title='bbox 171 4171 272 4245; x_wconf 83' lang='lat' dir='ltr'><strong>reliqui</strong></span> <span class='ocrx_word' id='word_1_596' title='bbox 285 4171 387 4228; x_wconf 83' lang='lat' dir='ltr'><strong>suntde</strong></span> <span class='ocrx_word' id='word_1_597' title='bbox 401 4170 565 4229; x_wconf 70' lang='lat' dir='ltr'><strong>hereditate</strong></span> <span class='ocrx_word' id='word_1_598' title='bbox 573 4172 643 4243; x_wconf 83' lang='lat' dir='ltr'><strong>ejus,</strong></span> <span class='ocrx_word' id='word_1_599' title='bbox 658 4185 712 4226; x_wconf 87' lang='lat' dir='ltr'><strong>non</strong></span> <span class='ocrx_word' id='word_1_600' title='bbox 724 4171 811 4226; x_wconf 86' lang='lat' dir='ltr'><strong>tenuit</strong></span> <span class='ocrx_word' id='word_1_601' title='bbox 818 4171 849 4226; x_wconf 84' lang='lat' dir='ltr'><strong>in</strong></span> <span class='ocrx_word' id='word_1_602' title='bbox 859 4172 936 4227; x_wconf 87' lang='lat' dir='ltr'><strong>testi·</strong></span> <span class='ocrx_word' id='word_1_603' title='bbox 992 4173 1134 4228; x_wconf 90' lang='lat' dir='ltr'><strong>ultionem</strong></span> <span class='ocrx_word' id='word_1_604' title='bbox 1142 4166 1423 4239; x_wconf 84' lang='lat' dir='ltr'><strong>tuam,cteritquasi</strong></span> <span class='ocrx_word' id='word_1_605' title='bbox 1434 4164 1529 4221; x_wconf 90' lang='lat' dir='ltr'><strong>lutum</strong></span> <span class='ocrx_word' id='word_1_606' title='bbox 1541 4161 1717 4236; x_wconf 85' lang='lat' dir='ltr'><strong>platearum,</strong></span> <span class='ocrx_word' id='word_1_607' title='bbox 1728 4160 1815 4230; x_wconf 84' lang='lat' dir='ltr'><strong>atquc</strong></span> 
     </span>
     <span class='ocr_line' id='line_1_45' title="bbox 104 4245 1814 4333; baseline -0.005 -17"><span class='ocrx_word' id='word_1_608' title='bbox 104 4260 630 4326; x_wconf 88' lang='lat' dir='ltr'><strong>moniumiramsuam,bioastsensus</strong></span> <span class='ocrx_word' id='word_1_609' title='bbox 641 4259 830 4332; x_wconf 80' lang='lat' dir='ltr'><strong>:Sigcntibus</strong></span> <span class='ocrx_word' id='word_1_610' title='bbox 840 4275 939 4333; x_wconf 90' lang='lat' dir='ltr'><strong>peper·</strong></span> <span class='ocrx_word' id='word_1_611' title='bbox 994 4261 1166 4328; x_wconf 87' lang='lat' dir='ltr'><strong>calcabitur,</strong></span> <span class='ocrx_word' id='word_1_612' title='bbox 1182 4275 1218 4315; x_wconf 90' lang='lat' dir='ltr'><strong>ne</strong></span> <span class='ocrx_word' id='word_1_613' title='bbox 1233 4257 1361 4331; x_wconf 87' lang='lat' dir='ltr'><strong>amplius</strong></span> <span class='ocrx_word' id='word_1_614' title='bbox 1376 4257 1412 4313; x_wconf 86' lang='lat' dir='ltr'><strong>do</strong></span> <span class='ocrx_word' id='word_1_615' title='bbox 1432 4255 1496 4312; x_wconf 88' lang='lat' dir='ltr'><strong>luto</strong></span> <span class='ocrx_word' id='word_1_616' title='bbox 1510 4255 1539 4309; x_wconf 92' lang='lat' dir='ltr'><strong>et</strong></span> <span class='ocrx_word' id='word_1_617' title='bbox 1556 4250 1650 4325; x_wconf 88' lang='lat' dir='ltr'><strong>paleis</strong></span> <span class='ocrx_word' id='word_1_618' title='bbox 1664 4245 1814 4322; x_wconf 73' lang='lat' dir='ltr'><strong>AEgyptitt</strong></span> 
     </span>
     <span class='ocr_line' id='line_1_46' title="bbox 104 4347 1283 4423; baseline -0.001 -16"><span class='ocrx_word' id='word_1_619' title='bbox 104 4349 159 4418; x_wconf 87' lang='lat' dir='ltr'><strong>cii,</strong></span> <span class='ocrx_word' id='word_1_620' title='bbox 170 4366 235 4422; x_wconf 80' lang='lat' dir='ltr'><strong>que</strong></span> <span class='ocrx_word' id='word_1_621' title='bbox 247 4349 315 4423; x_wconf 80' lang='lat' dir='ltr'><strong>Legi</strong></span> <span class='ocrx_word' id='word_1_622' title='bbox 323 4350 349 4422; x_wconf 89' lang='lat' dir='ltr'><strong>ej</strong></span> <span class='ocrx_word' id='word_1_623' title='bbox 356 4367 390 4406; x_wconf 89' lang='lat' dir='ltr'><strong>us</strong></span> <span class='ocrx_word' id='word_1_624' title='bbox 399 4349 517 4407; x_wconf 87' lang='lat' dir='ltr'><strong>credere</strong></span> <span class='ocrx_word' id='word_1_625' title='bbox 526 4348 725 4415; x_wconf 89' lang='lat' dir='ltr'><strong>noluerunt,et</strong></span> <span class='ocrx_word' id='word_1_626' title='bbox 735 4347 786 4421; x_wconf 90' lang='lat' dir='ltr'><strong>qui</strong></span> <span class='ocrx_word' id='word_1_627' title='bbox 796 4349 938 4421; x_wconf 82' lang='lat' dir='ltr'><strong>superflui</strong></span> <span class='ocrx_word' id='word_1_628' title='bbox 995 4354 1127 4409; x_wconf 84' lang='lat' dir='ltr'><strong>exstruat</strong></span> <span class='ocrx_word' id='word_1_629' title='bbox 1141 4349 1283 4406; x_wconf 87' lang='lat' dir='ltr'><strong>civitates.</strong></span> 
     </span>
    </p>
   </div>
   <div class='ocr_carea' id='block_1_3' title="bbox 0 0 1914 6104">
    <p class='ocr_par' dir='ltr' id='par_1_4' title="bbox 0 0 1914 6104">
     <span class='ocr_line' id='line_1_47' title="bbox 0 0 1914 6104; baseline 0 0"><span class='ocrx_word' id='word_1_630' title='bbox 0 0 1914 6104; x_wconf 95' lang='lat' dir='ltr'><strong> </strong></span> 
     </span>
    </p>
   </div>
  </div>
 </body>
</html>
