3840 6098
185 288 266 355 latr
813 294 846 358 S.
869 290 1025 360 nassau
1047 292 1270 361 nauseatus
1826 284 1891 357 1111

183 423 415 496 dissipaverunt3
426 438 642 498 armaquoque‚
654 426 797 500 quadum
806 427 1010 485 contumeliosi
1024 428 1052 495 Α
1068 427 1135 500 lpsa
1145 432 1243 485 eutem
1253 426 1690 486 mundisubetantiaetomnes
1706 422 1890 499 ancillasque,

182 516 289 580 esseut,
306 512 414 569 babere
439 520 661 582 consueverant,
686 520 716 572 et
739 518 817 574 aaa
842 518 948 589 quibus
966 518 1010 573 in·
1066 521 1223 590 postquam
1233 535 1264 574 se
1274 516 1388 575 Christo
1399 516 1587 589 subjecerint,
1601 520 1633 572 et
1648 514 1675 571 si
1684 514 1802 573 servire
1815 532 1887 590 espa

182 602 283 658 firmos
299 620 432 675 quosque
443 610 659 676 oppresserant,
671 607 895 680 confregerunt:
918 611 946 662 et
956 606 1010 663 hoo
1065 607 1133 673 rint,
1151 607 1286 681 dicentur
1301 605 1372 662 late
1388 611 1474 679 atquo
1498 606 1678 678 gaudentes,
1707 608 1740 659 et
1754 620 1792 659 ex
1804 603 1887 662 intimo

183 707 241 748 non
255 690 352 747 solum
369 693 509 762 lecerunt,
526 695 729 751 verumetiam
751 697 829 751 viros
854 681 943 752 fortes
959 695 1010 768 qui
1065 695 1256 751 confessionis
1273 695 1358 751 corde
1385 695 1548 762 credentes,
1576 696 1621 750 ita
1648 699 1685 750 ut
1701 692 1885 751 columbum

179 778 354 846 illudebant,
370 781 399 837 in
426 782 493 854 igne
516 784 762 855 disperdiderunt.
787 785 956 852 Considera,
972 802 1009 841 an
1065 781 1886 856 munditiacomparentur,murmurabuntseuloqnentar

179 868 361 942 possisviros
370 870 459 926 lortcs
473 871 568 927 dicere
579 872 735 928 illudentes
747 873 777 928 iu
797 873 873 946 igne,
891 874 1008 930 sortitu·
1063 871 1092 928 in
1106 873 1245 929 cordibus
1256 875 1328 929 suis.
1340 874 1375 929 Et
1386 878 1455 929 tunc
1467 870 1686 945 adimplebitur
1695 871 1781 944 quod
1791 870 1885 928 inam·

179 956 263 1013 dines
276 959 446 1028 contrarias,
460 976 523 1031 qna
536 961 704 1017 ministrant
719 962 890 1018 ardentibus
897 961 1007 1034 jaculis
1063 963 1174 1035 gesimo
1190 962 1313 1035 septimo
1329 962 1443 1034 psalmo
1464 963 1500 1018 de
1527 961 1653 1017 victoria
1680 959 1799 1015 dicitur
1810 959 1887 1017 Salsa-

179 1045 299 1113 diaboli,
316 1046 366 1118 qui
384 1047 473 1104 sortes
488 1053 518 1104 et
539 1048 696 1106 illudentes
721 1052 869 1123 quondam
894 1051 923 1106 in
941 1051 1006 1124 igne
1062 1051 1151 1106 toris:
1168 1051 1365 1108 larendensis
1384 1054 1481 1123 cltum,
1506 1052 1653 1122 copi-ioum
1678 1051 1772 1107 duxit
1793 1051 1885 1122 aeplici-

180 1135 271 1192 Jacob
286 1141 314 1192 et
330 1136 418 1192 lsrael
433 1138 581 1194 habebant
600 1156 704 1196 currus
730 1146 758 1196 et
781 1157 882 1213 equos,
900 1141 1007 1213 quibus
1062 1143 1164 1196 tooem:

177 1225 283 1281 conciti
300 1224 474 1282 terebantur
488 1227 516 1282 in
533 1227 644 1284 bellum
665 1228 694 1283 in
720 1229 766 1285 die
786 1231 1006 1303 preparationis
1096 1229 1188 1299 (Vere.
1205 1230 1233 1296 8,
1249 1229 1653 1306 9.)Etllliniucquosipiscina
1666 1244 1816 1299 aquomm
1827 1246 1887 1307 open

177 1331 247 1370 suae.
258 1314 623 1387 Horumigiturcurruum
642 1317 798 1374 habenaet
809 1319 922 1390 equites
937 1334 1006 1374 oon·
1061 1317 1445 1390 ejoazepsioerosoperont.
1464 1317 1547 1384 State,
1566 1319 1649 1382 stote,
1682 1320 1713 1372 et
1735 1320 1887 1392 Μαῖρα·

132 1416 136 1425 ’
176 1403 376 1459 turbabuntur
396 1404 426 1459 in
445 1404 875 1474 itineribus,etcollidenturin
888 1406 1003 1478 plateis,
1060 1405 1661 1478 reuertatur:diripiteorpon-tum,diripite
1675 1415 1887 1465 aarumtetu

176 1492 293 1564 quando
305 1491 501 1550 illustratione
512 1495 626 1550 Domini
635 1496 723 1551 Jacob
734 1500 762 1551 et
771 1495 859 1551 lsrael
870 1496 908 1567 (a)
920 1495 1004 1552 illus·
1059 1494 1550 1567 estfioisdioiliortun(e)e:comnibus
1560 1495 1641 1550 vasis
1651 1494 1886 1554 caiacum

173 1585 261 1649 troto,
277 1585 338 1638 tam
355 1583 608 1655 damonesquam
630 1584 660 1639 bi
683 1584 732 1656 qui
757 1601 858 1640 eorum
874 1583 1005 1642 serviunt
1059 1583 1146 1639 LXX:
1164 1584 1395 1640 sterneremus
1415 1584 1525 1655 piscino
1547 1598 1695 1654 aquaram
1722 1587 1885 1658 aquaist:

174 1663 488 1737 voluntati,a[)omino
496 1673 713 1729 subvertentur.
726 1677 887 1730 Possumus
897 1674 958 1729 haee
967 1673 1004 1730 de
1057 1676 1082 1728 et
1098 1674 1152 1739 ipsi
1164 1675 1300 1744 sopientes
1314 1689 1368 1728 noa
1384 1677 1535 1728 steterunt:
1550 1680 1654 1728 atnoe
1669 1677 1736 1729 erut
1751 1690 1800 1746 pua
1811 1674 1886 1747 reapt-

174 1759 269 1832 primo
280 1760 344 1832 ejus
356 1761 480 1817 adventu
493 1760 664 1835 intelligere,
677 1766 793 1834 quando
809 1763 863 1818 viri
876 1763 964 1818 sortes
974 1767 1003 1818 et
1057 1764 1129 1816 cerel
1142 1779 1148 1817 :
1159 1763 1329 1832 diripiebant
1337 1770 1492 1833 arpentum,
1502 1760 1681 1832 diripiebant
1689 1778 1804 1835 nunna
1812 1771 1886 1821 dm

173 1847 330 1921 agitatores
346 1865 488 1906 curruum
504 1855 531 1907 et
556 1850 669 1923 equites
696 1850 912 1923 loquebantur:
930 1852 1003 1920 Quid
1056 1858 1116 1906 erat
1130 1851 1195 1921 finis
1210 1851 1367 1907 ornamenti
1381 1852 1461 1923 ejas:
1478 1854 1631 1922 appruueto
1653 1855 1793 1923 estsuper
1806 1854 1886 1909 omis

170 1937 249 1994 notia
263 1943 290 1993 et
305 1939 365 2007 titi,
384 1939 427 2009 fili
441 1939 528 1996 llooid
538 1944 551 1994 l
561 1941 662 1996 venisti
675 1944 741 1996 cole
755 1945 861 2012 tempus
877 1945 1002 2012 torquere
1055 1955 1120 1993 noso
1130 1941 1450 2010 cmcccpisciemliaeaua.
1464 1939 1655 2011 Manifestum
1668 1943 1719 1995 cst
1729 1941 1817 2013 quod,
1826 1940 1884 1998 ciri·

173 2027 570 2098 noalliottlt.v111,2t>)‘?Sel
596 2029 735 2102 quonium
761 2028 851 2086 semel
875 2030 1000 2102 prophe·
1055 2026 1885 2103 tatibusNinive(quaslilinsejusScripturacognominst)

173 2116 245 2173 tiam
255 2123 355 2181 contre
365 2117 488 2173 Niniven
497 2118 533 2173 de
542 2118 795 2174 consummatione
808 2119 909 2174 mundi
924 2134 1002 2175 acce·

172 2205 281 2279 pimus,
295 2205 401 2261 melius
412 2209 466 2272 est,
480 2206 666 2272 utdicamus,
685 2223 767 2263 arma
787 2207 921 2279 potentia
941 2207 1002 2263 dia·

171 2292 230 2351 boli
241 2297 312 2350 tunc
321 2293 384 2350 tolli
396 2295 431 2350 ab
441 2295 622 2360 bominibus,
632 2300 660 2351 et
668 2295 818 2352 ministros
828 2296 997 2367 ejuslorles,

1055 2115 1084 2171 in
1100 2117 1298 2188 captivitatem
1314 2117 1457 2182 deductis,
1483 2117 1547 2187 ipsa
1571 2116 1696 2185 Ninive,
1722 2134 1788 2191 qua
1800 2123 1884 2177 lauba

1055 2207 1198 2260 nutrierat
1213 2205 1348 2278 populos,
1364 2210 1396 2261 ut
1410 2204 1594 2277 piscinarum
1610 2206 1706 2278 aquis
1716 2222 1883 2282 comem

1055 2298 1114 2361 tur,
1125 2292 1260 2348 inutilem
1272 2293 1377 2348 habeat
1388 2293 1631 2350 multitudinem:
1647 2295 1728 2352 dum
1739 2295 1883 2353 nullasu

171 2383 222 2456 qui
232 2382 396 2439 illudebant
405 2382 576 2440 homiuibus
587 2384 616 2440 in
628 2384 703 2457 igne.
714 2384 822 2440 Omnes
830 2385 908 2440 enim
919 2384 1000 2440 adul·
1055 2381 1105 2454 qui
1116 2381 1245 2449 resistat,
1257 2386 1285 2437 et
1295 2382 1469 2437 irruentium
1492 2381 1733 2455 Babyloniorum
1755 2385 1881 2459 impetum

170 2475 298 2528 terentes
322 2472 407 2545 quasi
441 2471 575 2529 olibanus
600 2474 687 2529 corda
708 2490 808 2530 eorum
835 2474 910 2546 (Osee
935 2476 996 2541 111):
1053 2471 1137 2526 leret.
1150 2471 1281 2526 Habebat
1292 2469 1369 2526 enim
1382 2469 1517 2543 populos,
1530 2471 1580 2542 qui
1592 2473 1878 2548 tantummodologa·

170 2559 999 2634 vinculaquoquequibuscaptivinarrabanturinvitia,et
1052 2559 1879 2636 rent,etclamantematre:State,state,olauditeporbs,

170 2665 338 2706 ascensores
347 2667 487 2706 curruum
496 2650 998 2723 relaxari.Timebuutenimequites
1052 2664 1154 2703 muros
1169 2647 1328 2714 ascendite,
1344 2648 1481 2704 hostibus
1496 2654 1676 2719 repugnate,
1698 2651 1880 2709 nullusnest

169 2737 199 2793 in
215 2736 351 2806 exitibus,
366 2739 421 2795 boc
441 2744 497 2810 est,
515 2740 544 2795 in
568 2740 822 2797 consummatione
838 2739 952 2803 mundi,
968 2743 997 2794 et
1051 2737 1144 2809 quild)
1156 2741 1358 2803 reverteretur,
1368 2752 1454 2792 nemo
1465 2737 1735 2809 quirespiceretad
1750 2744 1879 2797 matrem:

70 2887 76 2893 ,
169 2826 395 2899 confundentur,
425 2832 454 2884 et
479 2827 654 2885 collidentur
680 2845 784 2885 currus
812 2829 841 2883 in
873 2827 994 2898 plateis;
1051 2825 1102 2881 sed
1119 2842 1222 2882 omnes
1237 2830 1318 2898 terga
1332 2829 1486 2892 vertentes,
1504 2826 1608 2898 praedae
1631 2826 1879 2887 inimicorumde

170 2915 306 2988 quamvis
316 2916 394 2972 onim
406 2916 465 2973 lata
475 2924 502 2973 et
514 2918 645 2990 spatiosa
654 2918 701 2973 via
716 2918 764 2985 sit,
785 2934 849 2989 qua
866 2916 946 2972 ducit
959 2915 995 2971 ad
1050 2920 1180 2971 sererent
1190 2913 1347 2970 civitatem.
1360 2913 1442 2970 Unde
1454 2913 1561 2970 dicitur
1573 2915 1610 2971 ad
1619 2916 1881 2992 Babylonios,qnie

169 3008 293 3060 mortem
304 3004 408 3078 (daut.
421 3008 470 3078 vu)
483 3023 489 3061 :
500 3010 598 3062 tamen
610 3022 746 3078 pressuro
758 3005 898 3076 temporis
913 3020 994 3059 coar·
1050 3003 1092 3059 illi
1108 3005 1257 3077 fugerunt,
1273 3003 1391 3076 diripite
1416 3006 1582 3076 argentum,
1608 3008 1640 3061 et
1658 3009 1747 3064 tanto
1763 3013 1879 3081 tempora

169 3092 248 3165 etati,
260 3099 373 3150 rectum
387 3094 442 3151 iter
452 3093 582 3151 invenire
593 3111 649 3150 non
661 3099 819 3166 poterunt;
845 3093 895 3150 sed
918 3092 947 3147 in
963 3109 994 3148 se
1049 3097 1239 3164 congregatas
1264 3108 1333 3164 opes
1357 3091 1454 3148 subita
1476 3093 1554 3151 516
1585 3095 1760 3153 vastatione
1781 3096 1880 3170 preda·

168 3181 290 3238 invicem
302 3180 487 3249 collidentur,
500 3185 528 3239 et
539 3182 730 3239 nibilominus
750 3182 906 3254 spirabunt
916 3184 991 3236 vete·
1006 3168 1028 3235 C
1049 3181 1133 3238 mini.
1146 3181 1209 3237 Non
1220 3180 1297 3237 enim
1309 3185 1354 3236 est
1364 3181 1431 3237 linis
1443 3180 1627 3251 divitiarum,
1654 3184 1879 3259 supellectiliast

168 3287 230 3328 rem
242 3272 380 3344 furorem,
400 3272 522 3344 etquasi
536 3270 718 3344 fulgurahuc
742 3270 992 3343 illucquediecur·
1050 3287 1198 3340 vasorum,
1215 3287 1279 3343 quae
1293 3271 1322 3325 in
1338 3270 1439 3327 Ninive
1455 3271 1573 3328 condita
1584 3277 1680 3331 sunt:
1703 3291 1759 3332 neo
1769 3274 1879 3348 potestis

167 3364 242 3416 rent.
255 3360 391 3429 Videbam,
403 3360 500 3431 inquit
511 3361 661 3426 Dominus,
670 3365 796 3416 sumnam
806 3362 886 3432 quusi
896 3359 995 3434 sulpur
1050 3363 1165 3416 tantum
1176 3376 1288 3432 rapere,
1301 3364 1446 3433 quantum
1456 3361 1491 3416 ad
1501 3360 1810 3434 diripiendumillase
1819 3380 1878 3437 pra·

167 3448 518 3523 caesareamque.
535 3468 562 3520 x,
580 3451 633 3520 18).
648 3451 729 3515 Quod
742 3467 809 3505 curn
821 3448 955 3505 diabolus
966 3451 995 3503 et
1051 3451 1108 3505 bet.
1125 3449 1182 3505 Sed
1197 3449 1266 3521 qnia
1280 3449 1402 3507 Niniven
1418 3450 1595 3522 speoiosam,
1611 3451 1644 3507 id
1661 3458 1719 3521 est,
1743 3453 1877 3511 munden

167 3554 270 3595 omnes
280 3539 437 3612 optimates
458 3540 522 3610 oJus
542 3538 746 3607 intellexerint,
764 3538 995 3594 recordabuntur
1051 3537 1141 3594 semel
1157 3538 1296 3609 diximus,
1312 3537 1464 3594 videamus
1480 3555 1544 3609 quae
1561 3539 1694 3610 pissime
1716 3542 1755 3597 sit
1768 3540 1877 3599 mnndi.

167 3628 834 3702 consummationisquaeolimlueratpraedicta,
848 3632 876 3682 et
884 3625 995 3698 fugient
1006 3699 1009 3704 ἡ
1049 3631 1111 3682 Non
1120 3627 1412 3699 eitScriptura,quod
1422 3642 1503 3698 aqua
1512 3626 1626 3683 Ninive
1638 3628 1878 3703 sintquaeiaque

166 3715 197 3773 ln
212 3716 325 3775 diebus.
351 3718 543 3792 Nequaquam
558 3719 637 3775 enim
651 3717 847 3775 versabuntur
860 3715 889 3769 in
906 3713 996 3770 nocti-

167 3806 234 3875 bus,
247 3808 298 3865 sed
312 3807 487 3864 clarescente
499 3807 555 3874 die,
568 3808 692 3864 tenebrae
703 3805 893 3877 fugabuntur,
911 3808 939 3858 et
950 3803 994 3857 in-

166 3897 364 3954 ssrmabunlur
384 3896 414 3952 in
438 3897 551 3963 itinere,
578 3913 635 3952 non
660 3894 855 3968 proficientes,
880 3909 932 3948 neo
947 3900 995 3947 ex*

1049 3714 1878 3791 maris,neoquasiaquefluminum,necquasiaquaslon·

1048 3805 1134 3877 tium,
1151 3822 1203 3861 nec
1219 3805 1303 3878 quasi
1327 3822 1409 3877 aquas
1429 3808 1597 3877 puteorum,
1621 3806 1677 3891 sed
1702 3807 1789 3879 quasi
1803 3822 1875 3881 aqua

1048 3893 1167 3965 piscina
1180 3912 1186 3949 :
1203 3898 1235 3949 ut
1245 3894 1390 3966 quomodo
1403 3893 1433 3948 in
1445 3893 1573 3949 ‚Ieremia
1584 3894 1719 3968 populus
1738 3897 1872 3970 arguitur,

166 3983 461 4058 planteslb)conatus
473 4000 552 4052 suos,
575 3988 603 4039 et
626 3982 807 4039 festinabunt
830 3982 866 4037 ad
883 3997 992 4037 muros.
1050 3983 1099 4055 qui
1111 3982 1265 4054 dereliquit
1279 3983 1481 4054 fontemaquas
1500 3982 1580 4051 viva,
1601 3988 1633 4039 et
1648 3984 1872 4044 soditsibileeas

167 4074 280 4129 Tantus
291 4072 456 4144 quippeeos
468 4072 610 4129 venientis
622 4071 736 4128 Domini
758 4074 852 4128 terror
866 4070 994 4137 invadet,
1049 4071 1199 4138 contritos,
1216 4071 1266 4143 qui
1287 4089 1344 4127 non
1372 4076 1497 4143 possunt
1525 4087 1635 4144 aquam
1667 4073 1819 4133 continere
1830 4073 1875 4147 (10¹

154 4162 197 4215 'et
211 4163 272 4214 tam
287 4158 447 4216 imbecilles
463 4160 498 4216 ed
515 4161 737 4234 repugnandum
753 4160 828 4218 ono
850 4165 945 4225 erunt,
964 4162 997 4215 ut
1048 4177 1117 4216 rem.
1131 4164 1164 4229 11)
1179 4177 1185 4214 :
1199 4160 1241 4216 sio
1252 4161 1321 4216 etin
1333 4160 1435 4217 Ninive
1446 4176 1548 4217 omnes
1561 4176 1647 4232 aquae
1665 4162 1726 4220 illae
1746 4164 1815 4232 sint,
1822 4174 1878 4237 qm.

168 4245 206 4304 ad
225 4247 367 4305 terminos
392 4249 495 4305 mundi
523 4250 649 4323 fugiant,
679 4249 887 4323 quibusquasi
903 4250 995 4304 muris
1049 4248 1084 4304 de
1099 4247 1170 4305 ooelo
1187 4248 1356 4315 ceciderint,
1371 4253 1400 4304 et
1413 4248 1567 4321 antiquam
1590 4247 1873 4310 altitudinemralis·

169 4337 298 4393 mundus
308 4336 508 4394 includituret
519 4339 658 4406 ambitur,
667 4339 908 4412 otpraeparabunt
917 4354 948 4394 se
958 4338 994 4394 ad
1049 4343 1184 4410 quentes,
1197 4338 1226 4393 in
1239 4338 1297 4394 ima
1310 4337 1436 4409 delapsa
1447 4338 1517 4394 sint.
1530 4337 1641 4394 Omnia
1657 4340 1742 4397 enim
1753 4341 1873 4417 dogma

168 4425 376 4484 resistendum.
388 4428 538 4492 Quomodo
549 4429 574 4485 si
585 4428 652 4500 quis
663 4427 927 4501 inimicumsugiat,
936 4445 995 4484 non
1048 4425 1152 4482 mundi
1166 4425 1266 4497 hujus,
1280 4442 1343 4498 qua
1356 4430 1437 4481 extra
1448 4425 1557 4481 sontem
1569 4431 1646 4482 sunt
1662 4428 1808 4495 Ecclesiae,
1818 4427 1871 4486 te

169 4516 281 4572 audens
292 4516 318 4572 ei
330 4516 476 4588 resistere,
492 4517 604 4573 eumad
623 4516 812 4573 solitudinem
832 4515 952 4584 venerit,
969 4513 994 4572 si
1010 4541 1033 4608 D
1049 4520 1172 4586 tumque
1182 4515 1342 4585 signalum,
1355 4530 1408 4570 nec
1418 4514 1654 4587 possuntdioere
1667 4519 1820 4575 :flaminis
1830 4517 1870 4574 h·

168 4602 343 4661 sortehostis
354 4607 504 4676 sequatur,
514 4603 688 4660 necessitate
698 4604 993 4678 cogiturrepugnare.
1046 4612 1125 4677 peteo
1140 4603 1262 4674 laetificat
1277 4604 1414 4660 ciuitatem
1428 4604 1476 4659 Dei
1491 4603 1548 4675 (Pa.
1564 4619 1631 4661 xcv.
1644 4607 1695 4679 ll:
1717 4602 1871 4665 neodeilffl

168 4691 277 4748 Verum
293 4690 352 4749 illis
368 4692 422 4748 hoc
437 4692 646 4766 cogitantibus,
662 4694 799 4750 universa
822 4710 888 4762 quae
903 4694 938 4750 ab
953 4693 994 4749 eis
1050 4691 1134 4765 aquis
1145 4697 1287 4765 suntque
1299 4689 1486 4765 supercoelos
1502 4690 1627 4749 landant
1638 4711 1752 4754 nomen
1762 4686 1870 4763 numid,

168 4781 286 4838 obtenta
296 4780 446 4837 fuerantet
459 4797 605 4854 possessa,
619 4783 802 4855 proterentur
813 4783 843 4837 in
853 4781 994 4849 medium,
1050 4781 1184 4855 quamvis
1195 4798 1303 4855 magna
1314 4783 1478 4848 videantur,
1493 4783 1592 4837 tamen
1604 4798 1702 4856 parva
1718 4788 1870 4843 auritatae·

168 4874 197 4928 et
207 4869 375 4944 aperientur
381 4874 471 4943 porte
482 4887 555 4944 quas
566 4871 743 4941 clauserant,
754 4877 783 4928 et
797 4887 994 4945 regnaeorum
1049 4875 1136 4944 gusto
1146 4871 1203 4928 line
1211 4870 1359 4927 conclusa.
1371 4875 1429 4926 Neo
1439 4873 1553 4926 moveat
1564 4875 1745 4946 quempiam
1755 4869 1869 4948 quiesi*

169 4961 283 5028 cadent,
299 4963 327 5015 ot
343 4960 518 5028 substantio,
534 4960 563 5015 id
578 4964 632 5027 est,
648 4960 755 5016 divitia
778 4959 993 5017 revelabuntur.
1048 4960 1296 5016 cinaminmalam
1304 4958 1710 5032 partemlelaooipimus‚cum
1717 4960 1866 5037 inspirent

206 5124 331 5197 (aldum
361 5123 464 5191 nostri,
494 5127 569 5190 tum,
586 5137 659 5192 quos
674 5119 820 5175 Victorius
836 5119 994 5187 consuluit,
1050 5130 1138 5177 retur.
1344 5157 1355 5166 .

169 5195 320 5253 Florentia
334 5195 448 5250 codices
463 5210 515 5265 pro
526 5193 673 5259 illustrato,
695 5189 796 5264 legunt
818 5200 924 5247 sonato.
941 5192 996 5247 No·
1086 5193 1122 5264 (c)
1136 5192 1282 5248 Occursus
1294 5191 1426 5263 ejusdem
1440 5190 1520 5246 verbi
1537 5194 1656 5264 osopio,
1679 5200 1715 5251 ut
1734 5210 1796 5269 qna
1808 5193 1863 5248 inte
1919 5247 1920 5251 ,

169 5263 605 5339 tatumquesortealludiillud
634 5264 706 5320 Osee
733 5280 783 5334 vu,
814 5263 996 5321 Cumsooare
1051 5263 1308 5332 mediasunl,aut
1333 5265 1450 5334 penitus
1479 5263 1718 5335 preterireutur,
1736 5271 1786 5325 aut
1805 5260 1861 5321 mab
1919 5294 1920 5324 l

170 5341 266 5397 vetlem
283 5340 377 5395 loroet.
1051 5333 1269 5408 supplerentur,
1280 5333 1356 5390 lecit.
1367 5333 1647 5392 Martianausnullo
1656 5330 1861 5398 sensatorum

218 5411 243 5481 b)
259 5411 321 5467 Duo
338 5427 421 5476 mss,
438 5409 575 5481 explentes
589 5408 722 5480 copitotus
745 5421 816 5462 suos.
1050 5409 1116 5479 quie
1124 5409 1262 5479 piscinam
1278 5408 1308 5462 in
1323 5407 1433 5489 malam·
1441 5408 1549 5478 portem
1564 5411 1737 5478 occepimus
1759 5404 1860 5479 lisois
1916 5369 1920 5468 i

217 5486 242 5550 o)
255 5482 372 5554 Regina
389 5498 445 5538 ms.
463 5496 530 5537 cum
547 5479 694 5546 Palatinis,
710 5494 760 5549 pro
784 5477 909 5535 oronites
923 5481 996 5535 uasis
1049 5482 1124 5544 cino,
1141 5478 1176 5534 od
1190 5494 1272 5551 quom
1286 5479 1376 5543 lanio,
1389 5478 1466 5549 fitius
1480 5479 1585 5545 dmotz,
1606 5485 1667 5537 etc.
1693 5479 1864 5540 Victoriam

170 5551 310 5610 deciderit.
1051 5551 1168 5626 ingenio
1179 5550 1253 5608 duas
1263 5547 1383 5606 voculas
1393 5566 1456 5606 cam
1466 5551 1503 5607 ait
1515 5550 1611 5609 verbis
1626 5552 1683 5611 aa
1690 5555 1863 5629 ρὺσὴιιμῐΙ·

207 5620 245 5694 (lt)
261 5623 341 5681 Idem
356 5623 472 5697 Regiae
488 5622 552 5680 cod.
565 5624 617 5695 pai
638 5622 789 5691 relatores,
811 5638 864 5694 pro
879 5625 998 5681 reverte·
1050 5637 1173 5695 ponens,
1190 5625 1351 5694 utcumque
1365 5619 1483 5681 sarcivit
1495 5618 1605 5682 locum.
1624 5612 1862 5687 susannae
