3840 6098
107 311 167 391 ter
744 320 778 385 s.
800 320 955 387 nassau
977 321 1198 386 nmeorrut
1750 314 1815 384 ces

108 458 214 519 dacem
228 470 294 515 esec
307 454 435 528 foderis,
449 453 505 514 hoc
520 458 575 526 ast,
590 452 687 530 Legis,
703 456 732 512 et
755 452 936 513 Testamenti
948 459 977 528 A
991 455 1107 515 tiochus
1122 455 1261 531 expulsus
1276 455 1313 514 ab
1327 446 1467 532 Egyptis,
1482 451 1597 514 venisse
1619 453 1687 512 eum
1712 452 1742 511 in
1757 442 1814 513 iu'·

104 549 167 610 Dei.
184 546 410 620 utingreatetur
424 547 512 604 urbes
527 546 699 614 ditissimas,
724 549 753 603 et
766 544 853 604 iaciat
866 562 930 619 que
986 544 1089 613 deam,
1119 545 1173 603 hoc
1197 549 1242 603 est
1256 545 1395 602 adversus
1424 545 1644 603 Testamentum
1673 546 1814 601 sanctum

104 655 163 698 non
180 637 312 695 iecerunt
325 639 425 710 patres
439 636 515 708 ejus,
543 639 572 695 et
593 639 692 710 patres
706 637 824 709 patrum
839 633 930 693 illiue.
985 638 1014 693 et
1037 635 1180 708 spoliasse
1198 632 1353 709 templum,
1385 638 1414 692 et
1431 633 1495 692 euri
1523 633 1629 691 tulisse
1652 631 1814 706 quamplu-

104 727 212 786 anlus
227 726 306 784 enim
321 725 491 783 iudeorum
505 726 616 799 absque
630 724 810 782 Antichristo
825 723 856 781 in
870 727 931 782 toto
985 724 1105 794 nimum,
1126 723 1281 798 positoque
1293 723 1325 780 in
1338 739 1404 780 arce
1427 723 1563 796 praesidio
1606 722 1814 792 Macedonum,

104 810 247 892 umquem
262 814 480 888 orberegnsait.
490 814 527 872 lit
541 818 643 872 contra
653 813 841 872 firmissimas
856 815 932 888 cogi-
984 829 1133 871 reversum
1145 814 1175 870 in
1186 817 1294 870 terram
1306 813 1440 870 suamlit
1452 816 1519 886 post
1529 812 1683 869 biennium
1693 826 1814 869 rursum

103 907 232 966 tationes
250 908 420 962 sanctorum
434 903 522 961 inibit
531 902 697 969 eonsilium,
710 903 854 977 facietque
867 903 932 960 uni·
985 907 1085 960 contra
1100 902 1288 960 Ptolemeum
1312 903 1472 960 exercitum
1500 902 1574 960 sat
1605 914 1813 975 congregasse,

103 1008 190 1055 verse
203 1008 298 1068 usque
311 993 348 1051 ad
363 996 482 1066 tempus
504 1009 512 1050 ι
537 992 629 1050 donec
643 1008 712 1050 eum
732 992 782 1050 Dei
796 992 931 1050 voluntas
985 995 1014 1050 et
1026 992 1140 1050 venisse
1155 993 1192 1049 ed
1205 995 1357 1049 Austrum.
1373 991 1505 1064 Cumque
1522 992 1580 1048 duo
1596 990 1700 1059 iratres
1715 989 1813 1048 Ptole-

104 1086 200 1144 isoere
214 1083 271 1141 ista
285 1082 460 1159 permiserit.
984 1081 1060 1148 mei,
1076 1080 1233 1154 Cleopatra
1250 1080 1313 1150 filii,
1329 1096 1455 1154 quorum
1473 1079 1636 1137 avunculus
1650 1083 1722 1146 erat,
1735 1078 1814 1137 obsi·

140 1173 282 1248 (Nerati,
297 1172 399 1245 eoem
412 1171 594 1228 concitabitur
607 1168 739 1244 foerdo
750 1219 752 1225 ,
762 1171 830 1243 eius,
845 1181 871 1229 et
885 1187 931 1228 ear
984 1172 1124 1229 derantur
1141 1168 1334 1239 Alexandria,
1356 1169 1468 1243 legatos
1495 1168 1610 1225 venisse
1637 1168 1789 1227 Romanos
1804 1185 1812 1225 :

105 1266 167 1331 eius
181 1261 310 1319 adversae
322 1274 414 1332 repem
422 1258 518 1316 Austri
527 1261 559 1316 ia
572 1260 695 1318 exercita
708 1275 818 1332 maeno
835 1262 868 1316 lit
881 1276 932 1317 rea
984 1275 1109 1333 quorum
1120 1275 1199 1315 unus
1209 1257 1324 1315 Nereus
1342 1258 1380 1331 (b)
1395 1257 1526 1331 Popilius
1541 1257 1644 1328 Lenes,
1659 1272 1728 1314 cum
1743 1272 1815 1314 eum

103 1351 198 1409 Austri
219 1349 411 1422 provocabitur
424 1346 462 1406 ad
486 1347 586 1405 tellum
599 1349 695 1406 mattis
710 1348 866 1421 amitttat
877 1353 932 1421 tor·
984 1351 1112 1407 stantem
1127 1347 1289 1405 invenisset
1298 1347 1329 1403 in
1352 1346 1458 1418 littore,
1475 1345 1815 1410 etsenatusooneultum

105 1438 180 1498 tibae
199 1438 286 1496 nimie
302 1454 309 1495 :
323 1441 352 1495 et
363 1453 418 1494 eon
433 1437 557 1511 stabunt,
572 1439 638 1511 qaia
652 1436 764 1495 inibant
784 1439 930 1495 ademtam
985 1437 1125 1505 dedisset,
1140 1453 1198 1510 quo
1210 1436 1370 1508 iubebatur
1384 1436 1421 1493 ab
1436 1435 1540 1493 amicis
1555 1435 1659 1510 popuii
1687 1432 1815 1492 Romani

103 1528 172 1585 eiam
185 1525 356 1585 consiliadt
369 1527 527 1584 condentes
537 1542 718 1600 panemoum
733 1544 766 1584 eo
782 1529 932 1585 conterent
984 1527 1128 1598 recedere,
1145 1529 1174 1583 et
1187 1541 1241 1583 suo
1255 1523 1378 1597 imperio
1393 1539 1459 1581 esse
1474 1527 1640 1597 contentus,
1666 1528 1695 1580 et
1709 1522 1762 1581 ssle
1776 1510 1818 1580 ad

102 1622 167 1676 etat
182 1617 396 1687 :exercitusque
411 1614 471 1688 ejas
484 1617 669 1688 opprimetur,
700 1616 778 1673 m
792 1620 819 1672 et
832 1617 932 1673 eadent
984 1614 1147 1672 amicorum
1162 1613 1385 1687 responsionem
1405 1612 1563 1670 consilium
1584 1611 1815 1682 distulisset,o'r·

102 1705 241 1778 interfecti
251 1704 380 1778 plorimi.
396 1702 462 1760 llaec
476 1703 655 1779 Porphyrius
669 1703 881 1778 interpretetur
895 1705 931 1763 de
984 1703 1167 1761 bemdicitur
1176 1703 1279 1760 iecisse
1289 1702 1318 1758 in
1329 1702 1426 1760 arenis
1439 1701 1544 1760 baculo
1556 1716 1644 1775 quem
1654 1699 1815 1773 tenebatin
1844 1776 1850 1783 η

101 1793 256 1866 Antiocho,
272 1792 323 1865 qui
338 1793 479 1850 adversus
493 1792 682 1850 Ptolemeum
695 1794 804 1851 aaronis
821 1810 881 1850 sue
898 1794 930 1851 il·
984 1796 1118 1861 msnu,et
1131 1780 1383 1864 circumscripisse
1394 1806 1492 1865 regem
1504 1793 1590 1863 atque
1613 1789 1744 1848 dixisse:
1761 1790 1815 1848 Se·

102 1878 178 1940 lium
193 1880 342 1956 proiectus
357 1885 401 1938 est
416 1897 483 1938 oum
499 1880 626 1939 exercitu
638 1898 756 1957 magno.
767 1883 823 1939 Sed
838 1885 868 1939 et
881 1898 931 1939 rex
985 1886 1072 1939 natus
1084 1885 1113 1938 et
1127 1880 1255 1955 populus
1270 1880 1421 1937 Romanus
1449 1879 1631 1953 precipiunt,
1661 1878 1739 1936 utin
1753 1879 1813 1937 isto

102 1960 214 2038 Austri,
229 1968 261 2026 id
284 1972 338 2041 est,
354 1969 444 2027 duces
459 1969 606 2029 Ptolemaei
635 1969 783 2045 provocati
798 1961 869 2029 sunt
894 1970 930 2028 ad
985 1968 1048 2028 loca
1061 1971 1249 2043 respondeas,
1270 1968 1340 2042 quid
1357 1967 1471 2026 consilii
1486 1984 1581 2043 geras.
1597 1966 1710 2033 Quibus
1725 1966 1816 2026 dictis

102 2053 215 2135 bellum
229 2057 331 2115 multis
346 2056 506 2129 anxiliie,et
517 2058 642 2117 fortibus
656 2059 790 2129 nimis,et
804 2076 862 2117 non
877 2076 932 2133 po·
985 2058 1034 2116 ille
1049 2061 1221 2132 perterritus
1237 2058 1279 2116 ait
1295 2057 1347 2115 :Si
1376 2057 1432 2115 boc
1455 2057 1551 2132 placet
1573 2057 1689 2119 senatui
1715 2061 1747 2115 et
1761 2075 1814 2135 po·

102 2145 224 2206 merant
238 2144 373 2204 resistere
382 2145 518 2204 Antioohi
528 2146 660 2205 consiliis
672 2147 932 2221 iraudulentimqui
986 2148 1055 2223 pulo
1070 2149 1213 2217 Romano,
1230 2147 1427 2205 recedendum
1450 2151 1505 2217 est,
1530 2149 1616 2220 atque
1648 2146 1690 2204 ita
1712 2147 1815 2205 statim

104 2232 255 2294 simulavit
268 2250 370 2308 pacem
387 2251 453 2293 cum
471 2236 580 2294 sororis
594 2236 666 2305 illio,
679 2241 709 2294 et
721 2236 850 2294 comedit
864 2252 932 2293 cum
986 2236 1078 2294 movit
1090 2234 1258 2293 exercitum.
1275 2239 1437 2294 Percussus
1448 2241 1547 2294 antem
1557 2235 1665 2293 dicitur
1677 2246 1825 2308 essenon.

105 2324 573 2399 eopanem,etpoeteaoceupavit
583 2324 750 2400 AEgyptnm.
767 2324 864 2383 Nostri
880 2343 932 2383 au·
987 2324 1065 2398 quod
1080 2324 1288 2396 interierit,sed
1304 2325 1381 2398 quod
1397 2341 1515 2382 omnem
1531 2323 1704 2399 arrogentie
1719 2324 1817 2399 perdi·

104 2398 166 2471 tem
178 2412 342 2472 secundum
360 2414 542 2487 superiorem
563 2431 684 2472 sensum
704 2415 935 2488 interpretantur
987 2412 1063 2470 derit
1078 2413 1325 2488 magnitudinem.
1337 2413 1378 2470 De
1388 2412 1568 2471 Antichristo
1579 2412 1817 2489 nullusambigit

107 2500 208 2560 omnia
221 2501 258 2560 de
271 2501 518 2576 Antichristo,qui
534 2503 702 2560 nesciturus
716 2507 761 2561 est
775 2504 811 2559 de
826 2502 934 2576 populo
988 2503 1060 2577 quin
1075 2507 1261 2577 pugnaturus
1277 2503 1315 2560 sit
1339 2503 1480 2560 adversus
1507 2502 1732 2560 Testamentum
1747 2508 1817 2561 san·

106 2588 309 2662 trecorensi
324 2591 360 2648 de
374 2590 519 2666 Babylone
533 2597 685 2664 venturus,
702 2591 831 2666 primum
847 2608 934 2665 supe·
989 2592 1080 2659 etum,
1092 2595 1121 2648 et
1136 2591 1265 2664 primum
1281 2595 1385 2648 contra
1400 2607 1498 2664 regem
1526 2590 1642 2665 AEgypti
1657 2589 1819 2663 dimicans,

107 2683 226 2738 taturus
241 2684 286 2738 est
300 2695 399 2755 regam
424 2679 549 2754 AEgppti,
566 2681 617 2754 qui
636 2685 680 2738 est
695 2697 772 2738 unus
788 2682 824 2738 de
838 2680 935 2737 tribue
988 2680 1192 2753 (albemarum
1212 2679 1346 2753 protinus
1364 2679 1473 2737 auxilio
1483 2682 1706 2736 terracinense
1717 2682 1821 2738 autem

108 2768 257 2837 cornibus,
273 2768 434 2841 dequibus
449 2772 535 2826 antea
545 2770 609 2841 jam
624 2767 762 2825 diximus.
990 2768 1045 2825 sub
1056 2769 1198 2826 Antiocho
1212 2769 1363 2843 ilpiphane
1378 2768 1408 2826 in
1423 2768 1552 2841 imagine
1566 2766 1822 2842 precesserunt,ut

145 2856 237 2927 (Vere.
251 2858 298 2930 27,
319 2857 378 2929 28.)
406 2858 529 2913 literam
554 2872 660 2930 quaque
685 2872 781 2928 repam
807 2872 854 2913 cer
880 2851 936 2913 cett
990 2857 1307 2930 reneceleratissimus,
1324 2857 1376 2930 qui
1404 2861 1576 2929 persecutus
1605 2860 1650 2913 eet
1675 2856 1822 2932 populum

110 2948 142 3003 at
154 2942 359 3018 malefaciant,
373 2944 449 3002 etad
470 2960 690 3002 mensamaeam
709 2944 882 3002 Μιάααιιπι
896 2945 935 3001 to-
990 2946 1052 3015 Dei,
1068 2947 1234 3020 praeflgnret
1248 2946 1472 3014 antichristum,
1485 2944 1535 3018 qui
1551 2944 1659 3002 Christi
1674 2944 1821 3020 populutri

110 3035 237 3108 menter,
253 3041 280 3090 et
302 3049 358 3090 non
372 3034 514 3106 proficient
528 3052 537 3089 .·
553 3035 619 3107 qaia
633 3033 722 3090 adhue
736 3034 801 3105 fiais
814 3035 845 3089 in
860 3032 938 3090 alind
990 3040 1198 3109 persecuturus
1213 3035 1353 3092 est.Unde
1372 3032 1457 3091 multi
1476 3033 1517 3107 (d)
1530 3038 1698 3091 nostrorum
1714 3038 1822 3109 putent

111 3126 225 3194 ternpan
241 3120 274 3177 lit
289 3123 437 3177 rmertetar
450 3123 483 3177 in
496 3126 601 3178 terram
614 3136 694 3178 raam
704 3122 869 3179 mammetis
878 3123 937 3195 cpi·
958 3175 962 3189 ,
994 3124 1031 3181 ob
1046 3124 1161 3180 sevitie
1176 3127 1205 3180 et
1218 3122 1414 3197 turpitudinis
1443 3123 1689 3197 magnitudinem,
1720 3121 1821 3181 Domi-

93 3219 97 3227 '
117 3210 176 3268 aas.
191 3207 271 3270 Nulli
282 3208 406 3266 dubium
420 3213 465 3267 eet
480 3211 553 3283 quin
579 3209 740 3268 Antiochus
754 3227 857 3284 pacem
871 3225 939 3267 cum
954 3188 976 3261 C
994 3212 1071 3270 dum
1086 3213 1230 3269 Neronem
1245 3211 1461 3269 Antichristum
1477 3212 1548 3268 iore.

115 3294 270 3356 Ptolemae
295 3297 405 3371 iecerit,
420 3302 449 3357 et
463 3298 562 3356 inierit
576 3316 643 3356 cum
661 3316 695 3357 eo
710 3298 885 3369 convivium,
911 3303 941 3357 et
1028 3302 1061 3357 Et
1074 3304 1235 3373 revertetur,
1255 3305 1281 3358 et
1294 3301 1489 3372 indicnatitar
1506 3307 1603 3357 contre
1618 3300 1820 3359 Tutementttm

114 3386 198 3446 dolos
212 3387 397 3445 machinatus
412 3384 460 3457 sit,
477 3386 593 3444 etnihil
609 3387 762 3461 profecerit
778 3406 784 3445 :
801 3387 871 3461 quia
893 3402 939 3444 re·
991 3392 1155 3462 canduerit,
1171 3399 1197 3446 et
1210 3392 1294 3461 faciet
1307 3408 1340 3447 ac
1354 3395 1515 3455 revertetur,
1531 3399 1558 3445 et
1573 3390 1706 3463 capitati!
1717 3388 1751 3448 dc
1774 3390 1820 3449 aa

113 3488 205 3551 gnum
220 3475 285 3550 eius
300 3492 359 3533 non
374 3476 501 3550 potuerit
516 3476 657 3545 obtinere,
673 3476 725 3535 sed
749 3494 766 3535 a
794 3476 939 3534 militibus
991 3476 1243 3553 [Vulgadcerscm
1263 3480 1317 3552 eos]
1332 3481 1382 3553 qai
1394 3479 1603 3552 dereliquerant
1616 3480 1820 3538 imiamerrtain

112 3565 259 3623 Ptolemei
273 3563 385 3638 eiectus
400 3564 448 3623 sit.
464 3565 570 3624 Verum
585 3582 621 3624 ex
639 3581 672 3623 eo
695 3566 774 3641 quia,
788 3565 939 3639 Scriptura
990 3567 1152 3625 sanctuarii.
1167 3567 1233 3624 llac
1248 3567 1363 3641 plenius
1378 3568 1409 3625 in
1424 3567 1656 3625 Nachabeorum
1665 3568 1759 3642 gestis
1775 3568 1820 3628 le-

111 3652 351 3711 nnncdicitduos
364 3652 456 3711 fuisse
466 3669 691 3728 reges,quorum
702 3655 848 3713 corruerit
858 3654 936 3712 irau-
991 3655 1089 3731 gimm
1104 3657 1127 3730 (Ι
1143 3656 1229 3714 lieet.
1239 3659 1260 3728 r)
1276 3657 1376 3729 :quod
1391 3660 1550 3730 postquem
1565 3671 1630 3714 eum
1644 3652 1820 3735 dedlgpp'to

107 3742 271 3812 dolentum,
285 3746 320 3800 ut
334 3740 389 3800 sibi
406 3746 508 3800 mutuo
524 3742 737 3813 malefacerent,
762 3743 816 3801 hoe
832 3759 937 3801 secun·
991 3744 1169 3818 pepulerunt
1184 3745 1320 3815 Romani,
1334 3745 1492 3819 indignans
1507 3743 1618 3802 venerit
1630 3747 1731 3802 contra
1743 3742 1818 3802 Tes-

106 3831 179 3889 dum
192 3830 346 3890 historiam
360 3848 419 3890 non
434 3835 531 3906 potest
544 3833 751 3889 demonstrari.
765 3830 937 3889 Ptolemaeus
989 3835 1154 3890 tomentum
1165 3834 1369 3902 sanctuarii,et
1380 3834 1416 3891 ab
1432 3833 1478 3891 his
1493 3834 1635 3891 invitatus
1649 3833 1688 3891 sit
1701 3832 1754 3905 qui
1764 3833 1820 3892 da·-

105 3920 309 3995 en'lmiparvus
321 3924 405 3979 etate
420 3924 493 3991 erat,
509 3925 537 3977 et
551 3920 691 3994 deceptus
703 3919 838 3978 Antiochi
857 3921 936 3978 irau-
989 3920 1169 3994 reliquerant
1179 3922 1285 3996 Legem
1298 3922 1348 3979 bei
1360 3927 1388 3980 et
1402 3939 1433 3980 ee
1446 3922 1626 3981 ceremoniis
1636 3921 1820 3982 miscuerant

105 4007 151 4081 de,
166 4007 211 4065 illi
226 4008 340 4066 malum
356 4008 486 4082 cogitare
516 4008 586 4082 quid
603 4008 725 4082 potuit?
738 4006 822 4066 Unde
835 4008 938 4067 volunt
989 4010 1268 4075 ethnicorum.0uod
1279 4010 1396 4085 plenius
1406 4010 1613 4085 complendum
1628 4014 1674 4069 est
1688 4010 1746 4071 sub
1755 4014 1817 4070 An·

105 4095 199 4154 nostri
214 4096 277 4154 hec
288 4095 388 4157 omnia
399 4096 439 4170 (a)
454 4096 563 4154 referre
579 4098 615 4154 ad
630 4097 843 4155 Antichristum
856 4102 885 4155 et
898 4098 934 4156 ad
989 4098 1123 4157 ticbrieto
1141 4141 1149 4170 ,
1183 4099 1233 4172 qui
1254 4100 1458 4175 indignabitur
1475 4103 1577 4159 contra
1589 4101 1820 4159 Testamentum

104 4196 204 4259 regem
219 4186 346 4259 AEgypti,
363 4201 452 4260 quem
469 4184 598 4258 primum
613 4190 770 4260 superatne
783 4190 837 4245 est.
988 4184 1050 4257 Dei,
1066 4193 1095 4246 et
1119 4188 1259 4262 cogitabit
1273 4190 1428 4247 adversum
1449 4189 1516 4247 illos
1531 4206 1606 4263 quos
1619 4188 1684 4247 vult
1707 4189 1816 4267 Legem

139 4272 230 4346 (Vere.
246 4273 293 4341 29,
308 4272 367 4348 30.)
390 4276 425 4331 lit
453 4290 500 4332 cor
526 4273 587 4347 ejas
612 4273 758 4331 adaerarun
782 4277 933 4334 Testamen-
988 4276 1038 4334 Dei
1052 4277 1264 4350 derelinquere.
1276 4278 1358 4336 Unde
1374 4278 1589 4353 significantius
1604 4277 1818 4355 interpretatas

105 4366 319 4434 temerariam,
334 4366 362 4421 et
373 4364 468 4436 laad,
478 4370 505 4421 et
518 4367 668 4421 reveratur
681 4364 713 4420 in
727 4366 829 4422 terram
842 4380 932 4424 taam
987 4371 1033 4425 est
1045 4367 1172 4440 Aquila:
1189 4368 1265 4424 aaa
1280 4368 1312 4424 dt
1327 4368 1468 4442 capitata,
1483 4371 1514 4426 at
1539 4364 1688 4426 deseratur
1698 4372 1816 4442 portitat

106 4450 215 4510 Statato
231 4457 351 4526 tempere
375 4455 534 4526 emoririer,
556 4455 685 4510 etoeatet
705 4453 742 4511 ad
767 4455 897 4512 dostram
924 4471 931 4512 ε
986 4457 1149 4513 sanctuarii.

103 4542 201 4601 naon
215 4544 268 4600 erat
278 4543 370 4615 priori
382 4542 476 4599 simite
488 4542 716 4599 amicitiamn
729 4545 839 4602 emant
850 4560 934 4618 saper
947 4560 972 4629 D
1022 4544 1329 4618 (Versdiidtbractia
1339 4563 1374 4603 ex
1383 4545 1569 4617 sartatecta
1575 4544 1702 4619 polluent
1716 4542 1816 4621 [iulg.

104 4644 168 4689 eum
182 4630 288 4699 trieres,
304 4634 331 4688 et
346 4627 472 4699 Romani,
488 4632 513 4688 et
526 4633 703 4704 percutietur.
727 4630 793 4689 Sive
807 4636 841 4689 ut
854 4632 930 4691 alins
984 4624 1816 4708 etpottaantteaactuariamfortitudiniaetaeierentiitpetd·

105 4719 318 4795 interpretatus
332 4723 394 4778 eet:
410 4722 436 4777 et
449 4720 690 4778 comminemntar
702 4720 782 4780 silit
794 4721 933 4793 Grecaet
983 4722 1131 4791 critatem,
1146 4728 1173 4781 et
1186 4724 1294 4782 dabant
1316 4723 1553 4782 abominationem
1565 4724 1595 4780 in
1608 4722 1817 4795 terciam,

104 4808 237 4868 Romana
251 4811 353 4868 narrat
367 4806 661 4884 historia,poetqnam
676 4827 809 4869 reversus
819 4815 865 4869 est
874 4814 930 4869 An·
984 4809 1039 4869 Pro
1047 4808 1819 4887 brachiis,(e)aliuainterpretatusestseminamtsignt·

137 4934 175 5007 (a)
185 4935 332 4992 Victorius
348 4950 382 4994 er
397 4933 541 4993 Brixianis
563 4934 660 5005 codd,
676 4937 787 5007 referri,
804 4940 834 4994 et
864 4954 931 4995 mox
983 4937 1540 5011 tentiamprobereiutatLactantiuede
1555 4935 1700 4994 mortibus
1709 4939 1818 4995 Peras·

102 5009 282 5079 repostaria
295 5012 345 5062 eet.
984 5013 1119 5066 autorum
1136 5026 1236 5083 capu,
1247 5010 1277 5067 in
1292 5011 1350 5067 true
1363 5028 1371 5079 ;
1385 5009 1436 5066 sed
1453 5013 1481 5066 ei
1495 5008 1680 5082 Augustinus
1690 5008 1727 5066 de
1736 5007 1815 5069 cirt-

136 5076 175 5151 (h)
188 5076 285 5136 Nostri
296 5092 381 5147 mss,
398 5077 565 5150 Pompilius:
575 5077 704 5135 solemne
712 5079 812 5134 autem
822 5081 867 5135 est
876 5079 930 5137 has
982 5083 1044 5137 tate
1054 5080 1103 5137 Dei
1118 5080 1169 5138 lib.
1184 5098 1231 5150 xx,
1247 5097 1311 5156 cap.
1330 5081 1364 5137 19
1377 5098 1384 5150 ;
1399 5080 1617 5137 Ambrosiastcr
1635 5078 1665 5136 in
1682 5077 1815 5154 primata

100 5165 185 5207 voces
197 5148 348 5219 conlundi,
377 5151 456 5208 unde
489 5152 519 5206 et
547 5151 691 5222 Pompilio
703 5149 750 5207 len
765 5153 794 5206 et
821 5152 931 5224 Popilia
984 5152 1020 5208 ad
1035 5152 1201 5209 Corinthios
1215 5168 1253 5225 rr,
1265 5153 1302 5222 93
1317 5153 1440 5209 Severus
1456 5151 1603 5225 Sulpicius
1618 5148 1759 5207 illstllb.
1780 5164 1813 5209 n.

100 5221 220 5293 dicitur,
236 5223 266 5276 et
279 5222 436 5294 Pompilius
451 5223 548 5294 Rufos,
563 5225 592 5278 et
603 5221 731 5292 Popiliae
745 5223 843 5293 Ratio.
983 5223 1239 5297 e.2e‚et1)ielog.
1254 5227 1282 5297 2,
1298 5241 1361 5297 cap.
1381 5222 1484 5281 ultimo
1500 5241 1508 5280 :
1523 5223 1681 5296 deniquae
1701 5221 1816 5281 orons

136 5294 171 5367 (e)
186 5290 362 5374 concinmor
376 5292 437 5350 haec
450 5292 537 5351 lectio
551 5297 596 5350 est
608 5291 697 5350 ilatio.
715 5308 784 5362 ms,
794 5295 929 5351 Romano-
982 5294 1208 5368 chrysostomos
1222 5295 1329 5352 Hamil.
1345 5296 1407 5363 lain
1422 5295 1582 5353 secundam
1597 5294 1635 5352 ad
1650 5292 1816 5353 Thessalo-

100 5380 164 5421 ram
175 5368 304 5492 protinas
318 5364 437 5448 auritio,
451 5364 581 5492 telegirint
598 5364 928 5493 malateOPalat.,llcmartqr·
983 5364 1127 5494 nicenpsee.
1147 5366 1214 5423 Vid.
1230 5367 1438 5494 EssiSt·.¹.2¹’⁸d
1452 5367 1615 5495 ΑΙςαὸἰψὲ
1623 5365 1814 5495 dunistmltti:

100 5448 504 5589 laetititiae
518 5452 657 5564 ,mter
689 5452 718 5493 “¹
741 5452 830 5494 “⁰⁰⁸⁰
844 5452 879 5491 ³¹³
912 5452 930 5493 ⁸
981 5447 1509 5569 tartsatncsttaatt
1548 5455 1603 5496 Μ’
1617 5450 1678 5494 ¹¹‘’'²
1699 5453 1811 5512 ⁰⁸⁰⁰·

136 5577 313 5650 (diltaeane
327 5578 487 5636 arbitratos
501 5574 599 5647 estut
613 5579 742 5652 aliquem
757 5578 794 5635 de
809 5578 929 5635 nomine
1018 5579 1053 5653 (e)
1069 5581 1211 5645 Proetiae
1225 5579 1379 5641 maluisset
1405 5580 1552 5642 Victorius
1580 5579 1693 5656 weita,
1722 5581 1815 5658 proni

100 5648 259 5722 proteram,
274 5648 443 5711 Victorinus
469 5650 500 5707 in
523 5648 717 5724 Apocalypsin
734 5666 741 5706 ε
757 5665 847 5722 quam
863 5663 928 5710 sen·
981 5650 1067 5725 dhas,
1083 5664 1158 5727 qnos
1171 5650 1282 5727 laedit,
1296 5658 1369 5714 inse.
1385 5644 1587 5728 crescebaut.
