3818 6104
130 359 204 428 tan
755 363 788 428 S.
810 361 967 428 ausast}
989 361 1212 430 atnaontttt
1769 365 1834 431 lb'lb

123 512 248 569 cumque
270 512 348 554 nuuc
376 496 516 570 propbeta
544 494 692 554 describit.
722 495 751 554 Si
781 496 858 553 euim
875 497 953 554 Deus
967 496 1832 571 Auenasuamalitiaeuamers:etuonsolumbooiucssq

122 585 952 659 propterinfidelitatemramisuaturalibusnonpepercit,
1008 588 1831 664 sedoperaquoquasuaquavpomadrcmanusvocanbrr,

125 675 175 732 sed
192 675 278 749 tregit
292 693 352 748 eos,
373 680 402 733 et
423 677 521 748 posuit
546 676 669 732 flumina
693 676 722 730 in
747 676 906 742 desertum,
923 681 952 731 et
1007 691 1132 732 movere.
1149 678 1189 733 Ac
1204 694 1241 734 ue
1256 683 1340 750 putes
1353 679 1422 751 quin
1438 677 1604 734 colubrum
1617 676 1830 743 nominavimus,

121 765 215 822 lentes
233 783 378 837 aquarum
394 765 425 821 ia
441 766 532 831 sitim,
548 770 655 821 terram
664 765 884 821 fructiferamia
897 766 951 820 sal·
1005 763 1146 821 violenter
1161 782 1215 821 uos
1230 783 1336 822 manus
1352 766 1475 834 colubri,
1492 783 1546 841 pro
1565 782 1662 839 opere
1677 765 1830 839 intelligere,

123 853 270 928 saginem,
287 861 406 928 propter
421 854 563 911 malitiam
578 855 777 911 habitatorum
799 856 882 925 ejus;
899 871 951 911 cur
1005 853 1104 926 accipe
1113 855 1317 912 testimouium
1329 855 1511 913 Salomonis:
1535 856 1656 921 ituraei
1671 858 1733 911 uilo
1747 858 1774 910 in
1785 874 1830 912 aa·

62 942 69 955 '
119 961 182 1002 uon
193 944 356 1000 econtrario
367 961 416 1000 eos
427 946 462 1001 de
475 945 583 1017 quibus
594 944 723 1000 dixerat:
748 945 843 999 Posuit
856 943 950 999 deser-
1003 941 1086 997 nibus
1096 942 1201 1014 linquar
1211 943 1301 1015 (Pron.
1318 960 1398 1010 xvrrr,
1413 945 1470 1012 21).
1488 948 1559 999 Hac
1587 943 1737 1010 diximus,
1751 948 1781 998 ut
1793 961 1829 1015 pu

117 1040 176 1089 turn
191 1035 223 1088 in
232 1034 500 1104 paludesaqunrum,
513 1037 538 1088 et
549 1033 798 1105 terramsineaqua
822 1034 853 1087 in
861 1035 950 1103 [anns
1003 1029 1116 1087 tuimus
1128 1032 1363 1104 interpretationi
1377 1032 1523 1106 allegoriae
1536 1032 1723 1088 servientes.
1739 1032 1766 1087 Si
1779 1035 1829 1104 quis

118 1139 254 1196 aquarum
266 1132 293 1179 et
302 1124 506 1194 tabitnresrcit
516 1123 557 1177 ibi
566 1124 730 1188 esurientes,
742 1126 770 1176 et
790 1127 903 1185 catera,
919 1125 948 1178 st
1002 1124 1100 1175 autern
1113 1120 1425 1193 magisverisimilia‚et
1435 1121 1582 1178 babentia
1595 1121 1748 1177 rationem
1758 1138 1829 1194 quan

118 1226 195 1284 quos
211 1210 336 1267 inseruit
346 1211 381 1267 de
392 1208 517 1267 oleastro
529 1211 557 1265 in
571 1211 699 1265 radicem
724 1211 806 1265 bone
817 1209 909 1275 oliva,
921 1210 946 1266 si
1001 1209 1118 1265 anobis
1134 1214 1203 1265 suut
1226 1209 1350 1266 disserta
1365 1211 1516 1282 repererit,
1534 1209 1627 1266 illius
1643 1211 1743 1283 magis
1756 1209 1829 1268 lectar

118 1299 308 1356 immemores
322 1300 453 1356 beneficii
470 1300 643 1356 recesserint
653 1316 670 1354 a
681 1299 830 1355 conditore
840 1316 904 1367 sua,
918 1305 947 1355 et
1000 1299 1174 1354 auctoritate
1185 1299 1318 1355 ducatur.

117 1387 301 1444 adoraverint
316 1388 479 1462 Assyrium,
504 1394 614 1445 evertat
628 1393 656 1445 et
668 1388 704 1444 ad
719 1387 851 1444 eamdem
864 1387 944 1443 sitim
1033 1385 1115 1458 (Cap.
1132 1386 1180 1442 lll.
1198 1413 1230 1433 =
1245 1387 1326 1442 Vers.
1345 1388 1357 1443 l
1374 1389 1470 1460 seqq.)
1489 1389 1536 1447 γε
1549 1391 1743 1460 provocatrix
1757 1397 1782 1445 et
1793 1406 1826 1445 re·

116 1479 246 1543 reducat,
259 1478 287 1533 in
299 1495 358 1551 qua
367 1477 685 1550 priusfueraat‘lQuud
695 1475 945 1549 cumgeueraliter
998 1474 1106 1546 dempta
1119 1477 1236 1532 civitas:
1250 1475 1379 1532 columbo
1406 1492 1461 1533 nan
1490 1477 1607 1533 audiuit
1631 1494 1739 1545 rocon,
1753 1487 1827 1535 aaa

115 1565 476 1633 inadventuAatichristi,
490 1568 588 1624 sivein
603 1566 776 1623 boemundi
793 1566 943 1638 possitin-
997 1565 1116 1635 suscepit
1130 1564 1329 1637 disciplinam:
1357 1565 1387 1621 in
1410 1566 1529 1622 Domino
1545 1582 1607 1623 non
1622 1575 1667 1623 est
1681 1568 1827 1639 connsqd

114 1654 656 1729 telligi:tamenquotidieinbisqui
675 1654 943 1711 simulaatseesss
998 1652 1144 1708 Dominum
1171 1653 1268 1726 [Vulg.
1299 1655 1570 1725 Deuszuumnon
1585 1659 1825 1729 appropinquarit

114 1744 150 1801 da
166 1743 293 1801 Ecclesia
308 1745 370 1813 Dei,
386 1749 415 1801 et
429 1745 567 1817 operibus
595 1750 713 1817 negant,
736 1744 942 1816 auditoresque
996 1740 1140 1812 Principes
1164 1742 1224 1812 ejas
1249 1744 1280 1797 in
1293 1741 1382 1798 medio
1405 1743 1472 1814 ejus,
1490 1746 1578 1813 quasi
1590 1745 1671 1802 Hb
1690 1745 1778 1803 tesan
1790 1763 1824 1800 ru·

114 1831 279 1906 legissent,
291 1838 387 1890 etnon
400 1835 534 1900 lactares,
550 1834 641 1904 accipi
654 1837 759 1905 potest,
770 1832 807 1904 (a)
818 1832 866 1904 qui
878 1833 938 1887 tru-
996 1830 1121 1899 pientes:
1136 1829 1244 1901 judices
1267 1832 1326 1901 ejus
1343 1830 1403 1903 tupi
1421 1846 1552 1902 uesperae,
1568 1849 1630 1889 non
1645 1833 1825 1905 relinquebat

114 1925 177 1977 stra
191 1923 338 1995 speciosos
352 1939 383 1979 ss
398 1940 461 1979 esse
475 1925 598 1994 jactent,
615 1938 681 1977 cum
708 1922 841 1977 habitent
856 1922 886 1976 in
901 1921 943 1978 eis
999 1920 1030 1973 in
1043 1935 1135 1974 mane.
1151 1920 1300 1991 Prophetae
1312 1920 1372 1991 ejus
1386 1922 1556 1986 uesani,uiri
1572 1921 1709 1993 infideles
1722 1941 1733 1978 .·
1747 1924 1825 1980 neer-

114 2025 227 2084 greges,
240 2011 378 2068 vitiorum
391 2012 504 2068 scilicet
514 2010 682 2076 multitudo,
695 2015 723 2066 et
734 2010 821 2066 brata
830 2010 943 2066 anima·
997 2006 1070 2063 dotes
1079 2009 1140 2075 eius
1150 2009 1309 2079 polluerunt
1322 2017 1458 2074 sanctum,
1475 2011 1587 2080 injuste
1608 2021 1735 2079 oper-ant
1746 2018 1825 2069 onuba

116 2096 156 2155 lia
170 2100 283 2172 corpori
300 2099 466 2167 servientia,
483 2104 512 2155 et
526 2114 629 2154 omnes
655 2098 752 2153 bestia
773 2103 865 2163 terra,
879 2114 942 2168 qua
998 2096 1093 2168 tepem.
1110 2097 1242 2153 Dominus
1246 2099 1337 2169 justus
1345 2100 1377 2154 in
1389 2098 1479 2154 undio
1491 2100 1554 2170 ejus
1566 2116 1628 2155 non
1638 2100 1731 2174 faciet
1740 2103 1823 2174 iniqui-

116 2188 205 2243 corda
220 2204 321 2244 eorum
338 2189 505 2255 comeduut,
521 2192 550 2244 et
573 2184 796 2243 chamaeleontes
819 2187 869 2258 qui
885 2203 942 2241 uon
996 2185 1174 2241 internitens
1183 2202 1266 2242 mane
1268 2185 1407 2257 indicium
1415 2202 1497 2243 suum
1505 2186 1588 2243 dabit
1604 2190 1636 2242 in
1654 2189 1733 2257 tace,
1744 2195 1822 2247 etna

116 2275 225 2332 babeat
240 2294 331 2332 unum
348 2276 472 2333 colorem
487 2294 494 2344 ;
511 2276 560 2333 sed
572 2275 695 2332 diversis
710 2275 848 2347 peccatis,
864 2292 943 2330 nunc
983 2273 1194 2330 'obscenitatum
1206 2277 1422 2332 nesciuitautem
1432 2276 1548 2347 iniquus
1558 2279 1822 2350 confusionemdis

114 2365 248 2433 avaritia,
264 2383 342 2422 nuuc
358 2366 483 2438 luxuria,
501 2382 579 2421 nuno
594 2364 777 2431 crudelitate,
790 2380 868 2420 nuuc
880 2363 943 2419 libi·
993 2362 1215 2436 perdidaipentes,
1230 2368 1258 2420 et
1272 2364 1399 2437 dissipati
1410 2374 1475 2421 sunt
1485 2366 1592 2435 capati
1604 2382 1713 2423 eorum
1723 2387 1731 2424 :
1743 2369 1820 2425 deso·

113 2454 192 2520 dine,
204 2471 282 2511 nuuc
293 2455 423 2525 tristitia,
436 2472 514 2510 nunc
524 2453 717 2510 exsultatione
730 2469 782 2526 per
792 2457 942 2509 momenta
995 2455 1036 2506 tas
1050 2453 1104 2522 feci
1119 2454 1177 2508 uias
1192 2469 1331 2521 eorum,eo
1345 2453 1417 2526 quod
1429 2469 1484 2509 non
1501 2453 1605 2527 [Vulg.
1623 2457 1700 2512 darn
1714 2458 1775 2530 non]
1790 2462 1821 2513 nt

111 2548 276 2600 mutantur.
293 2545 329 2600 lit
345 2544 444 2600 hericii
460 2544 490 2598 iu
507 2543 690 2615 presepibus
702 2559 816 2607 eorum,
831 2540 941 2597 animal
995 2542 1045 2611 qui
1058 2543 1202 2597 transeat:
1216 2541 1342 2597 deseras
1369 2545 1433 2598 sarit
1446 2543 1576 2600 ciuitates
1591 2560 1708 2615 eorum,
1722 2563 1774 2603 nen
1785 2562 1822 2601 re·

110 2633 264 2706 spinosum
280 2638 309 2689 et
323 2632 443 2706 plenum
460 2633 604 2699 sentibus,
628 2638 656 2688 et
679 2631 837 2687 vulnerans
852 2630 940 2703 quid·
993 2634 1121 2686 manente
1132 2633 1201 2700 uiro,
1217 2631 1544 2704 nequeutlobatitatore.
1561 2634 1646 2706 ami,
1664 2637 1819 2693 atiament-

111 2721 180 2794 quid
192 2722 356 2795 contigerit.
369 2722 425 2778 Sed
437 2726 466 2778 et
476 2722 576 2778 bestias
601 2721 751 2777 cubabunt
771 2720 801 2776 in
818 2719 938 2775 torami-
994 2719 1078 2774 nubis
1092 2721 1281 2792 nce,suscipies
1293 2720 1508 2793 disciplinam,et
1523 2738 1582 2778 non
1597 2725 1714 2795 peribit
1724 2725 1818 2782 babitu·

110 2810 208 2878 nibus,
226 2811 319 2877 idest,
332 2813 361 2865 in
376 2811 514 2867 cordibus
524 2827 638 2877 eorum,
651 2815 681 2865 et
690 2809 766 2866 corvi
778 2808 939 2865 immunda
992 2808 1087 2864 cuturn
1096 2810 1156 2876 eius
1168 2819 1280 2882 propter
1289 2811 1383 2867 omnia
1397 2811 1427 2864 in
1441 2809 1542 2882 quibus
1556 2815 1681 2870 undoni
1693 2831 1763 2870 earn.
1779 2815 1817 2870 to·

111 2899 132 2953 1
139 2900 188 2954 ld
203 2915 270 2955 aves
286 2901 315 2955 iu
330 2900 423 2972 portis
439 2916 551 2968 eorum,
566 2899 610 2955 vel
626 2899 654 2954 iu
673 2915 730 2964 ore,
744 2896 787 2953 vel
814 2898 843 2952 in
859 2896 938 2952 auri·
993 2905 1152 2954 rumtamen
1163 2898 1436 2970 dituculosurpentes
1446 2906 1636 2972 corruperunt
1648 2919 1745 2960 armes
1755 2905 1817 2973 copi·

110 2987 178 3058 bus,
192 3005 249 3060 quo
265 2992 316 3043 aut
330 2988 489 3059 loquantur
504 3003 629 3059 semper,
650 2992 701 3043 aut
711 2986 833 3041 audiant
850 2984 937 3041 mala.
993 2988 1110 3042 tationes
1132 3003 1205 3042 suas.
1223 2987 1312 3044 billi:
1337 2989 1357 3044 0
1374 2988 1492 3045 illustris
1506 2992 1535 3045 et
1560 2991 1711 3064 redempta
1723 2994 1815 3057 naua

111 3079 254 3147 Postque
277 3076 441 3132 inserturet
459 3075 585 3131 dicitur:
615 3076 677 3131 ideo
702 3073 859 3130 Ecclesiam
877 3074 937 3129 base
992 3076 1299 3133 columbarronnudiuit
1312 3092 1472 3144 autemnon
1485 3082 1613 3152 suscepit
1629 3072 1814 3154 despuens:

109 3180 263 3237 passuram
276 3164 346 3229 lare,
358 3163 403 3220 vel
415 3180 480 3220 esse
494 3180 674 3237 perpessam,
692 3163 769 3235 quud
785 3163 814 3217 in
830 3179 935 3234 super·
992 3165 1022 3220 in
1033 3167 1147 3222 dauriae
1159 3182 1215 3221 non
1238 3169 1277 3222 est
1291 3166 1406 3236 confisa,
1421 3166 1496 3223 etad
1510 3154 1674 3226 Dominum
1682 3186 1815 3227 mamaea

109 3251 189 3308 biam
204 3268 236 3308 se
252 3251 414 3319 elevaverit,
430 3256 459 3308 et
473 3254 557 3325 quasi
573 3253 678 3310 cedrus
693 3268 780 3308 suum
795 3267 935 3308 cacumen
950 3237 972 3306 C
990 3255 1231 3327 appropinquabit.
1247 3256 1391 3328 Principes
1403 3257 1463 3327 eius
1478 3258 1509 3311 in
1522 3273 1558 3315 ea
1571 3260 1671 3316 vetuti
1691 3261 1814 3333 noina

110 3339 242 3408 erexerit,
254 3339 340 3396 malis
350 3339 487 3413 operibus
497 3339 606 3408 dedita,
620 3345 649 3396 et
658 3338 936 3396 nibilominuslutu·
989 3344 1077 3400 bones
1087 3343 1207 3416 :judices
1217 3345 1275 3416 ejus
1285 3345 1355 3401 sicut
1367 3345 1427 3418 lupi
1435 3345 1559 3414 Arabim,
1573 3364 1636 3404 nora
1652 3349 1813 3406 munitm

110 3444 173 3483 ram
184 3428 240 3484 sibi
253 3429 462 3485 beatitudinem
475 3429 691 3502 repromittens,
703 3435 732 3484 at
743 3429 771 3483 in
785 3429 870 3485 corde
881 3446 934 3484 suu>
988 3433 1018 3488 in
1032 3447 1132 3488 mane:
1147 3431 1285 3504 propbeta
1297 3433 1358 3505 ejus
1367 3437 1506 3504 portantes
1519 3437 1673 3507 spiritum,
1691 3440 1747 3495 uiri
1758 3453 1811 3494 ooa-

109 3520 229 3573 ceteros
241 3517 416 3590 despiciens,
428 3534 480 3574 uec
492 3523 784 3591 putansquemquam
794 3534 935 3589 esseprce-
987 3523 1150 3592 temptores:
1166 3520 1325 3577 Sacerdotes
1344 3521 1403 3594 ejus
1414 3522 1551 3594 polluunt
1561 3530 1677 3593 sancta,
1692 3531 1719 3583 et
1742 3527 1813 3598 iaspis

108 3610 153 3663 tar
163 3623 206 3673 se,
217 3611 246 3663 et
255 3607 355 3664 dicens
371 3624 376 3662 :
395 3612 448 3679 liqb
463 3624 535 3678 sam,
546 3615 571 3664 et
587 3624 641 3663 non
657 3611 697 3663 est
711 3607 770 3662 alia
781 3609 882 3679 praeter
891 3622 934 3662 me
986 3613 1077 3683 count
1091 3611 1122 3664 in
1134 3609 1243 3680 teqem:
1258 3611 1388 3667 Dominus
1398 3612 1596 3681 antemiustus
1607 3615 1642 3668 in
1656 3615 1811 3687 medieeiat,

79 3709 81 3712 ⁴
107 3695 357 3768 uttrmquomodo
366 3713 434 3770 ergo
444 3696 519 3752 lacta
528 3700 572 3752 est
582 3695 611 3751 in
622 3694 812 3752 solitudinem
825 3712 935 3767 pascua
986 3702 1013 3754 et
1024 3714 1078 3754 non
1086 3699 1171 3770 faciet
1181 3701 1368 3771 iniquitatem.
1383 3700 1461 3757 bans
1473 3716 1558 3756 mone
1577 3701 1721 3764 iudicium
1742 3720 1812 3760 suan

108 3783 293 3841 bestiarum?
314 3784 368 3842 Ubi
379 3784 457 3841 enim
469 3785 551 3858 prlas
567 3784 719 3841 habitabat
742 3784 835 3855 Pater,
846 3788 874 3840 et
890 3783 933 3840 Fi·
985 3786 1103 3843 dabitis
1117 3787 1185 3856 tuce,
1201 3789 1531 3858 etnonestatsconditus,
1547 3795 1680 3848 etnescit
1691 3794 1810 3866 minuta·

106 3872 165 3931 lius
181 3878 209 3930 et
222 3874 348 3946 Spiritus
363 3878 492 3939 sanctus,
508 3878 536 3929 et
550 3872 644 3946 augeli
668 3874 732 3944 ejus
761 3872 932 3951 ministeriis
985 3877 1079 3931 terma
1090 3879 1244 3943 exactione,
1261 3879 1350 3934 necin
1360 3880 1562 3951 sernpiternum
1571 3881 1762 3954 injustitiam:
1774 3881 1811 3936 de·

107 3962 313 4035 praesidebant,
330 3967 399 4018 tuuc
419 3962 595 4019 habitabunt
609 3962 717 4027 bestia,
735 3962 771 4017 de
786 3961 894 4034 quibus
904 3964 933 4017 et
984 3967 1211 4038 traxisuperbos,
1226 3966 1356 4039 dissipati
1368 3975 1434 4023 sunt
1451 3969 1552 4039 annuli
1564 3985 1669 4027 eorum
1680 3989 1687 4028 :
1700 3972 1810 4028 daven

106 4049 249 4121 propbeta
260 4050 543 4121 comploratdiceus:
554 4050 694 4107 Netrodns
704 4052 797 4106 bestiis
807 4051 931 4106 animam
984 4056 1149 4112 nicaeorum
1158 4062 1188 4110 ut
1197 4058 1306 4128 penitus
1326 4072 1382 4112 non
1392 4061 1537 4113 trameant
1549 4075 1559 4113 :
1582 4058 1748 4132 deseremini
1754 4062 1811 4117 oiri·

105 4138 280 4207 ambientem
289 4139 341 4192 tibi
350 4140 407 4205 (Ps.
420 4154 516 4206 axxrn,
538 4139 593 4211 ¹¹9l·
606 4139 707 4195 timuis
728 4140 778 4212 qui
794 4139 932 4196 transibit
985 4148 1054 4200 tates
1068 4159 1172 4212 eorum,
1189 4161 1219 4201 eo
1233 4145 1306 4216 quaet
1319 4146 1416 4202 nultus
1438 4146 1618 4216 subsisteret,
1634 4166 1725 4222 neque
1740 4149 1809 4205 bati·

105 4240 157 4298 par
172 4241 248 4294 eam,
264 4225 395 4282 sibilabit
408 4231 437 4282 et
452 4227 579 4283 movebit
593 4244 699 4283 manus
714 4245 794 4285 suas.
811 4228 930 4294 Quodsi
984 4239 1063 4289 taret.
1079 4234 1154 4305 ilici,
1181 4243 1369 4291 verumtamen
1396 4236 1531 4291 timebitis
1548 4252 1604 4307 me,
1624 4247 1653 4297 et
1666 4238 1810 4312 suscipietis

104 4313 929 4390 deangelisintellexerimus,itainterpretabimur:eum
984 4320 1177 4395 abciptinom,
1202 4326 1229 4379 et
1248 4339 1305 4378 non
1318 4323 1445 4396 peribitis
1474 4324 1507 4380 de
1528 4326 1701 4401 undosius
1722 4330 1811 4385 ianas

102 4403 274 4460 transierint
284 4420 336 4477 per
345 4420 409 4460 eam
427 4403 535 4478 angeli,
548 4408 576 4461 et
587 4422 643 4461 non
664 4404 827 4461 manserint
841 4405 870 4460 iu
884 4423 928 4476 ea,
982 4413 1065 4467 nibus
1079 4428 1110 4466 m
1124 4411 1225 4482 quibus
1235 4411 1310 4467 ultus
1325 4429 1387 4467 sam
1399 4427 1483 4485 super
1495 4427 1570 4470 eom.
1586 4415 1634 4490 (b)
1646 4419 1807 4489 remen,

104 4497 137 4548 ut
145 4493 229 4566 prius
240 4493 333 4549 iacere
341 4497 560 4563 consueverant,
573 4493 927 4567 stupebuntetmirabun-
982 4516 1112 4572 censurae
1125 4500 1268 4557 dituculo:
1284 4500 1469 4574 disperierant
1477 4517 1574 4559 omnes
1585 4507 1697 4564 recent
1707 4520 1808 4562 aarum

103 4586 152 4638 tur
163 4598 170 4636 ε
182 4586 211 4639 et
222 4599 279 4638 non
291 4599 353 4638 eam
366 4583 495 4655 fulcient,
520 4588 550 4639 et
570 4583 779 4639 sustentabunt
795 4587 928 4641 ruentem
944 4609 967 4675 ὓ
982 4587 1064 4646 Multi
1081 4593 1185 4662 putant
1200 4594 1319 4662 propter
1333 4590 1578 4662 consequentiam
1596 4594 1744 4656 sermonis
1756 4591 1811 4649 dici

104 4687 194 4727 manu
205 4688 270 4743 sua,
282 4673 331 4727 sed
343 4671 482 4729 levabunt
492 4690 598 4729 manus
609 4677 637 4729 et
655 4673 860 4744 pertransient.
876 4673 928 4730 Vel
982 4677 1138 4734 adversum
1163 4677 1297 4745 Niniveu,
1313 4679 1351 4735 de
1371 4694 1430 4751 qua
1450 4695 1563 4751 supra:
1578 4682 1618 4738 Et
1630 4683 1725 4756 perdet
1738 4684 1809 4754 lasa·

103 4765 180 4816 certe
197 4761 352 4818 cumsibilo
363 4761 497 4819 attollent
517 4780 632 4829 manus,
643 4767 672 4820 et
690 4762 774 4836 quasi
787 4762 927 4835 plangea·
983 4768 1096 4835 rium,ct
1106 4771 1190 4839 ponet
1202 4768 1324 4823 Niniuen
1338 4768 1368 4822 in
1382 4767 1570 4826 solitudinem.
1588 4772 1653 4830 Sed
1668 4787 1810 4845 nunquam

101 4849 191 4905 tesia
208 4867 318 4907 morem
347 4850 511 4925 lugentium
540 4853 768 4925 concrepabunt.
784 4852 927 4908 Siculam
982 4856 1133 4928 Scriptura
1145 4855 1266 4911 Ninireu
1289 4856 1456 4913 columbam
1479 4864 1625 4918 vocaret:
1643 4861 1714 4919 lieet
1725 4862 1756 4918 iu
1769 4860 1809 4918 Je-

101 4936 155 4994 hoc
171 4940 205 4994 de
221 4938 573 5014 diaboloetangelisejus
591 4939 770 4998 voluerimus
786 4942 927 5014 accipere,
982 4944 1084 5013 remia,
1112 4962 1129 4999 a
1156 4944 1230 5015 facie
1243 4945 1332 5017 aladii
1359 4945 1492 5004 columba
1515 4946 1553 5003 de
1581 4947 1810 5010 Nabuchoaosor

103 5025 152 5097 qui
162 5027 277 5083 vineam
286 5045 413 5101 quoquc,
425 5031 531 5101 quade
541 5030 661 5103 AEgypto
671 5029 813 5086 translata
821 5031 925 5098 luerat,
982 5033 1102 5106 quidam
1113 5032 1224 5089 dictum
1234 5038 1339 5107 putent
1350 5033 1476 5107 (tenxa).
1491 5033 1552 5090 Sed
1563 5037 1726 5097 sciendam
1739 5037 1807 5114 qual

101 5120 308 5174 vastaverunt:
319 5118 461 5184 dicemus,
474 5134 525 5191 per
534 5120 665 5176 animam
674 5120 709 5175 de
721 5136 779 5192 qua
792 5120 926 5176 Christus
981 5121 1029 5178 alii
1040 5122 1203 5178 econtrario
1227 5127 1371 5190 asserant,
1386 5122 1593 5196 proculcastis,
1612 5126 1658 5185 ibi
1671 5145 1759 5202 possa
1770 5127 1807 5183 iu·

102 5206 266 5273 recesserit,
278 5211 306 5262 et
316 5224 380 5279 que
391 5208 473 5281 prius
484 5208 625 5280 templum
639 5209 686 5264 Dei
708 5210 811 5274 tuerat,
824 5214 853 5265 et
862 5224 927 5265 essa
981 5210 1071 5285 telligi
1088 5213 1163 5267 m
1174 5211 1209 5284 (c)
1219 5207 1384 5282 ‘alitiano
1392 5213 1647 5284 saturninam
1656 5218 1805 5279 sirenas

101 5290 217 5362 desivit,
235 5295 360 5351 transire
372 5299 548 5370 serpentem,
565 5301 593 5353 et
603 5298 721 5354 sibilare
737 5298 766 5353 in
777 5315 821 5363 ea,
836 5302 866 5354 et
879 5314 926 5354 ve·
980 5302 1077 5372 asucie
1089 5300 1269 5372 almitiem,
1285 5300 1314 5356 id
1325 5302 1591 5371 astasncisptodii
1604 5304 1805 5364 Grmcioctana

134 5470 174 5535 (a)
186 5473 237 5525 tls.
255 5471 370 5546 Regin,
401 5473 472 5546 quod
498 5476 604 5547 {rantra
625 5477 744 5548 speciosa
767 5490 825 5533 esse
841 5491 870 5531 se
879 5475 926 5547 ja·
1017 5478 1052 5550 (e)
1062 5478 1140 5534 ldem
1152 5478 1365 5551 ms.etaam‚qui
1375 5481 1404 5535 et
1415 5478 1537 5551 verbam
1549 5481 1801 5557 imprecatura

53 5587 54 5590 ,
97 5538 178 5592 ctent.
375 5614 379 5624 Ι
1002 5549 1332 5606 retermittit.Proxime
1347 5550 1530 5624 superiorem
1546 5553 1801 5625 expositionem&

134 5605 173 5688 (b)
188 5611 358 5695 Postremus
373 5620 428 5671 uste
442 5616 616 5686 versiculus,
630 5620 807 5691 Praepararc,
818 5623 885 5693 eta,
896 5623 926 5679 iu
980 5566 1252 5679 babucuodonosor
1264 5621 1328 5696 ipse
1339 5623 1445 5696 probat
1462 5622 1575 5682 liiaron
1597 5642 1673 5686 mus
1687 5628 1718 5686 in
1731 5627 1801 5685 fotu·

12 5689 22 5704 '
95 5672 200 5753 Regia.
218 5693 275 5737 ms.
291 5681 338 5741 bre
353 5699 412 5741 uon
427 5685 560 5744 babetur.
982 5695 1073 5750 meat.
1085 5691 1238 5768 inieram.
1254 5709 1319 5766 cap.
1342 5709 1409 5767 aar,
1433 5691 1465 5769 in
1480 5693 1542 5755 bns
1553 5710 1568 5765 c,
1586 5712 1644 5763 ⁴ors
1655 5698 1801 5775 Μ,
