3818 6104
94 182 175 247 tata
721 183 754 242 S.
775 177 932 243 llUSllllll
953 178 1173 242 HlllllONYldl
1729 178 1803 242 lese

94 318 187 372 tracta
199 315 310 372 babens
324 314 446 388 angulos
460 318 487 370 et
500 317 643 384 tortuosa,
660 312 730 381 lata,
747 316 775 368 et
790 312 921 384 spatiosa
934 314 961 379 Α
977 311 1059 367 fundi
1075 312 1250 385 sanguinem
1266 315 1295 369 et
1306 329 1426 386 corpora
1435 313 1536 386 jacere
1550 310 1643 384 quasi
1672 312 1804 367 sursera

95 407 150 471 est,
169 420 232 474 que
249 403 329 459 ducit
346 404 380 458 ad
399 407 521 459 mortem
552 402 657 472 (nacta.
685 402 746 474 vu).
768 401 922 474 stmulque
978 401 1069 474 Igitur
1084 399 1244 473 illudquod
1256 401 1292 456 ad
1304 401 1545 458 Noediciturzlit
1559 400 1734 469 sanquinem
1746 401 1807 454 eni-

93 489 172 546 inter
186 491 275 547 verba
290 490 454 547 severitatis
471 491 585 546 Domini
616 506 701 546 cerne
721 489 920 559 clementiam,
976 507 1085 546 marum
1096 494 1247 546 vestrarum
1257 493 1401 562 requiram
1415 490 1448 546 de
1462 507 1550 546 manu
1565 488 1701 545 emnium
1716 488 1806 543 bestia

95 580 173 652 quod
188 584 342 652 propterea
356 596 456 636 amara
471 580 511 635 sit
528 580 599 646 dies,
614 583 642 635 et
655 580 718 635 dies
746 579 805 646 irae,
822 583 850 634 et
860 579 922 634 dies
976 596 1048 646 rum,
1065 587 1090 635 et
1105 578 1137 635 de
1152 597 1237 635 manu
1252 579 1384 644 bominis,
1398 588 1424 635 et
1438 580 1471 636 de
1485 595 1575 634 manu
1603 578 1710 649 fratris
1721 577 1809 648 requi·

95 667 306 740 tribulationis,
317 672 346 724 et
360 669 423 725 dies
434 669 511 724 tuba
527 673 555 724 et
567 667 727 741 clangoris,
743 671 775 722 ut
791 668 922 723 civitates
977 685 1038 723 ram
1048 665 1809 740 animamhominisquieffuderitsanquinemhmnmia·

97 755 174 813 male
188 757 308 813 munita
323 762 352 813 et
366 758 494 829 perversi
511 755 610 830 anguli
627 758 825 812 destruantur.
977 773 1026 830 pro
1041 760 1179 830 sanquine
1192 760 1252 827 eicis
1276 758 1434 829 effrenamur·
1462 758 1582 826 sanquis
1611 756 1696 811 itlius
1711 752 1808 826 (Gener.

134 847 228 918 (Vers.
246 847 290 914 17,
305 846 358 917 18.)
372 847 405 901 at
415 846 554 902 tribulabo
563 847 728 911 berniacam
741 845 922 900 ambutabunt
979 864 1017 914 ιι,
1031 849 1058 913 5,
1074 847 1113 917 6),
1129 851 1158 902 et
1174 847 1202 901 in
1219 846 1430 902 resurrectione
1445 845 1565 902 credere
1581 842 1750 900 ridiculum
1760 848 1808 913 eet,

98 938 129 991 ut
142 937 218 1001 caci,
234 937 301 1007 quia
314 935 428 991 Demtno
441 941 623 1006 peccauerunt
634 952 643 989 :
655 939 681 989 et
692 934 923 990 effundetursan·
978 941 1008 992 et
1021 935 1049 989 in
1066 936 1126 990 vita
1135 935 1197 991 baee
1209 935 1466 991 starenonPotest.
1477 935 1516 1007 (a)
1527 932 1642 999 Quanti
1653 931 1734 989 onim
1744 932 1810 988 ellu-

97 1024 161 1094 puis
174 1039 269 1080 eorum
281 1025 352 1079 sicat
364 1023 471 1087 bamus,
487 1027 513 1079 et
526 1039 641 1095 corpora
655 1039 754 1080 earum
768 1024 839 1080 sicut
852 1029 923 1078 ster·
978 1025 1085 1079 derunt
1099 1024 1286 1096 sanguinem,
1301 1028 1329 1079 et
1344 1023 1464 1095 sanguis
1476 1039 1578 1079 eorum
1612 1021 1731 1078 effusus
1757 1036 1809 1075 non

99 1128 183 1170 ecre:
196 1112 242 1168 sed
256 1122 282 1168 et
296 1115 447 1185 arpentum
461 1128 556 1168 eorum
571 1116 598 1168 et
610 1127 711 1167 aurum
727 1110 825 1184 [Vulg.
843 1109 925 1166 addit
979 1113 1048 1168 eet?
1063 1118 1092 1167 et
1107 1111 1155 1168 alii
1166 1111 1337 1168 occiderunt
1352 1111 1504 1167 bominem
1521 1127 1651 1179 veneno,
1677 1107 1726 1164 vel
1751 1124 1810 1164 sus·

98 1200 740 1273 eorum]nonpoterittiberareeosindieira’
754 1201 875 1269 Domini,
899 1203 926 1255 et
980 1200 1095 1272 pendia,
1116 1204 1144 1256 et
1163 1205 1261 1256 tamen
1281 1217 1348 1255 cum
1382 1199 1469 1256 bomo
1504 1205 1647 1256 mortuus
1674 1197 1728 1263 sit,
1758 1212 1809 1252 nou

99 1291 199 1362 tnipne
207 1291 278 1345 zetis
288 1292 346 1362 ejus
356 1290 721 1346 mactabituromnisterra:
731 1292 925 1361 quinconsum-
979 1292 1024 1345 est
1038 1289 1161 1362 sanguis
1176 1288 1312 1344 effusus?
1328 1289 1478 1354 Quomodo
1506 1304 1577 1361 ergo
1609 1286 1759 1343 Dominus
1773 1289 1812 1341 est

103 1380 251 1435 strationem
266 1395 327 1433 cum
340 1379 515 1450 festinatione
528 1380 613 1451 saciet
624 1378 728 1435 eunetis
738 1378 925 1434 babitantibus
980 1378 1127 1434 effusurus
1142 1377 1317 1450 sanguinem
1333 1393 1434 1433 eorum
1450 1378 1481 1432 in
1496 1377 1655 1444 talionem,
1682 1390 1752 1430 cum
1767 1372 1811 1429 ille

101 1472 214 1524 terram.
227 1468 315 1522 Lxx:
328 1468 502 1524 Ettriiutabo
517 1469 649 1539 domines,
659 1477 684 1524 et
699 1467 880 1522 ambutabunt
895 1451 946 1521 ut‘
980 1467 1055 1524 DDD
1073 1467 1123 1539 qui
1139 1466 1255 1536 occidit,
1271 1467 1446 1540 sanguinem
1458 1483 1516 1523 non
1527 1462 1811 1535 effuderitiiblsm·

102 1558 178 1627 caci,
189 1557 255 1627 auia
265 1557 378 1612 Domino
385 1562 577 1629 peccauerunt,
590 1565 615 1614 et
624 1556 747 1629 effundet
762 1556 926 1628 sanquinem
979 1555 1046 1629 guis
1061 1555 1151 1627 igitur
1167 1555 1296 1612 hominis
1309 1554 1340 1608 τὸ
1357 1554 1469 1623 ζωτικὸν
1486 1553 1574 1625 alsae,
1591 1554 1697 1621 idest,
1719 1549 1811 1621 ciale,

103 1661 197 1703 earum
209 1647 280 1701 sieut
289 1647 444 1717 puluerem,
460 1654 486 1701 et
500 1663 595 1702 earnes
610 1662 706 1702 eornm
734 1648 805 1701 sieut
823 1655 926 1700 stercus
942 1687 967 1753 B
981 1661 1039 1718 quo
1054 1649 1205 1718 vegetatur
1219 1649 1247 1700 ct
1272 1648 1464 1714 sustentatur,
1480 1649 1510 1700 et
1524 1644 1599 1699 vivit
1621 1643 1714 1698 debet
1725 1639 1812 1696 intol-

105 1733 186 1791 taum
200 1733 256 1803 [al.
274 1735 424 1805 bubaluml,
440 1744 466 1791 et
485 1739 633 1809 arpentum
667 1752 760 1791 eorum
785 1739 811 1790 ct
829 1750 927 1790 asarum
982 1733 1053 1806 ligi:
1070 1734 1147 1804 quod
1164 1734 1214 1805 qui
1230 1733 1377 1804 effuderit,
1395 1734 1454 1789 sive
1470 1750 1522 1806 per
1546 1728 1744 1799 scandalum,
1760 1729 1812 1785 sive

103 1838 267 1880 eorumnon
282 1826 547 1895 poteriteruereeos
562 1824 650 1879 indie
675 1827 727 1881 irae
754 1824 878 1892 Domini,
902 1828 928 1878 et
981 1822 1170 1896 perversitate
1192 1822 1568 1894 doetrina,indisJ'udicii
1599 1819 1811 1876 effundeturab

103 1914 135 1968 in
149 1914 212 1984 iane
225 1912 279 1968 aeli
293 1913 353 1983 ejus
368 1921 542 1968 consumetur
551 1915 640 1968 amnis
649 1915 723 1967 terra
736 1932 745 1966 .·
756 1928 928 1967 eonsumma-
983 1928 1027 1977 eo,
1040 1912 1073 1981 tc)
1086 1911 1114 1965 id
1124 1916 1178 1975 cst,
1191 1913 1269 1983 quod
1286 1911 1343 1967 sibi
1354 1911 1507 1967 videbatur
1517 1910 1631 1966 habere
1653 1907 1756 1976 vitale,
1771 1923 1811 1963 co-

105 2003 206 2057 ttonem
220 2002 294 2056 enim
307 2003 332 2056 et
346 2002 549 2071 festinationem
558 2003 642 2072 saciet
656 2017 738 2072 super
748 2016 840 2055 emeres
853 1999 928 2054 lati-
983 2005 1068 2074 gotur
1078 2001 1222 2056 emittere.
1240 2002 1327 2057 Juxta
1343 1999 1547 2071 hujuscemodi
1576 1998 1771 2071 sanguinem,
1787 2002 1812 2052 et

67 2086 70 2091 ’
104 2087 928 2160 tantesterram.Nonestdilficilejuxtaprioremsensum
983 2107 1050 2145 caro
1065 2089 1248 2162 intelligitur,
1265 2090 1300 2145 de
1318 2106 1376 2155 oua
1390 2095 1419 2145 et
1436 2091 1527 2146 lsaias
1541 2088 1727 2144 ait:0mnis
1747 2101 1810 2152 aare,

105 2175 930 2250 haeoiuisseperpessamdicereJerusalem,qurepropter
981 2181 1077 2249 senum
1092 2180 1168 2252 (lsai.
1186 2197 1230 2249 rm,
1246 2180 1285 2248 d).
1314 2176 1349 2234 Et
1376 2179 1404 2234 in
1434 2178 1538 2234 Genesi
1570 2176 1743 2234 Dominus:
1761 2176 1813 2232 iles

105 2283 222 2323 crucem
235 2266 351 2323 Domini
367 2267 509 2322 sustinuit
524 2284 530 2320 ε
548 2267 755 2321 recessitenirn
763 2267 798 2321 ab
815 2282 848 2321 ea
862 2264 931 2321 visi·
982 2269 1153 2340 permanebit
1164 2270 1283 2340 spiritus
1297 2284 1373 2324 meus
1389 2271 1418 2322 in
1433 2267 1596 2324 bominibus
1605 2269 1671 2322 istis
1682 2268 1813 2339 quianam

106 2355 176 2412 tatio
191 2355 317 2424 Domini,
334 2359 363 2411 et
377 2355 507 2411 tribulati
517 2360 697 2412 suntomnes
708 2353 930 2411 DDdhomines
982 2357 1057 2427 sunt)
1074 2356 1138 2413 Gen.
1155 2375 1193 2426 vr,
1209 2357 1246 2426 3).
1264 2357 1297 2411 at
1311 2355 1477 2429 Apostolus,
1490 2356 1525 2411 de
1538 2360 1699 2428 utroque:
1715 2353 1814 2410 Careet

107 2445 137 2501 in
155 2445 341 2512 totaJudaea,
359 2445 770 2517 etproplermagnitudincm
787 2461 930 2516 pressura
983 2447 1207 2516 sanauisreoum
1235 2446 1285 2501 Dei
1309 2445 1446 2517 possidere
1472 2461 1527 2501 non
1557 2448 1815 2516 poteruntcneaut

108 2532 332 2591 ambulaverunt
347 2537 379 2588 ut
390 2533 469 2604 ceci,
485 2533 555 2605 quid
571 2539 690 2605 agerent
705 2533 932 2606 ignorantesllt
984 2537 1121 2606 corruptio
1138 2537 1366 2608 incorruptionem
1380 2536 1429 2590 Dei
1440 2535 1494 2603 [ΑΙ.
1511 2537 1591 2588 tacet
1620 2532 1815 2607 Deitlearedi·

108 2622 168 2679 bac
180 2621 260 2695 passi
274 2626 354 2688 sunt,
369 2622 439 2694 quia
454 2622 588 2690 Domino,
604 2623 633 2677 id
651 2627 704 2690 est,
716 2622 767 2678 Del
780 2622 851 2678 Filio
863 2639 931 2694 pec·
984 2625 1053 2679 trabit
1067 2624 1089 2694 (l
1108 2623 1167 2679 Cor.
1184 2640 1231 2694 xv,
1245 2624 1302 2695 50).
1319 2624 1351 2678 ln
1368 2622 1414 2678 die
1442 2639 1511 2695 ergo
1531 2621 1811 2687 consummationis,

108 2716 257 2768 caverunt.
273 2711 346 2767 Nam
362 2710 579 2782 quialuderunt
590 2711 763 2784 sanguinem
780 2711 932 2784 propheta·
984 2711 1027 2767 vel
1044 2710 1199 2784 generalis,
1216 2712 1260 2767 vel
1275 2710 1421 2784 specialis,
1433 2711 1671 2784 omnissanguis
1687 2710 1812 2784 quieffe-

108 2799 930 2873 rumetsauguinemChristi,lususestsanguiseorum
985 2805 1095 2857 susest
1123 2799 1261 2856 clamabit
1290 2801 1326 2857 ad
1359 2799 1526 2856 Dominum.
1558 2805 1588 2856 et
1616 2800 1809 2873 apparebitis

107 2891 184 2948 sicut
198 2891 307 2945 burnus
322 2888 350 2943 in
368 2893 428 2944 tota
443 2888 570 2961 regione,
587 2894 754 2960 eteorpora
769 2905 871 2944 eorum
887 2904 930 2944 re·
985 2889 1092 2957 medio,
1105 2893 1133 2945 et
1144 2905 1230 2961 opera
1241 2889 1395 2962 sanguinis
1405 2894 1492 2961 atque
1502 2889 1716 2946 terrenasicut
1726 2887 1810 2963 pulvis

108 2982 281 3036 manserunt
296 2976 452 3050 insepulta,
471 2977 547 3032 sicut
563 2982 691 3033 stercora
713 2995 745 3032 su
751 2993 801 3049 per
826 2977 929 3033 taciem
981 2978 1119 3050 jacebant
1131 2983 1160 3034 et
1175 2983 1312 3043 stercora,
1329 2982 1357 3034 et
1371 2983 1525 3051 argentum
1541 2987 1704 3034 otacrum
1719 2977 1811 3034 divites

108 3065 776 3137 terra.[)ivitesquoqueeorumquiargeutum
788 3070 929 3121 etaurum
945 3051 966 3119 G
986 3068 1021 3122 de
1037 3067 1083 3122 die
1097 3066 1145 3122 irae
1162 3084 1220 3122 non
1236 3071 1373 3138 poterunt
1387 3066 1523 3137 liberare,
1539 3068 1689 3124 audiente
1713 3083 1758 3136 eo,
1772 3065 1814 3140 qui

110 3155 266 3227 iniquitate
276 3153 634 3224 nimiacongregaverunt‚
651 3152 826 3224 opibussuis
841 3154 876 3209 de
887 3154 933 3209 die
950 3206 959 3218 ,
988 3156 1128 3211 moritur:
1144 3157 1243 3221 Stulte,
1259 3157 1311 3211 leae
1324 3165 1400 3212 noete
1415 3156 1527 3212 tolletur
1552 3159 1659 3213 anima
1685 3166 1736 3213 tuu
1750 3173 1766 3213 u
1778 3164 1813 3216 u.-

111 3243 161 3300 ira
171 3242 287 3298 Domini
297 3257 354 3296 non
370 3244 529 3313 potuerunt
544 3240 678 3296 liberari:
699 3241 776 3314 ignis
790 3242 867 3297 enim
879 3243 933 3299 aeli
988 3262 1047 3316 arere
1062 3253 1155 3301 autem
1165 3248 1286 3317 parasti,
1301 3246 1381 3318 cujus
1395 3248 1475 3300 erant
1491 3246 1570 3316 (Luc.
1596 3263 1665 3313 xru,
1681 3246 1748 3319 ioli
1760 3244 1813 3302 nn

110 3330 225 3393 Domini
242 3346 401 3386 succensus
416 3330 556 3384 adversus
573 3345 632 3399 eos,
654 3330 800 3387 devoravit
816 3348 932 3387 omnem
988 3335 1065 3406 qaod
1084 3347 1223 3407 negemus
1239 3351 1344 3390 aurum
1359 3338 1387 3389 et
1402 3338 1559 3406 argentum
1575 3333 1689 3392 divites
1701 3334 1815 3390 liberare

110 3421 301 3501 provinciam.
313 3419 370 3475 Nee
383 3419 492 3491 grande
503 3418 559 3474 luit
571 3426 686 3492 tempus
697 3420 725 3474 in
736 3420 830 3476 medio
844 3437 850 3477 :
864 3437 932 3502 nam
987 3424 1023 3478 do
1033 3427 1125 3479 morte
1139 3440 1145 3480 :
1158 3425 1315 3496 Redemptio
1329 3425 1403 3480 enim
1413 3425 1469 3478 uiri
1484 3422 1603 3489 animae,
1612 3425 1742 3496 propria
1750 3423 1813 3479 diri·

110 3517 177 3588 post
192 3507 387 3585 quadraginta
402 3511 430 3564 et
444 3507 519 3564 duos
535 3525 629 3564 annos
656 3509 932 3578 Dominicacruois,
987 3513 1281 3583 tioeil'roe,x111,8):
1306 3513 1357 3568 aad
1386 3512 1463 3584 quod
1480 3528 1513 3568 eo
1542 3513 1814 3585 temporaliterve

110 3599 292 3662 eircumdata
307 3601 351 3653 est
366 3596 400 3651 ab
417 3597 542 3652 exercitu
557 3597 572 3652 l
578 3597 734 3665 censalem,
755 3603 783 3654 et
795 3616 933 3655 consum·
988 3601 1184 3672 nonpossint,
1201 3602 1318 3673 quando
1334 3600 1449 3657 divitias
1460 3600 1645 3657 necessitate
1657 3603 1810 3659 dimittunt.

110 3691 200 3750 matio
211 3688 500 3744 illiuslactaastoum
512 3685 714 3753 festinatione,
731 3692 759 3743 ct
770 3688 934 3743 nonsolum
988 3688 1090 3745 Omnis
1105 3691 1182 3745 enim
1200 3694 1275 3746 terra
1291 3693 1319 3744 et
1340 3690 1478 3745 universa
1505 3706 1573 3760 que
1604 3693 1728 3748 terrena
1742 3691 1811 3756 sunl,

110 3781 202 3850 illius,
218 3779 268 3835 sed
283 3776 396 3833 cunctis
411 3779 493 3831 terrae
524 3775 630 3830 Judaeae
657 3776 882 3834 habitatoribus.
902 3778 933 3834 ln
988 3777 1048 3833 zelo
1071 3778 1183 3834 Domini
1198 3778 1422 3834 devorabantur.
1438 3779 1474 3834 ut
1489 3779 1570 3850 quod
1585 3778 1641 3848 ait,
1659 3782 1718 3836 selo
1730 3776 1813 3852 (ilin-

110 3867 363 3928 cousummatlone
372 3868 470 3921 autem
481 3864 525 3921 vel
535 3865 638 3920 mundi
649 3866 691 3921 vel
702 3867 935 3939 uniuscujusque
988 3865 1086 3939 tellige
1096 3867 1192 3923 adhuc
1203 3872 1350 3923 amantem
1361 3867 1530 3924 Dominum.
1544 3867 1702 3925 Nisienim
1714 3868 1815 3924 amaret

111 3957 294 4015 tribulantur
308 3970 410 4012 omnes
425 3953 570 4016 homines,
586 3955 636 4026 qui
652 3955 786 4011 homines
797 3973 934 4028 perman·
988 3955 1148 4011 humanam
1165 3956 1305 4023 animam,
1320 3972 1482 4028 numquam
1492 3955 1646 4013 zelaretur
1658 3974 1725 4014 eam
1738 3954 1816 4013 :etin

110 4051 223 4115 serunt,
239 4050 266 4102 et
282 4044 389 4100 mortui
405 4047 475 4098 sunt
489 4043 572 4114 quasi
589 4043 734 4098 hominos.
751 4048 785 4097 at
798 4043 934 4100 ambula·
989 4043 1212 4101 similitudinem
1224 4045 1493 4117 mariti‚peecatum
1505 4044 1814 4111 ulciscereturuxoris,

10 4192 13 4197 ,
110 4136 186 4192 bunt
201 4139 233 4191 ut
247 4133 325 4201 cnei,
343 4132 412 4205 quia
438 4131 536 4187 lumen
564 4131 714 4204 perdidere
738 4131 890 4200 virtutum,
908 4136 936 4189 et
989 4131 1078 4204 qui,si
1089 4150 1147 4189 non
1159 4138 1280 4204 amaret,
1293 4149 1346 4190 nec
1357 4134 1392 4189 de
1402 4131 1547 4190 adulterio
1559 4135 1628 4207 ejus
1639 4135 1815 4192 irasceretur.

109 4222 207 4280 locum
224 4221 399 4296 poenitentia
418 4236 475 4274 non
491 4218 660 4275 habebunt:
677 4224 705 4275 et
716 4220 775 4276 hac
789 4221 936 4293 patientur
989 4223 1023 4278 at
1035 4221 1089 4277 hoc
1101 4221 1186 4277 iaciat
1196 4221 1337 4278 Dominus
1349 4238 1417 4278 eum
1432 4221 1626 4280 festinatione
1642 4224 1757 4280 cunctis
1770 4222 1816 4277 hs·

113 4312 185 4384 quia
198 4311 321 4367 Domino
338 4312 539 4382 peccaverunt.
566 4309 595 4363 Si
619 4309 698 4364 enim
725 4308 866 4366 Dominus
882 4310 935 4382 [lt.
991 4310 1153 4367 bitautibus
1169 4315 1287 4382 terram,
1304 4310 1351 4367 bis
1366 4310 1417 4384 qui
1430 4326 1461 4367 se
1485 4312 1608 4383 penitus
1636 4317 1724 4370 terra
1737 4311 1813 4368 deds-

112 4400 238 4470 Domini]
251 4400 438 4472 justitient,
455 4397 572 4464 veritas,
602 4397 752 4464 sanctitas,
769 4403 936 4471 ceteraque
953 4421 976 4486 D
991 4399 1622 4472 runt,etnanlueruntadvenaeetperegrini,
1637 4401 1813 4472 sicutjuau

112 4490 246 4558 virtutes,
264 4488 399 4561 quisquis
415 4487 526 4558 injuste
541 4486 618 4553 lecit,
635 4491 664 4541 et
679 4487 819 4542 mentitus
840 4491 894 4557 est,
910 4492 939 4544 ot
993 4489 1042 4561 qui
1058 4487 1188 4561 loquitur
1199 4508 1206 4547 :
1217 4488 1327 4545 Aduena
1341 4505 1403 4545 sum
1415 4506 1464 4558 epo
1476 4489 1505 4544 in
1516 4496 1607 4557 terra,
1626 4500 1658 4548 et
1667 4489 1812 4563 pereum

114 4583 210 4635 scorta
226 4577 353 4649 vitiaque
368 4581 496 4632 sectatus
512 4579 566 4639 est,
585 4576 705 4632 Domino
729 4576 867 4648 peccavit.
883 4577 937 4632 Sed
992 4579 1063 4633 sicut
1078 4594 1172 4634 omnes
1187 4580 1280 4650 patres
1294 4580 1348 4635 mei
1363 4579 1552 4645 (Ps.xxxv1u,
1571 4580 1631 4651 12).
1649 4580 1689 4637 at
1709 4589 1814 4636 rursum

113 4667 190 4740 quod
208 4666 359 4739 sequitur:
377 4666 409 4719 at
423 4664 581 4736 effundetur
595 4667 711 4738 sanquis
739 4681 837 4720 earum
866 4667 939 4721 sieut
994 4664 1062 4721 alibi
1079 4667 1180 4723 nolens
1192 4666 1341 4722 diutiusin
1357 4666 1547 4723 tabernaculo
1564 4667 1816 4731 carnisbebitars,

112 4754 222 4819 humus,
238 4758 264 4811 et
278 4770 392 4826 corpora
407 4754 707 4808 earumsicutstcrcora
723 4754 810 4821 bourn,
824 4754 940 4809 videtur
994 4754 1174 4828 lacrymabili
1190 4773 1257 4812 voca
1269 4760 1402 4822 testatur,
1413 4756 1513 4811 dicens
1526 4773 1533 4811 :
1548 4757 1607 4812 ileu
1617 4757 1821 4830 milriauiupt·

113 4843 290 4913 absurdum,
310 4841 615 4913 utinresurrectione
643 4847 836 4911 mortuorum,
866 4843 939 4898 etin
994 4844 1518 4917 rearinatiomccprolenpataestil's,
1546 4861 1628 4914 cxix,
1661 4842 1820 4919 5).Eteuin

112 4932 367 4988 consummatione
384 4929 487 4986 mundi
504 4935 592 5002 atque
604 4931 727 5002 judicio,
750 4932 883 4988 dicamus
899 4935 939 4988 el·
995 4934 1044 5006 qui
1061 4950 1166 4990 sumus
1182 4933 1210 4989 in
1227 4934 1415 4990 tabernaculo
1427 4934 1561 5005 corporis
1571 4934 1683 5005 hujus,
1691 4930 1821 5008 ingemis-

149 5074 188 5146 (a)
204 5072 368 5129 Recolenda
387 5073 448 5128 haec
463 5077 508 5127 est
524 5073 691 5144 Hieronymi
704 5075 874 5130 enarratioa
890 5079 940 5130 Pa·
995 5075 1237 5147 guinediciturin
1250 5074 1400 5146 Scriptura
1413 5093 1420 5130 :
1432 5074 1531 5130 Anima
1543 5079 1730 5136 enimomnes
1740 5073 1822 5134 cumb

112 5146 208 5201 tribus
219 5145 369 5201 Trosleani
380 5144 506 5200 concilii.
525 5144 634 5216 quibus
650 5161 714 5216 cap.
745 5147 778 5200 13
793 5146 939 5202 laudetur.
995 5148 1026 5202 in
1040 5147 1335 5218 sanquineestlbevit
1351 5164 1419 5210 xva,
1437 5147 1491 5215 tl).
1509 5146 1609 5204 Maur.

149 5216 186 5287 (lt)
202 5214 348 5271 Omittunt
360 5216 415 5270 hoc
424 5215 486 5271 loeo
497 5216 636 5271 Erasmus
645 5216 829 5273 etMarianus
844 5217 942 5273 Graeca
1041 5221 1065 5290 e)
1076 5225 1107 5273 lu
1120 5219 1220 5290 ltegin.
1234 5218 1458 5290 maetiundetur
1467 5219 1501 5274 ab
1509 5233 1542 5275 eo
1554 5217 1819 5296 etiamidpuodalt

113 5285 266 5342 duoverba
275 5286 307 5340 τὸ
316 5291 344 5343 et
355 5290 507 5359 utromque
519 5288 709 5344 mss.codices
718 5287 941 5344 retinentetiam
996 5291 1025 5344 ei

114 5355 344 5439 characteribus,
356 5362 390 5412 ut
401 5358 509 5430 Regius
525 5359 607 5414 dum.
623 5359 705 5424 2991,
722 5360 772 5431 qui
787 5359 940 5432 logit‚San·
1032 5360 1071 5432 (d)
1081 5361 1201 5433 Supplet
1211 5359 1359 5416 Victorius
1370 5361 1491 5426 Domini,
1508 5365 1539 5418 et
1550 5379 1604 5436 pro
1616 5369 1740 5436 amaret,
1750 5365 1821 5427 aul.

113 5431 291 5592 Ξζιτιικὲριέιιν
318 5430 763 5563 hgffgiiffpuizzssg‘gctwsss'ffl
791 5429 940 5562 adiigemard
996 5436 1024 5487 et
1039 5449 1093 5504 pra
1106 5434 1281 5501 irasceretur,
1296 5432 1429 5490 irascitur
1442 5431 1523 5507 legit.

215 5519 325 5576 virae,
663 5519 691 5567 m
730 5519 799 5579 ‚quo
850 5519 890 5565 es
910 5519 942 5563 a·

1043 5289 1146 5357 edatur,
1163 5294 1217 5344 etc.
