3818 6104
91 269 128 332 Η
833 268 1052 335 censuum.
1752 272 1791 337 ῃ
1863 260 1869 273 ·

92 402 193 465 censis
222 408 339 476 monet,
376 421 487 483 neque,
518 403 602 482 quod
628 404 694 482 ipsc
722 410 876 478 autumat,
902 424 974 467 casu
1004 412 1035 467 et
1062 405 1305 467 describentium
1335 404 1457 469 incuria
1483 407 1684 487 praelationes
1725 408 1789 470 illae

93 501 304 580 deperierunt.
320 503 438 580 Nempe
469 519 562 578 quam
591 502 748 562 somniant
777 504 938 582 praefixam
964 503 1103 564 homiliis
1127 505 1157 564 in
1187 504 1311 575 isaiam,
1328 523 1483 584 nusquam
1514 505 1643 580 exstitit,
1672 507 1790 567 nedum

93 599 134 660 ab
149 616 186 660 eo
202 600 387 660 translatore
403 600 590 660 concinnata
605 607 661 665 est.
692 618 785 678 quem
813 601 945 662 fortasse
970 601 1130 674 Hullnum,
1156 602 1381 681 Hieronymum
1405 608 1487 662 certe
1516 623 1576 663 non
1605 603 1699 664 luisse
1731 604 1792 664 evi·

92 694 212 757 cimus:
242 695 391 756 evicimus
420 702 525 756 autem
550 702 663 758 caetera
687 702 758 775 post
784 704 981 776 argumenta,
1010 718 1080 778 quae
1108 699 1140 759 in
1178 699 1346 778 superioris
1382 702 1566 779 praefatione
1603 702 1680 763 tomi
1722 719 1792 762 eon-

94 793 258 872 gessimus,
275 812 311 853 cx
329 793 388 854 hoc
403 793 481 872 ipso,
499 795 583 872 quod
606 795 692 855 nulle
723 794 860 855 homilias
889 796 950 856 illae
979 796 1107 857 munitae
1133 796 1194 856 sint
1216 797 1360 875 prologo.
1392 800 1501 858 Exstat
1524 799 1701 860 econtrario
1732 799 1791 860 ho·

93 889 251 951 miliarum
267 891 482 953 interemtam
498 892 651 970 praefatio,
671 891 801 971 bamque
828 892 896 970 ipsa
925 900 982 967 est,
1012 911 1106 973 quam
1131 894 1206 954 solis
1234 900 1347 972 putant
1374 894 1511 955 homiliis
1536 897 1567 955 in
1597 896 1790 959 Ezechielem

24 982 29 991 '
93 987 228 1068 praefigi,
253 987 413 1048 verissime
441 994 547 1049 autem
586 988 737 1068 utrisque,
780 988 897 1049 scilicet
934 997 965 1049 ct
1007 990 1162 1070 prioribus
1194 991 1224 1051 in
1254 993 1422 1052 teremiaur
1465 1011 1528 1053 uua
1562 991 1691 1071 junctis,
1734 994 1793 1055 suh

93 1083 269 1146 uuiuslibri
284 1086 529 1164 nuncupatione,
549 1086 730 1166 praetexitur
759 1085 798 1146 ab
824 1085 893 1164 ipso
922 1086 1102 1165 interprete.
1135 1089 1209 1158 Quae
1235 1087 1266 1147 id
1295 1107 1353 1149 nos
1381 1088 1473 1150 docet
1497 1089 1689 1168 praelationis
1722 1090 1792 1170 ejus

94 1199 158 1243 uon
173 1181 339 1261 indiligens
354 1182 464 1245 lectio:
484 1190 548 1243 tum
578 1202 648 1262 quac
676 1183 733 1243 sub
764 1201 826 1244 una
853 1185 1033 1244 recensione
1057 1185 1093 1244 lit
1121 1185 1152 1243 in
1178 1184 1329 1263 Gatalogo
1357 1186 1470 1264 or'qr'ati
1496 1195 1560 1246 octo
1588 1186 1789 1248 homiliarum

94 1279 222 1353 mentio,
255 1287 288 1341 ut
316 1281 379 1342 alia
406 1281 643 1360 praetermittam
673 1281 831 1342 rationum
875 1286 1045 1355 momenta,
1089 1282 1209 1341 nullum
1251 1282 1407 1361 reliquum
1450 1283 1569 1344 iaciunt
1601 1283 1792 1346 dubitationi

93 1375 212 1451 locum,
240 1377 468 1457 doctorumque
498 1378 674 1449 hominum,
708 1380 821 1456 quiin
864 1378 1042 1440 adversaria
1083 1378 1231 1458 opinione
1268 1385 1445 1454 versantur,
1475 1379 1631 1459 judicium
1686 1381 1793 1460 palam

98 1473 257 1537 refellunt.
283 1476 346 1537 Sed
361 1481 396 1536 ut
419 1494 466 1550 co,
498 1476 582 1554 quod
612 1481 750 1555 coeptum
780 1482 826 1536 est
854 1475 927 1548 dici,
957 1480 1160 1550 revertamur,
1196 1495 1252 1537 cur
1287 1476 1327 1537 ad
1367 1475 1512 1555 quintum
1549 1477 1634 1538 hunc
1672 1482 1793 1538 tomum

95 1571 296 1633 differrentur
323 1573 461 1634 homiliae
487 1574 566 1647 istae,
596 1592 692 1634 causa
719 1574 777 1634 luit
802 1575 931 1653 insuper
956 1573 1047 1635 nobis
1073 1573 1143 1653 ipsa
1170 1573 1347 1654 scriptionis
1390 1574 1530 1636 indoles:
1574 1573 1642 1653 ejus
1674 1593 1789 1653 nempe

94 1687 190 1749 quam
205 1689 269 1730 non
283 1676 395 1748 suopte
410 1670 535 1748 ingenio
552 1670 637 1730 cudit
652 1671 871 1750 Hieronymus,
885 1671 938 1731 sed
954 1671 994 1731 ab
1010 1670 1071 1732 alie
1090 1678 1252 1750 acceptam
1269 1679 1407 1748 auctore,
1427 1672 1617 1734 Adamantio
1632 1673 1790 1747 videlicet,

94 1764 248 1829 adornare
282 1768 400 1828 Latinis
441 1768 569 1828 auribus
602 1768 642 1828 ad
684 1769 787 1829 aliena
824 1767 932 1829 debuit
974 1770 1120 1848 vestigia:
1170 1770 1334 1849 ipsamque
1380 1770 1451 1831 ideo
1496 1770 1792 1850 interpretationem

93 1865 199 1927 decuit
209 1864 309 1943 magis
323 1865 557 1945 primigenium,
575 1871 610 1926 ut
624 1866 669 1926 ita
683 1866 798 1939 dicam,
814 1868 847 1929 S.
862 1866 1006 1927 Doctoris
1021 1868 1052 1927 ln
1069 1885 1122 1929 eos
1138 1867 1308 1948 prophetas
1324 1869 1623 1931 commentariorum
1650 1868 1792 1931 laborem

93 1980 177 2044 pone
191 1962 290 2040 sequi.
1472 2011 1473 2014 ,

135 2058 337 2122 ddGroecum
357 2059 443 2139 qued
462 2060 597 2140 pertinet
624 2060 745 2140 aliquot
779 2079 818 2122 ex
852 2060 901 2121 his
929 2061 1129 2125 homiliarum
1158 2069 1277 2124 textum
1304 2065 1389 2140 (sunt
1421 2082 1495 2125 vero
1524 2063 1691 2126 duodecim
1719 2069 1792 2126 tan·

96 2162 163 2220 tum
191 2176 230 2219 ex
254 2158 303 2219 hle
332 2178 401 2237 quae
423 2159 603 2231 ieremiam,
631 2159 723 2238 plane
752 2158 922 2239 deperditis
946 2178 1016 2238 quae
1045 2159 1239 2236 Ezechielem
1269 2161 1439 2240 explicant)
1469 2160 1594 2222 animus
1621 2160 1793 2240 aliquando

93 2254 153 2317 fuit
181 2256 267 2317 bunc
300 2274 426 2335 quoque
454 2275 471 2317 e
498 2257 625 2335 regione
654 2258 772 2318 Latinae
807 2257 1074 2336 interpretationis
1112 2269 1290 2336 apponere:
1313 2258 1443 2337 jamque
1477 2257 1630 2320 nonnulla
1667 2258 1793 2320 fuerant

93 2353 186 2417 nobis
213 2354 253 2415 ad
282 2372 353 2414 eum
383 2355 447 2415 sive
476 2356 734 2429 emendatiorem,
763 2356 828 2416 sive
856 2355 1020 2416 clariorem
1044 2356 1257 2416 exhibendum
1283 2356 1513 2417 animadversa.
1552 2358 1668 2418 Verum
1703 2356 1789 2434 quod

93 2452 177 2514 bone
206 2452 324 2531 cepisse
350 2450 535 2513 videbamur
563 2453 704 2523 consilio,
736 2472 806 2513 cum
832 2472 944 2515 manus
972 2453 1059 2532 operi
1079 2452 1137 2514 luit
1164 2453 1372 2529 admovenda,
1404 2455 1534 2515 meliore
1571 2453 1603 2513 id
1636 2453 1793 2514 sensimus

94 2540 410 2631 pretermittendum.
427 2551 519 2612 iinim
534 2569 609 2612 vero
628 2570 698 2612 cum
728 2554 768 2612 sit
796 2551 946 2630 Origenes
975 2552 1007 2612 in
1032 2551 1117 2613 bisce
1147 2552 1333 2614 tractatibus
1356 2552 1471 2629 exigua
1500 2569 1573 2630 pars
1595 2551 1662 2630 ipse
1677 2550 1736 2622 sui,
1762 2557 1793 2611 et

94 2647 284 2710 desiderium
303 2648 413 2709 lectori
439 2649 551 2727 magis,
581 2668 675 2728 quam
706 2650 896 2727 Hieronymo
925 2654 1040 2726 augeat
1068 2649 1265 2726 dignitatem,
1295 2649 1373 2709 illud
1398 2650 1511 2726 operis,
1542 2648 1628 2726 quod
1656 2650 1681 2708 sl
1711 2648 1794 2709 inte-

93 2763 186 2825 grum
202 2749 393 2825 suppeteret,
411 2750 467 2805 aut
481 2745 595 2823 majori
610 2745 719 2805 saltem
740 2763 778 2803 ex
795 2751 895 2823 parte,
916 2744 1082 2804 commodo
1108 2750 1203 2822 atquc
1226 2744 1352 2805 ornatui
1377 2745 1485 2805 luisset
1511 2744 1641 2807 editioni
1663 2750 1792 2819 nostrae,

94 2860 178 2903 nunc
205 2841 288 2903 male
316 2841 504 2903 mulctatum
531 2841 815 2921 imperfectumque
839 2846 873 2900 ut
897 2856 1189 2919 apponeremame
1218 2841 1284 2919 ipso
1313 2840 1483 2919 impetrare
1516 2859 1579 2902 non
1620 2841 1720 2920 potui.
1757 2841 1790 2904 Si

94 2938 312 3014 obtinuissem,
341 2938 482 3020 ipsarum
510 2937 689 3012 duodecim,
718 2957 788 3018 quae
813 2937 887 2999 solae
908 2943 1077 3017 supersunt
1099 2937 1131 2998 in
1159 2938 1279 3009 (lraeco,
1314 2937 1518 3000 homiliarum
1547 2937 1703 3001 invertere
1737 2956 1790 2999 or·

93 3038 198 3100 anm
228 3037 404 3118 oportebat.
435 3036 589 3099 Nimirum
617 3036 765 3114 Origenes
788 3055 885 3116 supra
912 3035 1051 3116 quinque
1080 3042 1111 3098 ct
1144 3036 1356 3116 quadraginta
1371 3035 1518 3097 homilias
1560 3035 1594 3097 in
1625 3035 1793 3098 teremiam

95 3137 289 3212 elimaverat,
316 3156 333 3197 e
362 3154 496 3215 quarum
525 3135 645 3215 ingenti
672 3140 758 3196 strue
781 3134 1019 3214 quatuordecim
1049 3134 1108 3195 sibl
1132 3134 1248 3214 delegit
1270 3135 1379 3197 Latine
1403 3134 1614 3196 retundendas
1644 3134 1795 3216 Hierony-

95 3252 166 3297 mus
194 3251 309 3313 easque
339 3235 402 3295 n'on
432 3233 525 3295 ducto
541 3252 559 3295 a
574 3231 731 3314 prioribus
757 3230 859 3306 initio,
888 3233 1060 3294 continenti
1088 3232 1178 3307 serie,
1209 3233 1264 3294 sed
1291 3237 1328 3293 ut
1355 3249 1388 3292 se
1415 3249 1550 3312 quaeque
1573 3230 1700 3306 obtulit,
1730 3234 1796 3295 sal·

93 3332 207 3396 tuatim
221 3333 266 3394 ita
278 3338 325 3394 est
343 3331 581 3411 interpretatus,
604 3336 638 3391 ut
667 3349 706 3391 ne
736 3329 838 3391 dicam
865 3330 1054 3408 Origeolano
1083 3330 1257 3409 proposito,
1287 3347 1326 3391 ne
1353 3329 1451 3409 ipsius
1476 3327 1606 3408 quidem
1635 3331 1795 3410 ieremias,

91 3452 185 3514 quem
213 3435 349 3507 enarrat,
374 3430 477 3492 ordini
513 3433 741 3492 consentaneus
768 3428 799 3488 in
825 3428 974 3489 vertendo
1009 3427 1112 3489 fuerit.
1138 3429 1185 3489 ab
1214 3446 1251 3490 ea
1278 3446 1350 3508 quae
1378 3432 1410 3490 et
1431 3445 1526 3508 penes
1566 3428 1792 3492 adamantium

92 3531 196 3613 prima
206 3535 263 3607 est,
280 3530 412 3610 gradum
423 3529 464 3590 ad
478 3534 654 3608 postremas
668 3529 758 3602 duas,
774 3526 929 3587 decimam
958 3525 1083 3588 tertiam
1105 3533 1137 3588 et
1160 3532 1306 3606 quartam
1331 3526 1419 3588 lecit:
1447 3525 1568 3587 nescias
1592 3525 1675 3587 eninr
1699 3546 1795 3607 quem

94 3629 274 3692 secundaet
297 3629 389 3690 tertIa
417 3627 663 3708 Hieronymiana
686 3627 791 3687 locrrm
816 3630 943 3685 tcneaut
972 3623 1003 3683 in
1028 3625 1136 3686 Gracco
1161 3625 1347 3705 archetypo,
1375 3624 1407 3685 iu
1435 3642 1498 3703 quo
1518 3622 1645 3704 penitus
1673 3624 1796 3686 deside-

94 3733 224 3789 rantur:
248 3731 407 3806 quartam,
434 3744 505 3806 qum
533 3725 663 3787 decimae
686 3724 827 3803 septime
851 3722 1047 3801 origeniana
1071 3721 1254 3801 respondet,
1284 3727 1359 3801 post
1386 3720 1524 3801 reliquas
1553 3738 1664 3783 omnes
1691 3740 1797 3784 recen·

93 3827 166 3888 suit.
182 3826 304 3888 Exinde
325 3827 407 3901 aliae,
435 3845 508 3905 quae
537 3821 928 3905 subsequunturaquinta
956 3820 996 3883 ad
1024 3820 1257 3893 duodecimam,
1285 3819 1334 3880 sin
1363 3818 1467 3880 minus
1496 3819 1535 3880 ad
1559 3818 1659 3881 tlraeci
1687 3838 1793 3881 exem-

95 3924 191 4005 plaris
207 3923 359 4004 regulam,
378 3928 464 3985 recta
478 3923 664 3984 adinvicem
681 3922 759 3983 serie
795 3920 974 4000 explicavit,
1005 3923 1128 3983 lantum
1158 3917 1244 4000 quod
1267 3917 1408 3998 septimae
1437 3921 1583 3978 octavam
1608 3917 1792 3997 praeposuit.

95 4023 276 4088 Servandus
287 4027 394 4084 autem
407 4020 439 4081 in
454 4021 566 4081 Latina
582 4019 717 4082 editione
743 4022 851 4079 nostra
873 4021 1083 4096 preposterus
1107 4017 1159 4077 hic
1189 4017 1268 4078 ordo
1292 4021 1369 4091 erat,
1395 4015 1451 4093 qui
1475 4014 1533 4075 etsi
1561 4014 1658 4095 paulo
1683 4016 1794 4077 conlu-

95 4122 171 4191 eior,
206 4119 470 4200 Hieronymianus
493 4124 538 4178 est
562 4124 680 4189 tamen,
704 4113 789 4194 quod
816 4114 882 4193 ipse
909 4113 1037 4174 minime
1063 4112 1217 4172 ditiitetur
1244 4111 1276 4171 in
1303 4109 1507 4191 prelatione:
1541 4127 1643 4188 eoquo
1672 4109 1793 4184 debuit,

94 4240 159 4303 quo
187 4219 350 4280 institutus
377 4217 417 4278 ab
443 4233 491 4292 eo,
517 4220 576 4290 est,
602 4212 697 4275 modo
716 4211 960 4293 repraesentem
988 4229 1063 4274 nam
1078 4227 1162 4289 saepe
1172 4209 1248 4270 alibi
1262 4227 1301 4270 ex
1315 4207 1470 4269 sententia
1493 4223 1549 4267 sua
1579 4205 1702 4266 mavult
1729 4225 1794 4268 non

94 4319 343 4399 tam.,interpres
370 4315 491 4392 audire,
508 4311 689 4394 quamnovi
718 4310 822 4391 operis
851 4308 1005 4371 conditor.
1035 4311 1168 4371 Demum
1197 4325 1259 4368 non
1286 4304 1509 4367 adamantium
1534 4302 1625 4363 nobis
1649 4305 1795 4383 proposi-

93 4425 162 4479 tum
178 4422 236 4487 est,
251 4416 305 4477 sed
321 4414 547 4493 Hieronymum
562 4427 795 4490 recognoscere,
826 4413 922 4486 atque
949 4407 1118 4480 abstinere,
1143 4404 1249 4485 quoad
1277 4403 1345 4464 lieri
1373 4406 1487 4481 polest,
1516 4399 1627 4461 alienis
1656 4401 1793 4480 seriptis,

94 4518 135 4581 ab
149 4534 188 4580 ea
202 4515 285 4579 enim
300 4532 371 4592 quae
385 4529 469 4573 nune
482 4511 604 4589 aliquos
617 4512 720 4580 vexat,
749 4504 975 4567 inclarescendi
998 4522 1053 4582 per
1072 4503 1253 4564 chartarum
1282 4502 1425 4579 plaustra
1459 4498 1600 4569 libidine,
1631 4498 1794 4576 ingenium

94 4621 237 4678 nostrum
253 4611 553 4674 abhorretimmane
569 4612 734 4687 quantum.

134 4719 175 4780 Ut
190 4733 274 4788 vere,
291 4711 377 4792 quod
393 4716 568 4771 nostrarum
586 4712 632 4766 est
656 4705 806 4784 partium,
831 4704 870 4763 dc
898 4699 1039 4779 singulis,
1072 4717 1143 4778 quas
1169 4698 1228 4758 boe
1256 4703 1342 4757 tomo
1371 4695 1582 4769 eontinentur,
1612 4692 1795 4772 Hieronymi

94 4810 367 4875 lucubrationibus
382 4806 542 4888 quidpiam
569 4822 607 4864 ex
636 4803 746 4863 ordine
773 4804 996 4880 praenotemus,
1023 4794 1326 4859 Commentariorum
1351 4793 1383 4851 in
1408 4790 1615 4862 Ezechielem,
1646 4789 1700 4867 qui
1728 4789 1794 4867 pri·

96 4928 183 4971 mum
209 4909 330 4969 oblinet
352 4907 468 4980 locum,
498 4899 738 4984 quatuordecim
764 4896 836 4958 libri
861 4901 943 4957 sunt.
973 4894 1014 4956 iis
1038 4891 1238 4964 adornandis,
1270 4909 1332 4951 non
1359 4907 1455 4949 unum
1482 4893 1537 4947 aut
1563 4886 1709 4957 alterum,
1739 4884 1794 4946 sed

93 5014 232 5089 quatuor
260 5008 357 5068 terme
381 5023 480 5066 annos
508 4999 612 5079 exegit
639 4998 858 5077 Hieronymus,
888 5011 950 5055 non
980 4992 1064 5074 quod
1089 4989 1186 5053 alacri
1214 4989 1253 5050 ad
1282 4986 1467 5048 miraculum
1509 5002 1608 5063 usque
1652 4983 1791 5062 ingenio,

93 5104 278 5170 tentilaber
293 5103 344 5163 hic
368 5102 498 5175 steterit,
524 5099 578 5160 sed
603 5096 689 5176 quod
709 5093 921 5173 interpellato,
950 5090 1142 5168 minimeque
1165 5085 1338 5148 continenti
1365 5083 1468 5145 studio
1497 5099 1581 5143 nunc
1610 5081 1681 5153 hoc,
1709 5097 1793 5140 nunc

91 5205 173 5267 illud
183 5206 380 5281 segmentum
395 5200 498 5278 operis
513 5216 569 5277 per
595 5192 762 5255 intervalla
785 5189 962 5252 dictaverit.
984 5190 1144 5266 lncoeptus
1167 5185 1258 5247 labor
1287 5183 1416 5245 vixdum
1445 5177 1599 5242 absolutis
1621 5178 1654 5239 in
1677 5177 1794 5239 Isaiam

92 5298 346 5372 Commentariis,
363 5314 447 5357 anno
461 5294 606 5355 videlicet
619 5290 786 5352 undecimo
801 5307 897 5368 supra
912 5283 1257 5366 quadringentesimum
1273 5299 1280 5356 ;
1310 5279 1364 5341 sed
1389 5280 1420 5340 ia
1453 5278 1515 5359 ipso
1544 5273 1681 5338 dictandi
1706 5293 1795 5337 ceor-

93 5402 155 5474 dic,
170 5399 254 5481 quod
271 5398 561 5475 ipsemeteausatur
574 5393 606 5453 in
629 5391 771 5470 prologo,
785 5393 817 5449 et
838 5388 870 5448 in
896 5385 988 5465 epist.
1012 5383 1084 5458 126,
1110 5380 1150 5443 ad
1178 5379 1395 5444 Marcellinum
1426 5380 1457 5438 et
1479 5371 1729 5455 anapsychiam,
1749 5372 1795 5436 ita

93 5501 199 5561 auimo
214 5502 430 5558 civitates-uatus
446 5490 607 5567 ‹rlrstupuit
634 5488 737 5547 subito
763 5485 873 5545 nuntio
897 5482 935 5543 de
959 5478 1153 5543 Pammacbii
1177 5485 1208 5538 et
1223 5475 1377 5539 Marcella
1409 5478 1520 5543 morte,
1547 5479 1612 5530 tum
1639 5470 1792 5530 Occiden-

91 5599 188 5662 alium
213 5594 455 5681 provinciarum,
485 5594 516 5650 et
545 5586 680 5649 inaxime
709 5584 797 5647 urbis
825 5585 974 5645 Humanas
1006 5577 1190 5654 vastatione,
1221 5577 1253 5639 in
1279 5575 1421 5657 mcoepto
1466 5572 1635 5642 abstinere,
1675 5568 1793 5652 diuque

1757 5808 1837 5885 7.-
