<?xml version="1.0" encoding="UTF-8"?>
<!DOCTYPE html PUBLIC "-//W3C//DTD XHTML 1.0 Transitional//EN"
    "http://www.w3.org/TR/xhtml1/DTD/xhtml1-transitional.dtd">
<html xmlns="http://www.w3.org/1999/xhtml" xml:lang="en" lang="en">
 <head>
  <title>
</title>
<meta http-equiv="Content-Type" content="text/html;charset=utf-8" />
  <meta name='ocr-system' content='tesseract 3.04.00' />
  <meta name='ocr-capabilities' content='ocr_page ocr_carea ocr_par ocr_line ocrx_word'/>
</head>
<body>
  <div class='ocr_page' id='page_1' title='image "./patrologiaecurs07goog_0410.png"; bbox 0 0 3818 6104; ppageno 0'>
   <div class='ocr_carea' id='block_1_1' title="bbox 112 248 1808 318">
    <p class='ocr_par' dir='ltr' id='par_1_1' title="bbox 112 248 1808 318">
     <span class='ocr_line' id='line_1_1' title="bbox 112 248 1808 318; baseline 0.002 -6"><span class='ocrx_word' id='word_1_1' title='bbox 112 248 175 312; x_wconf 69' lang='lat' dir='ltr'><strong><em>8ss</em></strong></span> <span class='ocrx_word' id='word_1_2' title='bbox 853 251 1074 316; x_wconf 80' lang='lat' dir='ltr'><strong><em>PNAEFA&#39;HO.</em></strong></span> <span class='ocrx_word' id='word_1_3' title='bbox 1755 250 1808 318; x_wconf 79' lang='lat' dir='ltr'><strong><em>sii</em></strong></span> 
     </span>
    </p>
   </div>
   <div class='ocr_carea' id='block_1_2' title="bbox 55 378 1811 3485">
    <p class='ocr_par' dir='ltr' id='par_1_2' title="bbox 55 378 1811 3485">
     <span class='ocr_line' id='line_1_2' title="bbox 116 378 1808 467; baseline 0.004 -26"><span class='ocrx_word' id='word_1_4' title='bbox 116 381 146 441; x_wconf 85' lang='lat' dir='ltr'><strong><em>si</em></strong></span> <span class='ocrx_word' id='word_1_5' title='bbox 161 378 253 460; x_wconf 72' lang='lat' dir='ltr'><strong><em>focile</em></strong></span> <span class='ocrx_word' id='word_1_6' title='bbox 280 381 465 461; x_wconf 72' lang='lat' dir='ltr'><strong><em>interrogare</em></strong></span> <span class='ocrx_word' id='word_1_7' title='bbox 492 380 646 462; x_wconf 86' lang='lat' dir='ltr'><strong><em>possimus,</em></strong></span> <span class='ocrx_word' id='word_1_8' title='bbox 682 402 771 463; x_wconf 87' lang='lat' dir='ltr'><strong><em>quom</em></strong></span> <span class='ocrx_word' id='word_1_9' title='bbox 799 384 904 445; x_wconf 88' lang='lat' dir='ltr'><strong><em>multos</em></strong></span> <span class='ocrx_word' id='word_1_10' title='bbox 932 387 1084 467; x_wconf 86' lang='lat' dir='ltr'><strong><em>utriusque</em></strong></span> <span class='ocrx_word' id='word_1_11' title='bbox 1107 385 1215 465; x_wconf 78' lang='lat' dir='ltr'><strong><em>linpnae</em></strong></span> <span class='ocrx_word' id='word_1_12' title='bbox 1238 384 1409 447; x_wconf 85' lang='lat' dir='ltr'><strong><em>diuinorum</em></strong></span> <span class='ocrx_word' id='word_1_13' title='bbox 1439 386 1669 467; x_wconf 75' lang='lat' dir='ltr'><strong><em>scripturarum</em></strong></span> <span class='ocrx_word' id='word_1_14' title='bbox 1700 392 1808 448; x_wconf 73' lang='lat' dir='ltr'><strong><em>tracta</em></strong></span> 
     </span>
     <span class='ocr_line' id='line_1_3' title="bbox 118 477 1809 565; baseline 0.005 -29"><span class='ocrx_word' id='word_1_15' title='bbox 118 487 192 537; x_wconf 88' lang='lat' dir='ltr'><strong><em>tores</em></strong></span> <span class='ocrx_word' id='word_1_16' title='bbox 220 487 248 537; x_wconf 89' lang='lat' dir='ltr'><strong><em>et</em></strong></span> <span class='ocrx_word' id='word_1_17' title='bbox 286 477 528 539; x_wconf 69' lang='lat' dir='ltr'><strong><em>Christianam</em></strong></span> <span class='ocrx_word' id='word_1_18' title='bbox 556 478 789 560; x_wconf 76' lang='lat' dir='ltr'><em>disputationum</em></span> <span class='ocrx_word' id='word_1_19' title='bbox 816 484 973 562; x_wconf 79' lang='lat' dir='ltr'><strong><em>scriptores</em></strong></span> <span class='ocrx_word' id='word_1_20' title='bbox 995 493 1244 556; x_wconf 85' lang='lat' dir='ltr'><strong><em>commemoraret,</em></strong></span> <span class='ocrx_word' id='word_1_21' title='bbox 1269 485 1402 564; x_wconf 83' lang='lat' dir='ltr'><strong><em>quinon</em></strong></span> <span class='ocrx_word' id='word_1_22' title='bbox 1430 484 1524 558; x_wconf 87' lang='lat' dir='ltr'><strong><em>aliud,</em></strong></span> <span class='ocrx_word' id='word_1_23' title='bbox 1540 503 1578 544; x_wconf 77' lang='lat' dir='ltr'><strong><em>ra·</em></strong></span> <span class='ocrx_word' id='word_1_24' title='bbox 1606 503 1665 565; x_wconf 81' lang='lat' dir='ltr'><strong><em>quo</em></strong></span> <span class='ocrx_word' id='word_1_25' title='bbox 1704 482 1809 545; x_wconf 81' lang='lat' dir='ltr'><strong><em>Christi</em></strong></span> 
     </span>
     <span class='ocr_line' id='line_1_4' title="bbox 116 573 1811 661; baseline 0.004 -27"><span class='ocrx_word' id='word_1_26' title='bbox 116 573 317 652; x_wconf 64' lang='lat' dir='ltr'><strong><em>Ecclesiapst</em></strong></span> <span class='ocrx_word' id='word_1_27' title='bbox 343 576 510 646; x_wconf 80' lang='lat' dir='ltr'><strong><em>constituta,</em></strong></span> <span class='ocrx_word' id='word_1_28' title='bbox 533 587 695 652; x_wconf 86' lang='lat' dir='ltr'><strong><em>senserunt,</em></strong></span> <span class='ocrx_word' id='word_1_29' title='bbox 731 598 788 639; x_wconf 87' lang='lat' dir='ltr'><strong><em>non</em></strong></span> <span class='ocrx_word' id='word_1_30' title='bbox 815 578 901 640; x_wconf 87' lang='lat' dir='ltr'><strong><em>aliud</em></strong></span> <span class='ocrx_word' id='word_1_31' title='bbox 934 579 1139 660; x_wconf 82' lang='lat' dir='ltr'><strong><em>amajori&#39;bus</em></strong></span> <span class='ocrx_word' id='word_1_32' title='bbox 1173 590 1360 661; x_wconf 90' lang='lat' dir='ltr'><strong><em>acceperunt,</em></strong></span> <span class='ocrx_word' id='word_1_33' title='bbox 1390 600 1447 640; x_wconf 88' lang='lat' dir='ltr'><strong><em>non</em></strong></span> <span class='ocrx_word' id='word_1_34' title='bbox 1481 580 1568 642; x_wconf 87' lang='lat' dir='ltr'><strong><em>aliud</em></strong></span> <span class='ocrx_word' id='word_1_35' title='bbox 1593 581 1721 661; x_wconf 82' lang='lat' dir='ltr'><strong><em>posteris</em></strong></span> <span class='ocrx_word' id='word_1_36' title='bbox 1758 589 1811 640; x_wconf 88' lang='lat' dir='ltr'><strong><em>tro·</em></strong></span> 
     </span>
     <span class='ocr_line' id='line_1_5' title="bbox 115 667 1809 756; baseline 0.005 -28"><span class='ocrx_word' id='word_1_37' title='bbox 115 667 281 731; x_wconf 78' lang='lat' dir='ltr'><strong><em>diilerunti</em></strong></span> <span class='ocrx_word' id='word_1_38' title='bbox 304 672 423 744; x_wconf 84' lang='lat' dir='ltr'><strong>Quibus</strong></span> <span class='ocrx_word' id='word_1_39' title='bbox 451 675 577 752; x_wconf 84' lang='lat' dir='ltr'><strong><em>gemina</em></strong></span> <span class='ocrx_word' id='word_1_40' title='bbox 605 675 673 736; x_wconf 84' lang='lat' dir='ltr'><strong><em>haec</em></strong></span> <span class='ocrx_word' id='word_1_41' title='bbox 700 683 773 737; x_wconf 87' lang='lat' dir='ltr'><strong><em>sunt</em></strong></span> <span class='ocrx_word' id='word_1_42' title='bbox 807 676 887 737; x_wconf 87' lang='lat' dir='ltr'><strong><em>libro</em></strong></span> <span class='ocrx_word' id='word_1_43' title='bbox 917 678 1019 756; x_wconf 89' lang='lat' dir='ltr'><strong><em>primo</em></strong></span> <span class='ocrx_word' id='word_1_44' title='bbox 1044 684 1153 739; x_wconf 88' lang='lat' dir='ltr'><strong><em>contra</em></strong></span> <span class='ocrx_word' id='word_1_45' title='bbox 1187 678 1360 750; x_wconf 87' lang='lat' dir='ltr'><strong><em>lulianum,</em></strong></span> <span class='ocrx_word' id='word_1_46' title='bbox 1395 696 1465 756; x_wconf 90' lang='lat' dir='ltr'><strong><em>cap.</em></strong></span> <span class='ocrx_word' id='word_1_47' title='bbox 1497 681 1538 737; x_wconf 82' lang='lat'><strong><em>7:</em></strong></span> <span class='ocrx_word' id='word_1_48' title='bbox 1577 676 1640 739; x_wconf 85' lang='lat' dir='ltr'><strong><em>Nec</em></strong></span> <span class='ocrx_word' id='word_1_49' title='bbox 1676 676 1809 739; x_wconf 83' lang='lat' dir='ltr'><strong><em>Sanctum</em></strong></span> 
     </span>
     <span class='ocr_line' id='line_1_6' title="bbox 114 764 1810 854; baseline 0.005 -29"><span class='ocrx_word' id='word_1_50' title='bbox 114 764 343 847; x_wconf 79' lang='lat' dir='ltr'><strong><em>Hieronymum,</em></strong></span> <span class='ocrx_word' id='word_1_51' title='bbox 387 771 442 851; x_wconf 87' lang='lat' dir='ltr'><strong><em>qui</em></strong></span> <span class='ocrx_word' id='word_1_52' title='bbox 470 771 625 852; x_wconf 76' lang='lat' dir='ltr'><strong><em>presbyter</em></strong></span> <span class='ocrx_word' id='word_1_53' title='bbox 653 773 724 852; x_wconf 85' lang='lat' dir='ltr'><strong><em>suit,</em></strong></span> <span class='ocrx_word' id='word_1_54' title='bbox 747 773 985 834; x_wconf 81' lang='lat' dir='ltr'><strong><em>contemnendum</em></strong></span> <span class='ocrx_word' id='word_1_55' title='bbox 1006 774 1183 835; x_wconf 73' lang='lat' dir='ltr'><strong><em>arbitreris:</em></strong></span> <span class='ocrx_word' id='word_1_56' title='bbox 1211 775 1267 853; x_wconf 85' lang='lat' dir='ltr'><strong><em>qni</em></strong></span> <span class='ocrx_word' id='word_1_57' title='bbox 1300 773 1402 835; x_wconf 69' lang='lat' dir='ltr'><strong><em>Gracco</em></strong></span> <span class='ocrx_word' id='word_1_58' title='bbox 1433 784 1478 837; x_wconf 83' lang='lat' dir='ltr'><strong><em>et.</em></strong></span> <span class='ocrx_word' id='word_1_59' title='bbox 1501 773 1608 834; x_wconf 88' lang='lat' dir='ltr'><strong><em>Latino</em></strong></span> <span class='ocrx_word' id='word_1_60' title='bbox 1651 776 1774 854; x_wconf 83' lang='lat' dir='ltr'><strong><em>insuper</em></strong></span> <span class='ocrx_word' id='word_1_61' title='bbox 1789 783 1810 834; x_wconf 90' lang='lat' dir='ltr'><strong><em>et</em></strong></span> 
     </span>
     <span class='ocr_line' id='line_1_7' title="bbox 114 861 1810 949; baseline 0.005 -27"><span class='ocrx_word' id='word_1_62' title='bbox 114 861 263 930; x_wconf 82' lang='lat' dir='ltr'><strong><em>Hebraico</em></strong></span> <span class='ocrx_word' id='word_1_63' title='bbox 292 865 415 928; x_wconf 86' lang='lat' dir='ltr'><strong><em>eruditis</em></strong></span> <span class='ocrx_word' id='word_1_64' title='bbox 446 868 572 949; x_wconf 85' lang='lat' dir='ltr'><strong><em>eloquio,</em></strong></span> <span class='ocrx_word' id='word_1_65' title='bbox 594 889 631 930; x_wconf 81' lang='lat' dir='ltr'><strong><em>en</em></strong></span> <span class='ocrx_word' id='word_1_66' title='bbox 667 869 849 931; x_wconf 85' lang='lat' dir='ltr'><strong><em>Occidentali</em></strong></span> <span class='ocrx_word' id='word_1_67' title='bbox 873 870 915 931; x_wconf 85' lang='lat' dir='ltr'><strong><em>ail</em></strong></span> <span class='ocrx_word' id='word_1_68' title='bbox 942 870 1122 933; x_wconf 86' lang='lat' dir='ltr'><strong><em>Orientalem</em></strong></span> <span class='ocrx_word' id='word_1_69' title='bbox 1158 873 1301 932; x_wconf 88' lang='lat' dir='ltr'><strong><em>transiens</em></strong></span> <span class='ocrx_word' id='word_1_70' title='bbox 1335 870 1514 945; x_wconf 78' lang='lat' dir='ltr'><strong><em>Ecclesiam,</em></strong></span> <span class='ocrx_word' id='word_1_71' title='bbox 1545 872 1577 929; x_wconf 89' lang='lat' dir='ltr'><strong><em>in</em></strong></span> <span class='ocrx_word' id='word_1_72' title='bbox 1603 870 1676 930; x_wconf 90' lang='lat' dir='ltr'><strong><em>locis</em></strong></span> <span class='ocrx_word' id='word_1_73' title='bbox 1709 871 1810 930; x_wconf 88' lang='lat' dir='ltr'><strong><em>sanctii</em></strong></span> 
     </span>
     <span class='ocr_line' id='line_1_8' title="bbox 115 963 1809 1049; baseline 0.002 -26"><span class='ocrx_word' id='word_1_74' title='bbox 115 972 204 1042; x_wconf 88' lang='lat' dir='ltr'><strong><em>atque</em></strong></span> <span class='ocrx_word' id='word_1_75' title='bbox 232 964 263 1022; x_wconf 87' lang='lat' dir='ltr'><strong><em>iii</em></strong></span> <span class='ocrx_word' id='word_1_76' title='bbox 291 963 397 1025; x_wconf 90' lang='lat' dir='ltr'><strong><em>litteris</em></strong></span> <span class='ocrx_word' id='word_1_77' title='bbox 418 967 511 1027; x_wconf 87' lang='lat' dir='ltr'><strong><em>sacris</em></strong></span> <span class='ocrx_word' id='word_1_78' title='bbox 525 986 616 1047; x_wconf 85' lang='lat' dir='ltr'><strong><em>usque</em></strong></span> <span class='ocrx_word' id='word_1_79' title='bbox 638 967 678 1028; x_wconf 87' lang='lat' dir='ltr'><strong><em>ad</em></strong></span> <span class='ocrx_word' id='word_1_80' title='bbox 702 967 880 1048; x_wconf 84' lang='lat' dir='ltr'><strong><em>decrepitam</em></strong></span> <span class='ocrx_word' id='word_1_81' title='bbox 914 970 990 1030; x_wconf 79' lang='lat' dir='ltr'><strong><em>oi&#39;cit</em></strong></span> <span class='ocrx_word' id='word_1_82' title='bbox 1013 979 1138 1040; x_wconf 80' lang='lat' dir='ltr'><strong><em>nitatem,</em></strong></span> <span class='ocrx_word' id='word_1_83' title='bbox 1171 988 1323 1049; x_wconf 87' lang='lat' dir='ltr'><strong><em>omnesque</em></strong></span> <span class='ocrx_word' id='word_1_84' title='bbox 1364 967 1409 1029; x_wconf 88' lang='lat' dir='ltr'><strong><em>uel</em></strong></span> <span class='ocrx_word' id='word_1_85' title='bbox 1426 987 1500 1048; x_wconf 86' lang='lat' dir='ltr'><strong><em>pene</em></strong></span> <span class='ocrx_word' id='word_1_86' title='bbox 1529 987 1638 1044; x_wconf 89' lang='lat' dir='ltr'><strong><em>omnes,</em></strong></span> <span class='ocrx_word' id='word_1_87' title='bbox 1673 968 1809 1049; x_wconf 84' lang='lat' dir='ltr'><strong><em>quiante</em></strong></span> 
     </span>
     <span class='ocr_line' id='line_1_9' title="bbox 115 1058 1808 1145; baseline 0.004 -26"><span class='ocrx_word' id='word_1_88' title='bbox 115 1058 199 1120; x_wconf 88' lang='lat' dir='ltr'><strong><em>illum</em></strong></span> <span class='ocrx_word' id='word_1_89' title='bbox 223 1060 343 1142; x_wconf 85' lang='lat' dir='ltr'><strong><em>ali&#39;quid</em></strong></span> <span class='ocrx_word' id='word_1_90' title='bbox 375 1081 412 1123; x_wconf 80' lang='lat' dir='ltr'><strong><em>ee</em></strong></span> <span class='ocrx_word' id='word_1_91' title='bbox 441 1072 568 1145; x_wconf 88' lang='lat' dir='ltr'><strong><em>utraque</em></strong></span> <span class='ocrx_word' id='word_1_92' title='bbox 599 1073 688 1144; x_wconf 91' lang='lat' dir='ltr'><strong><em>porte</em></strong></span> <span class='ocrx_word' id='word_1_93' title='bbox 721 1064 800 1125; x_wconf 90' lang='lat' dir='ltr'><strong><em>orbis</em></strong></span> <span class='ocrx_word' id='word_1_94' title='bbox 829 1064 863 1125; x_wconf 89' lang='lat' dir='ltr'><strong><em>de</em></strong></span> <span class='ocrx_word' id='word_1_95' title='bbox 890 1065 1025 1126; x_wconf 83' lang='lat' dir='ltr'><strong><em>doctrino</em></strong></span> <span class='ocrx_word' id='word_1_96' title='bbox 1059 1065 1268 1127; x_wconf 79' lang='lat' dir='ltr'><strong><em>Ecclesiastico</em></strong></span> <span class='ocrx_word' id='word_1_97' title='bbox 1288 1066 1477 1144; x_wconf 74' lang='lat' dir='ltr'><strong><em>scripserant,</em></strong></span> <span class='ocrx_word' id='word_1_98' title='bbox 1513 1065 1608 1144; x_wconf 78' lang='lat' dir='ltr'><strong><em>lepi&#39;t;</em></strong></span> <span class='ocrx_word' id='word_1_99' title='bbox 1641 1083 1694 1125; x_wconf 91' lang='lat' dir='ltr'><strong><em>nec</em></strong></span> <span class='ocrx_word' id='word_1_100' title='bbox 1725 1064 1808 1125; x_wconf 76' lang='lat' dir='ltr'><strong><em>olibrii</em></strong></span> 
     </span>
     <span class='ocr_line' id='line_1_10' title="bbox 115 1154 1808 1243; baseline 0.002 -27"><span class='ocrx_word' id='word_1_101' title='bbox 115 1154 227 1227; x_wconf 55' lang='lat' dir='ltr'><strong><em>dessliac</em></strong></span> <span class='ocrx_word' id='word_1_102' title='bbox 252 1177 285 1218; x_wconf 87' lang='lat' dir='ltr'><strong><em>re</em></strong></span> <span class='ocrx_word' id='word_1_103' title='bbox 313 1161 406 1220; x_wconf 88' lang='lat' dir='ltr'><strong><em>tenuit</em></strong></span> <span class='ocrx_word' id='word_1_104' title='bbox 435 1161 836 1242; x_wconf 53' lang='lat' dir='ltr'><strong><em>prompsi&#39;tquetsententibm</em></strong></span> <span class='ocrx_word' id='word_1_105' title='bbox 852 1182 864 1231; x_wconf 87' lang='lat'><strong><em>,·</em></strong></span> <span class='ocrx_word' id='word_1_106' title='bbox 890 1163 945 1243; x_wconf 86' lang='lat' dir='ltr'><strong><em>qui</em></strong></span> <span class='ocrx_word' id='word_1_107' title='bbox 970 1181 1035 1223; x_wconf 90' lang='lat' dir='ltr'><strong><em>cuin</em></strong></span> <span class='ocrx_word' id='word_1_108' title='bbox 1063 1171 1222 1243; x_wconf 82' lang='lat' dir='ltr'><strong><em>erponeret</em></strong></span> <span class='ocrx_word' id='word_1_109' title='bbox 1251 1168 1357 1223; x_wconf 86' lang='lat' dir='ltr'><strong><em>lononi</em></strong></span> <span class='ocrx_word' id='word_1_110' title='bbox 1383 1160 1573 1243; x_wconf 89' lang='lat' dir='ltr'><strong><em>proplietam,</em></strong></span> <span class='ocrx_word' id='word_1_111' title='bbox 1609 1161 1808 1242; x_wconf 88' lang='lat' dir='ltr'><strong><em>appertissiini</em></strong></span> 
     </span>
     <span class='ocr_line' id='line_1_11' title="bbox 114 1251 1808 1340; baseline 0.003 -27"><span class='ocrx_word' id='word_1_112' title='bbox 114 1251 220 1315; x_wconf 81' lang='lat' dir='ltr'><strong><em>dicit:</em></strong></span> <span class='ocrx_word' id='word_1_113' title='bbox 244 1255 435 1335; x_wconf 61' lang='lat' dir='ltr'><strong><em>(luodjetiani</em></strong></span> <span class='ocrx_word' id='word_1_114' title='bbox 453 1258 578 1338; x_wconf 87' lang='lat' dir='ltr'><strong><em>paruuli</em></strong></span> <span class='ocrx_word' id='word_1_115' title='bbox 601 1259 719 1340; x_wconf 89' lang='lat' dir='ltr'><strong><em>pec&#39;cato</em></strong></span> <span class='ocrx_word' id='word_1_116' title='bbox 746 1258 919 1338; x_wconf 74' lang='lat' dir='ltr'><strong><em>offendentis</em></strong></span> <span class='ocrx_word' id='word_1_117' title='bbox 945 1257 1060 1321; x_wconf 86' lang='lat' dir='ltr'><strong><em>Ailain&#39;</em></strong></span> <span class='ocrx_word' id='word_1_118' title='bbox 1081 1269 1247 1320; x_wconf 87' lang='lat' dir='ltr'><strong><em>tenerentur</em></strong></span> <span class='ocrx_word' id='word_1_119' title='bbox 1281 1259 1412 1320; x_wconf 79' lang='lat' dir='ltr'><strong><em>obnoxii.</em></strong></span> <span class='ocrx_word' id='word_1_120' title='bbox 1444 1259 1566 1320; x_wconf 82' lang='lat' dir='ltr'><strong><em>Placuit</em></strong></span> <span class='ocrx_word' id='word_1_121' title='bbox 1594 1276 1669 1318; x_wconf 82' lang='lat' dir='ltr'><strong><em>vero</em></strong></span> <span class='ocrx_word' id='word_1_122' title='bbox 1706 1257 1808 1319; x_wconf 78' lang='lat' dir='ltr'><strong><em>isthac</em></strong></span> 
     </span>
     <span class='ocr_line' id='line_1_12' title="bbox 113 1351 1804 1436; baseline 0.004 -27"><span class='ocrx_word' id='word_1_123' title='bbox 113 1351 314 1429; x_wconf 83' lang='lat' dir='ltr'><strong><em>proposuisse</em></strong></span> <span class='ocrx_word' id='word_1_124' title='bbox 342 1353 656 1432; x_wconf 63' lang='lat' dir='ltr'><strong><em>tantie‘jauetoritatis</em></strong></span> <span class='ocrx_word' id='word_1_125' title='bbox 683 1355 873 1428; x_wconf 88' lang='lat' dir='ltr'><strong><em>testimonia,</em></strong></span> <span class='ocrx_word' id='word_1_126' title='bbox 896 1360 932 1416; x_wconf 89' lang='lat' dir='ltr'><strong><em>ut</em></strong></span> <span class='ocrx_word' id='word_1_127' title='bbox 952 1356 978 1416; x_wconf 89' lang='lat' dir='ltr'><strong><em>si</em></strong></span> <span class='ocrx_word' id='word_1_128' title='bbox 999 1356 1075 1434; x_wconf 92' lang='lat' dir='ltr'><strong><em>quid</em></strong></span> <span class='ocrx_word' id='word_1_129' title='bbox 1103 1356 1157 1416; x_wconf 89' lang='lat' dir='ltr'><strong><em>atii</em></strong></span> <span class='ocrx_word' id='word_1_130' title='bbox 1185 1355 1436 1436; x_wconf 84' lang='lat' dir='ltr'><strong><em>Hieronymianae</em></strong></span> <span class='ocrx_word' id='word_1_131' title='bbox 1466 1354 1575 1434; x_wconf 83' lang='lat' dir='ltr'><strong><em>glories</em></strong></span> <span class='ocrx_word' id='word_1_132' title='bbox 1598 1355 1717 1429; x_wconf 79' lang='lat' dir='ltr'><strong><em>aemuli,</em></strong></span> <span class='ocrx_word' id='word_1_133' title='bbox 1746 1360 1804 1416; x_wconf 89' lang='lat' dir='ltr'><strong><em>tum</em></strong></span> 
     </span>
     <span class='ocr_line' id='line_1_13' title="bbox 112 1451 1804 1532; baseline 0.004 -26"><span class='ocrx_word' id='word_1_134' title='bbox 112 1453 244 1520; x_wconf 88' lang='lat' dir='ltr'><strong><em>veteres,</em></strong></span> <span class='ocrx_word' id='word_1_135' title='bbox 266 1465 337 1508; x_wconf 90' lang='lat' dir='ltr'><strong><em>cum</em></strong></span> <span class='ocrx_word' id='word_1_136' title='bbox 367 1451 566 1527; x_wconf 84' lang='lat' dir='ltr'><strong><em>recentiores,</em></strong></span> <span class='ocrx_word' id='word_1_137' title='bbox 603 1452 808 1531; x_wconf 88' lang='lat' dir='ltr'><strong><em>obganniant,</em></strong></span> <span class='ocrx_word' id='word_1_138' title='bbox 831 1453 862 1512; x_wconf 91' lang='lat' dir='ltr'><strong><em>in</em></strong></span> <span class='ocrx_word' id='word_1_139' title='bbox 886 1453 1089 1532; x_wconf 89' lang='lat' dir='ltr'><strong><em>nuNoponas</em></strong></span> <span class='ocrx_word' id='word_1_140' title='bbox 1114 1452 1305 1526; x_wconf 84' lang='lat' dir='ltr'><strong><em>discrimine,</em></strong></span> <span class='ocrx_word' id='word_1_141' title='bbox 1321 1459 1353 1513; x_wconf 86' lang='lat' dir='ltr'><strong><em>et</em></strong></span> <span class='ocrx_word' id='word_1_142' title='bbox 1388 1452 1483 1513; x_wconf 88' lang='lat' dir='ltr'><strong><em>surda</em></strong></span> <span class='ocrx_word' id='word_1_143' title='bbox 1506 1471 1581 1513; x_wconf 85' lang='lat' dir='ltr'><strong><em>aure</em></strong></span> <span class='ocrx_word' id='word_1_144' title='bbox 1597 1456 1804 1532; x_wconf 88' lang='lat' dir='ltr'><strong><em>pertranseas.</em></strong></span> 
     </span>
     <span class='ocr_line' id='line_1_14' title="bbox 112 1546 1808 1629; baseline 0.002 -23"><span class='ocrx_word' id='word_1_145' title='bbox 112 1546 200 1606; x_wconf 88' lang='lat' dir='ltr'><strong><em>Certe</em></strong></span> <span class='ocrx_word' id='word_1_146' title='bbox 238 1547 379 1620; x_wconf 87' lang='lat' dir='ltr'><strong><em>Nuiinus,</em></strong></span> <span class='ocrx_word' id='word_1_147' title='bbox 405 1553 440 1608; x_wconf 88' lang='lat' dir='ltr'><strong><em>ut</em></strong></span> <span class='ocrx_word' id='word_1_148' title='bbox 467 1567 538 1609; x_wconf 91' lang='lat' dir='ltr'><strong><em>eum</em></strong></span> <span class='ocrx_word' id='word_1_149' title='bbox 575 1549 625 1611; x_wconf 91' lang='lat' dir='ltr'><strong><em>hic</em></strong></span> <span class='ocrx_word' id='word_1_150' title='bbox 654 1550 779 1611; x_wconf 89' lang='lat' dir='ltr'><strong><em>interim</em></strong></span> <span class='ocrx_word' id='word_1_151' title='bbox 808 1551 995 1612; x_wconf 87' lang='lat' dir='ltr'><strong><em>denomino</em></strong></span> <span class='ocrx_word' id='word_1_152' title='bbox 1024 1551 1191 1624; x_wconf 88' lang='lat' dir='ltr'><strong><em>adducam,</em></strong></span> <span class='ocrx_word' id='word_1_153' title='bbox 1211 1551 1265 1629; x_wconf 90' lang='lat' dir='ltr'><strong><em>qui</em></strong></span> <span class='ocrx_word' id='word_1_154' title='bbox 1294 1550 1561 1612; x_wconf 84' lang='lat' dir='ltr'><strong><em>tantainimicitia</em></strong></span> <span class='ocrx_word' id='word_1_155' title='bbox 1591 1550 1694 1628; x_wconf 87' lang='lat' dir='ltr'><strong><em>magis</em></strong></span> <span class='ocrx_word' id='word_1_156' title='bbox 1715 1549 1808 1611; x_wconf 87' lang='lat' dir='ltr'><strong><em>incla-</em></strong></span> 
     </span>
     <span class='ocr_line' id='line_1_15' title="bbox 111 1643 1810 1727; baseline 0.003 -24"><span class='ocrx_word' id='word_1_157' title='bbox 111 1643 185 1716; x_wconf 88' lang='lat' dir='ltr'><strong><em>ruit,</em></strong></span> <span class='ocrx_word' id='word_1_158' title='bbox 210 1661 264 1705; x_wconf 90' lang='lat' dir='ltr'><strong><em>seu</em></strong></span> <span class='ocrx_word' id='word_1_159' title='bbox 294 1644 574 1725; x_wconf 22' lang='lat' dir='ltr'><strong><em>veriusbhineertus]</em></strong></span> <span class='ocrx_word' id='word_1_160' title='bbox 595 1653 705 1708; x_wconf 90' lang='lat' dir='ltr'><strong><em>auctor</em></strong></span> <span class='ocrx_word' id='word_1_161' title='bbox 733 1647 805 1708; x_wconf 88' lang='lat' dir='ltr'><strong><em>libri</em></strong></span> <span class='ocrx_word' id='word_1_162' title='bbox 833 1648 864 1707; x_wconf 94' lang='lat' dir='ltr'><strong><em>in</em></strong></span> <span class='ocrx_word' id='word_1_163' title='bbox 887 1651 1010 1721; x_wconf 86' lang='lat' dir='ltr'><strong><em>Ossam,</em></strong></span> <span class='ocrx_word' id='word_1_164' title='bbox 1047 1650 1101 1727; x_wconf 92' lang='lat' dir='ltr'><strong><em>qui</em></strong></span> <span class='ocrx_word' id='word_1_165' title='bbox 1130 1650 1241 1710; x_wconf 84' lang='lat' dir='ltr'><strong><em>Rufino</em></strong></span> <span class='ocrx_word' id='word_1_166' title='bbox 1270 1649 1482 1727; x_wconf 89' lang='lat' dir='ltr'><strong><em>subjungitur,</em></strong></span> <span class='ocrx_word' id='word_1_167' title='bbox 1512 1666 1583 1708; x_wconf 90' lang='lat' dir='ltr'><strong><em>cum</em></strong></span> <span class='ocrx_word' id='word_1_168' title='bbox 1608 1647 1654 1708; x_wconf 86' lang='lat' dir='ltr'><strong><em>ait</em></strong></span> <span class='ocrx_word' id='word_1_169' title='bbox 1682 1648 1717 1708; x_wconf 93' lang='lat' dir='ltr'><strong><em>in</em></strong></span> <span class='ocrx_word' id='word_1_170' title='bbox 1732 1647 1810 1708; x_wconf 86' lang='lat' dir='ltr'><strong><em>bisce</em></strong></span> 
     </span>
     <span class='ocr_line' id='line_1_16' title="bbox 110 1742 1803 1826; baseline 0.002 -24"><span class='ocrx_word' id='word_1_171' title='bbox 110 1742 364 1821; x_wconf 69' lang='lat' dir='ltr'><strong><em>Commentariis}</em></strong></span> <span class='ocrx_word' id='word_1_172' title='bbox 378 1743 411 1802; x_wconf 93' lang='lat' dir='ltr'><strong><em>in</em></strong></span> <span class='ocrx_word' id='word_1_173' title='bbox 433 1745 570 1805; x_wconf 90' lang='lat' dir='ltr'><strong><em>minores</em></strong></span> <span class='ocrx_word' id='word_1_174' title='bbox 591 1745 763 1823; x_wconf 87' lang='lat' dir='ltr'><strong><em>propbetas</em></strong></span> <span class='ocrx_word' id='word_1_175' title='bbox 790 1750 889 1805; x_wconf 90' lang='lat' dir='ltr'><strong><em>totum</em></strong></span> <span class='ocrx_word' id='word_1_176' title='bbox 911 1745 942 1805; x_wconf 90' lang='lat' dir='ltr'><strong><em>in</em></strong></span> <span class='ocrx_word' id='word_1_177' title='bbox 966 1763 1002 1805; x_wconf 90' lang='lat' dir='ltr'><strong><em>eo</em></strong></span> <span class='ocrx_word' id='word_1_178' title='bbox 1026 1746 1119 1806; x_wconf 87' lang='lat' dir='ltr'><strong><em>tuisse</em></strong></span> <span class='ocrx_word' id='word_1_179' title='bbox 1147 1746 1382 1826; x_wconf 87' lang='lat' dir='ltr'><strong><em>Hieronymum,</em></strong></span> <span class='ocrx_word' id='word_1_180' title='bbox 1415 1751 1450 1806; x_wconf 92' lang='lat' dir='ltr'><strong><em>ut</em></strong></span> <span class='ocrx_word' id='word_1_181' title='bbox 1476 1745 1607 1819; x_wconf 89' lang='lat' dir='ltr'><strong><em>alienas,</em></strong></span> <span class='ocrx_word' id='word_1_182' title='bbox 1631 1745 1803 1823; x_wconf 84' lang='lat' dir='ltr'><strong><em>praecipue·</em></strong></span> 
     </span>
     <span class='ocr_line' id='line_1_17' title="bbox 112 1839 1809 1923; baseline 0.002 -24"><span class='ocrx_word' id='word_1_183' title='bbox 112 1856 175 1916; x_wconf 87' lang='lat' dir='ltr'><strong><em>que</em></strong></span> <span class='ocrx_word' id='word_1_184' title='bbox 213 1839 356 1917; x_wconf 84' lang='lat' dir='ltr'><strong><em>Origenis</em></strong></span> <span class='ocrx_word' id='word_1_185' title='bbox 390 1840 674 1921; x_wconf 82' lang='lat' dir='ltr'><strong><em>interpretationes,</em></strong></span> <span class='ocrx_word' id='word_1_186' title='bbox 693 1842 939 1921; x_wconf 81' lang='lat' dir='ltr'><strong><em>traditionesque</em></strong></span> <span class='ocrx_word' id='word_1_187' title='bbox 973 1843 1177 1904; x_wconf 72' lang='lat' dir='ltr'><strong><em>Hebraeorum</em></strong></span> <span class='ocrx_word' id='word_1_188' title='bbox 1207 1849 1404 1920; x_wconf 83' lang='lat' dir='ltr'><strong><em>congereret,</em></strong></span> <span class='ocrx_word' id='word_1_189' title='bbox 1433 1842 1511 1902; x_wconf 89' lang='lat' dir='ltr'><strong><em>nihil</em></strong></span> <span class='ocrx_word' id='word_1_190' title='bbox 1548 1843 1583 1902; x_wconf 79' lang='lat' dir='ltr'><strong><em>ile</em></strong></span> <span class='ocrx_word' id='word_1_191' title='bbox 1610 1839 1809 1923; x_wconf 83' lang='lat' dir='ltr'><strong><em>perquirenda</em></strong></span> 
     </span>
     <span class='ocr_line' id='line_1_18' title="bbox 109 1937 1805 2018; baseline 0.002 -23"><span class='ocrx_word' id='word_1_192' title='bbox 109 1938 315 2015; x_wconf 86' lang='lat' dir='ltr'><strong><em>consequentia</em></strong></span> <span class='ocrx_word' id='word_1_193' title='bbox 343 1937 539 1998; x_wconf 88' lang='lat' dir='ltr'><strong><em>sollicitum:</em></strong></span> <span class='ocrx_word' id='word_1_194' title='bbox 564 1939 700 2018; x_wconf 88' lang='lat' dir='ltr'><strong><em>seipsum</em></strong></span> <span class='ocrx_word' id='word_1_195' title='bbox 726 1940 826 2018; x_wconf 89' lang='lat' dir='ltr'><strong><em>magis</em></strong></span> <span class='ocrx_word' id='word_1_196' title='bbox 847 1940 1027 2000; x_wconf 78' lang='lat' dir='ltr'><strong><em>invidentias</em></strong></span> <span class='ocrx_word' id='word_1_197' title='bbox 1043 1942 1173 2001; x_wconf 90' lang='lat' dir='ltr'><strong><em>crimine</em></strong></span> <span class='ocrx_word' id='word_1_198' title='bbox 1202 1941 1434 2013; x_wconf 88' lang='lat' dir='ltr'><strong><em>condemnavit,</em></strong></span> <span class='ocrx_word' id='word_1_199' title='bbox 1470 1958 1567 2018; x_wconf 89' lang='lat' dir='ltr'><strong><em>quam</em></strong></span> <span class='ocrx_word' id='word_1_200' title='bbox 1583 1942 1614 2002; x_wconf 88' lang='lat' dir='ltr'><strong><em>S.</em></strong></span> <span class='ocrx_word' id='word_1_201' title='bbox 1642 1941 1805 2000; x_wconf 85' lang='lat' dir='ltr'><strong><em>Ductorem</em></strong></span> 
     </span>
     <span class='ocr_line' id='line_1_19' title="bbox 109 2034 1805 2118; baseline 0.002 -24"><span class='ocrx_word' id='word_1_202' title='bbox 109 2034 315 2095; x_wconf 82' lang='lat' dir='ltr'><strong><em>obtrectando</em></strong></span> <span class='ocrx_word' id='word_1_203' title='bbox 337 2034 463 2096; x_wconf 73' lang='lat' dir='ltr'><strong><em>laeserit.</em></strong></span> <span class='ocrx_word' id='word_1_204' title='bbox 486 2035 565 2107; x_wconf 87' lang='lat' dir='ltr'><strong><em>Ouid</em></strong></span> <span class='ocrx_word' id='word_1_205' title='bbox 588 2036 746 2096; x_wconf 91' lang='lat' dir='ltr'><strong><em>enimvero</em></strong></span> <span class='ocrx_word' id='word_1_206' title='bbox 777 2042 834 2112; x_wconf 89' lang='lat' dir='ltr'><strong><em>est,</em></strong></span> <span class='ocrx_word' id='word_1_207' title='bbox 864 2037 950 2116; x_wconf 92' lang='lat' dir='ltr'><strong><em>quod</em></strong></span> <span class='ocrx_word' id='word_1_208' title='bbox 974 2038 1073 2116; x_wconf 88' lang='lat' dir='ltr'><strong><em>magis</em></strong></span> <span class='ocrx_word' id='word_1_209' title='bbox 1098 2039 1288 2118; x_wconf 89' lang='lat' dir='ltr'><strong><em>Hieronymo</em></strong></span> <span class='ocrx_word' id='word_1_210' title='bbox 1317 2038 1404 2097; x_wconf 91' lang='lat' dir='ltr'><strong><em>cordi</em></strong></span> <span class='ocrx_word' id='word_1_211' title='bbox 1432 2038 1536 2107; x_wconf 83' lang='lat' dir='ltr'><strong><em>fuerit,</em></strong></span> <span class='ocrx_word' id='word_1_212' title='bbox 1558 2055 1653 2116; x_wconf 89' lang='lat' dir='ltr'><strong><em>quam</em></strong></span> <span class='ocrx_word' id='word_1_213' title='bbox 1677 2041 1714 2097; x_wconf 88' lang='lat' dir='ltr'><strong><em>ut</em></strong></span> <span class='ocrx_word' id='word_1_214' title='bbox 1734 2037 1805 2116; x_wconf 82' lang='lat' dir='ltr'><strong><em>ipsis</em></strong></span> 
     </span>
     <span class='ocr_line' id='line_1_20' title="bbox 108 2131 1806 2214; baseline -0.001 -22"><span class='ocrx_word' id='word_1_215' title='bbox 108 2131 267 2209; x_wconf 84' lang='lat' dir='ltr'><strong><em>allegorice</em></strong></span> <span class='ocrx_word' id='word_1_216' title='bbox 284 2151 347 2193; x_wconf 90' lang='lat' dir='ltr'><strong><em>una</em></strong></span> <span class='ocrx_word' id='word_1_217' title='bbox 367 2133 502 2194; x_wconf 83' lang='lat' dir='ltr'><strong><em>invicem</em></strong></span> <span class='ocrx_word' id='word_1_218' title='bbox 532 2133 611 2194; x_wconf 87' lang='lat' dir='ltr'><strong><em>serie</em></strong></span> <span class='ocrx_word' id='word_1_219' title='bbox 634 2141 845 2207; x_wconf 83' lang='lat' dir='ltr'><strong><em>necterentur,</em></strong></span> <span class='ocrx_word' id='word_1_220' title='bbox 872 2139 968 2213; x_wconf 87' lang='lat' dir='ltr'><strong><em>atque</em></strong></span> <span class='ocrx_word' id='word_1_221' title='bbox 1002 2137 1042 2195; x_wconf 88' lang='lat' dir='ltr'><strong><em>ad</em></strong></span> <span class='ocrx_word' id='word_1_222' title='bbox 1071 2134 1209 2196; x_wconf 81' lang='lat' dir='ltr'><strong><em>historiae</em></strong></span> <span class='ocrx_word' id='word_1_223' title='bbox 1233 2135 1396 2196; x_wconf 88' lang='lat' dir='ltr'><strong><em>veritatem</em></strong></span> <span class='ocrx_word' id='word_1_224' title='bbox 1425 2140 1536 2214; x_wconf 88' lang='lat' dir='ltr'><strong><em>sponte</em></strong></span> <span class='ocrx_word' id='word_1_225' title='bbox 1566 2133 1806 2195; x_wconf 82' lang='lat' dir='ltr'><strong><em>sustinerent?</em></strong></span> 
     </span>
     <span class='ocr_line' id='line_1_21' title="bbox 108 2229 1804 2312; baseline 0.001 -23"><span class='ocrx_word' id='word_1_226' title='bbox 108 2229 189 2302; x_wconf 84' lang='lat' dir='ltr'><strong><em>Quin</em></strong></span> <span class='ocrx_word' id='word_1_227' title='bbox 218 2248 288 2291; x_wconf 90' lang='lat' dir='ltr'><strong><em>eum</em></strong></span> <span class='ocrx_word' id='word_1_228' title='bbox 317 2230 424 2291; x_wconf 83' lang='lat' dir='ltr'><strong><em>videas</em></strong></span> <span class='ocrx_word' id='word_1_229' title='bbox 450 2231 603 2291; x_wconf 81' lang='lat' dir='ltr'><strong><em>sexcentis</em></strong></span> <span class='ocrx_word' id='word_1_230' title='bbox 629 2231 706 2292; x_wconf 92' lang='lat' dir='ltr'><strong><em>locis</em></strong></span> <span class='ocrx_word' id='word_1_231' title='bbox 730 2250 793 2292; x_wconf 91' lang='lat' dir='ltr'><strong><em>non</em></strong></span> <span class='ocrx_word' id='word_1_232' title='bbox 822 2232 883 2292; x_wconf 88' lang='lat' dir='ltr'><strong><em>alia</em></strong></span> <span class='ocrx_word' id='word_1_233' title='bbox 913 2232 952 2292; x_wconf 90' lang='lat' dir='ltr'><strong><em>de</em></strong></span> <span class='ocrx_word' id='word_1_234' title='bbox 980 2251 1075 2292; x_wconf 88' lang='lat' dir='ltr'><strong><em>causa</em></strong></span> <span class='ocrx_word' id='word_1_235' title='bbox 1107 2233 1225 2293; x_wconf 86' lang='lat' dir='ltr'><strong><em>alienas</em></strong></span> <span class='ocrx_word' id='word_1_236' title='bbox 1252 2232 1472 2312; x_wconf 82' lang='lat' dir='ltr'><strong><em>expositiones,</em></strong></span> <span class='ocrx_word' id='word_1_237' title='bbox 1504 2249 1599 2310; x_wconf 90' lang='lat' dir='ltr'><strong><em>quam</em></strong></span> <span class='ocrx_word' id='word_1_238' title='bbox 1636 2230 1723 2308; x_wconf 90' lang='lat' dir='ltr'><strong><em>quod</em></strong></span> <span class='ocrx_word' id='word_1_239' title='bbox 1750 2237 1804 2290; x_wconf 89' lang='lat' dir='ltr'><strong><em>ant</em></strong></span> 
     </span>
     <span class='ocr_line' id='line_1_22' title="bbox 106 2326 1801 2409; baseline 0.001 -22"><span class='ocrx_word' id='word_1_240' title='bbox 106 2326 263 2406; x_wconf 90' lang='lat' dir='ltr'><strong><em>prioribus</em></strong></span> <span class='ocrx_word' id='word_1_241' title='bbox 298 2333 353 2389; x_wconf 88' lang='lat' dir='ltr'><strong><em>aut</em></strong></span> <span class='ocrx_word' id='word_1_242' title='bbox 375 2328 637 2407; x_wconf 88' lang='lat' dir='ltr'><strong><em>consequentibus</em></strong></span> <span class='ocrx_word' id='word_1_243' title='bbox 658 2346 719 2388; x_wconf 89' lang='lat' dir='ltr'><strong><em>non</em></strong></span> <span class='ocrx_word' id='word_1_244' title='bbox 746 2328 821 2390; x_wconf 87' lang='lat' dir='ltr'><strong><em>satis</em></strong></span> <span class='ocrx_word' id='word_1_245' title='bbox 846 2334 919 2408; x_wconf 87' lang='lat' dir='ltr'><strong><em>apte</em></strong></span> <span class='ocrx_word' id='word_1_246' title='bbox 949 2329 1158 2409; x_wconf 88' lang='lat' dir='ltr'><strong><em>jungerentur</em></strong></span> <span class='ocrx_word' id='word_1_247' title='bbox 1186 2348 1342 2408; x_wconf 88' lang='lat' dir='ltr'><strong><em>respuere.</em></strong></span> <span class='ocrx_word' id='word_1_248' title='bbox 1369 2332 1435 2390; x_wconf 88' lang='lat' dir='ltr'><strong><em>Hoc</em></strong></span> <span class='ocrx_word' id='word_1_249' title='bbox 1464 2328 1612 2389; x_wconf 88' lang='lat' dir='ltr'><strong><em>nimirum</em></strong></span> <span class='ocrx_word' id='word_1_250' title='bbox 1637 2335 1801 2408; x_wconf 84' lang='lat' dir='ltr'><strong><em>tamsaepe</em></strong></span> 
     </span>
     <span class='ocr_line' id='line_1_23' title="bbox 105 2424 1708 2507; baseline -0.001 -21"><span class='ocrx_word' id='word_1_251' title='bbox 105 2426 191 2501; x_wconf 86' lang='lat' dir='ltr'><strong><em>tacit,</em></strong></span> <span class='ocrx_word' id='word_1_252' title='bbox 216 2433 250 2488; x_wconf 89' lang='lat' dir='ltr'><strong><em>ut</em></strong></span> <span class='ocrx_word' id='word_1_253' title='bbox 269 2427 339 2506; x_wconf 89' lang='lat' dir='ltr'><strong><em>ipsa</em></strong></span> <span class='ocrx_word' id='word_1_254' title='bbox 352 2426 524 2487; x_wconf 86' lang='lat' dir='ltr'><strong><em>illustriora</em></strong></span> <span class='ocrx_word' id='word_1_255' title='bbox 539 2426 609 2487; x_wconf 89' lang='lat' dir='ltr'><strong><em>loca</em></strong></span> <span class='ocrx_word' id='word_1_256' title='bbox 630 2426 761 2487; x_wconf 86' lang='lat' dir='ltr'><strong><em>strictim</em></strong></span> <span class='ocrx_word' id='word_1_257' title='bbox 784 2425 863 2487; x_wconf 89' lang='lat' dir='ltr'><strong><em>velle</em></strong></span> <span class='ocrx_word' id='word_1_258' title='bbox 884 2427 1104 2507; x_wconf 83' lang='lat' dir='ltr'><strong><em>perstringere,</em></strong></span> <span class='ocrx_word' id='word_1_259' title='bbox 1129 2426 1264 2488; x_wconf 89' lang='lat' dir='ltr'><strong><em>hominis</em></strong></span> <span class='ocrx_word' id='word_1_260' title='bbox 1278 2427 1359 2487; x_wconf 84' lang='lat' dir='ltr'><strong><em>toret</em></strong></span> <span class='ocrx_word' id='word_1_261' title='bbox 1380 2427 1445 2486; x_wconf 92' lang='lat' dir='ltr'><strong><em>otio</em></strong></span> <span class='ocrx_word' id='word_1_262' title='bbox 1462 2424 1620 2485; x_wconf 89' lang='lat' dir='ltr'><strong><em>abutentis</em></strong></span> <span class='ocrx_word' id='word_1_263' title='bbox 1636 2442 1708 2485; x_wconf 90' lang='lat' dir='ltr'><strong><em>suo.</em></strong></span> 
     </span>
     <span class='ocr_line' id='line_1_24' title="bbox 145 2522 1802 2603; baseline -0.002 -17"><span class='ocrx_word' id='word_1_264' title='bbox 145 2525 256 2586; x_wconf 82' lang='lat' dir='ltr'><strong><em>Melius</em></strong></span> <span class='ocrx_word' id='word_1_265' title='bbox 277 2530 383 2585; x_wconf 88' lang='lat' dir='ltr'><strong><em>autem</em></strong></span> <span class='ocrx_word' id='word_1_266' title='bbox 408 2522 441 2583; x_wconf 93' lang='lat' dir='ltr'><strong><em>id</em></strong></span> <span class='ocrx_word' id='word_1_267' title='bbox 464 2542 559 2602; x_wconf 90' lang='lat' dir='ltr'><strong><em>quam</em></strong></span> <span class='ocrx_word' id='word_1_268' title='bbox 581 2523 702 2584; x_wconf 90' lang='lat' dir='ltr'><strong><em>ratione</em></strong></span> <span class='ocrx_word' id='word_1_269' title='bbox 724 2523 789 2584; x_wconf 87' lang='lat' dir='ltr'><strong><em>ulla</em></strong></span> <span class='ocrx_word' id='word_1_270' title='bbox 811 2524 883 2597; x_wconf 86' lang='lat' dir='ltr'><strong><em>atie,</em></strong></span> <span class='ocrx_word' id='word_1_271' title='bbox 902 2524 1041 2602; x_wconf 85' lang='lat' dir='ltr'><strong><em>legendis</em></strong></span> <span class='ocrx_word' id='word_1_272' title='bbox 1069 2524 1221 2586; x_wconf 87' lang='lat' dir='ltr'><strong><em>hiseemet</em></strong></span> <span class='ocrx_word' id='word_1_273' title='bbox 1247 2523 1369 2603; x_wconf 90' lang='lat' dir='ltr'><strong><em>scriptis</em></strong></span> <span class='ocrx_word' id='word_1_274' title='bbox 1392 2522 1574 2600; x_wconf 87' lang='lat' dir='ltr'><strong><em>intelligas:</em></strong></span> <span class='ocrx_word' id='word_1_275' title='bbox 1605 2539 1741 2600; x_wconf 90' lang='lat' dir='ltr'><strong><em>quorum</em></strong></span> <span class='ocrx_word' id='word_1_276' title='bbox 1768 2526 1802 2583; x_wconf 89' lang='lat' dir='ltr'><strong><em>ut</em></strong></span> 
     </span>
     <span class='ocr_line' id='line_1_25' title="bbox 104 2619 1803 2700; baseline -0.001 -18"><span class='ocrx_word' id='word_1_277' title='bbox 104 2622 241 2682; x_wconf 75' lang='lat' dir='ltr'><strong><em>fructum</em></strong></span> <span class='ocrx_word' id='word_1_278' title='bbox 276 2621 356 2682; x_wconf 91' lang='lat' dir='ltr'><strong><em>lectu</em></strong></span> <span class='ocrx_word' id='word_1_279' title='bbox 386 2620 526 2681; x_wconf 89' lang='lat' dir='ltr'><strong><em>debitum</em></strong></span> <span class='ocrx_word' id='word_1_280' title='bbox 557 2619 678 2681; x_wconf 84' lang='lat' dir='ltr'><strong><em>facilius</em></strong></span> <span class='ocrx_word' id='word_1_281' title='bbox 705 2621 870 2700; x_wconf 87' lang='lat' dir='ltr'><strong><em>percipias,</em></strong></span> <span class='ocrx_word' id='word_1_282' title='bbox 908 2621 1044 2699; x_wconf 83' lang='lat' dir='ltr'><strong><em>primurn</em></strong></span> <span class='ocrx_word' id='word_1_283' title='bbox 1074 2621 1250 2694; x_wconf 87' lang='lat' dir='ltr'><strong><em>historiam,</em></strong></span> <span class='ocrx_word' id='word_1_284' title='bbox 1280 2626 1315 2681; x_wconf 86' lang='grc' dir='ltr'><strong><em>ιιι</em></strong></span> <span class='ocrx_word' id='word_1_285' title='bbox 1335 2620 1380 2681; x_wconf 87' lang='lat' dir='ltr'><strong><em>ita</em></strong></span> <span class='ocrx_word' id='word_1_286' title='bbox 1407 2621 1521 2692; x_wconf 89' lang='lat' dir='ltr'><strong><em>dicam,</em></strong></span> <span class='ocrx_word' id='word_1_287' title='bbox 1544 2625 1736 2698; x_wconf 78' lang='lat' dir='ltr'><strong><em>aetatemque</em></strong></span> <span class='ocrx_word' id='word_1_288' title='bbox 1765 2620 1803 2680; x_wconf 91' lang='lat' dir='ltr'><strong><em>de</em></strong></span> 
     </span>
     <span class='ocr_line' id='line_1_26' title="bbox 104 2716 1799 2799; baseline 0 -21"><span class='ocrx_word' id='word_1_289' title='bbox 104 2736 191 2780; x_wconf 91' lang='lat' dir='ltr'><strong><em>more</em></strong></span> <span class='ocrx_word' id='word_1_290' title='bbox 220 2736 396 2799; x_wconf 85' lang='lat' dir='ltr'><strong><em>exponam:</em></strong></span> <span class='ocrx_word' id='word_1_291' title='bbox 433 2716 558 2795; x_wconf 88' lang='lat' dir='ltr'><strong><em>hocque</em></strong></span> <span class='ocrx_word' id='word_1_292' title='bbox 587 2719 689 2796; x_wconf 88' lang='lat' dir='ltr'><strong><em>ipsum</em></strong></span> <span class='ocrx_word' id='word_1_293' title='bbox 704 2717 822 2778; x_wconf 89' lang='lat' dir='ltr'><strong><em>laboris</em></strong></span> <span class='ocrx_word' id='word_1_294' title='bbox 850 2718 911 2778; x_wconf 91' lang='lat' dir='ltr'><strong><em>mei</em></strong></span> <span class='ocrx_word' id='word_1_295' title='bbox 936 2718 1101 2797; x_wconf 86' lang='lat' dir='ltr'><strong><em>praemium</em></strong></span> <span class='ocrx_word' id='word_1_296' title='bbox 1125 2725 1242 2798; x_wconf 89' lang='lat' dir='ltr'><strong><em>petam,</em></strong></span> <span class='ocrx_word' id='word_1_297' title='bbox 1273 2725 1307 2778; x_wconf 91' lang='lat' dir='ltr'><strong><em>ut</em></strong></span> <span class='ocrx_word' id='word_1_298' title='bbox 1328 2717 1412 2795; x_wconf 93' lang='lat' dir='ltr'><strong><em>quod</em></strong></span> <span class='ocrx_word' id='word_1_299' title='bbox 1441 2723 1550 2796; x_wconf 83' lang='lat' dir='ltr'><strong><em>postea</em></strong></span> <span class='ocrx_word' id='word_1_300' title='bbox 1565 2735 1743 2794; x_wconf 85' lang='lat' dir='ltr'><strong><em>exposuero</em></strong></span> <span class='ocrx_word' id='word_1_301' title='bbox 1760 2717 1799 2778; x_wconf 89' lang='lat' dir='ltr'><strong><em>ab</em></strong></span> 
     </span>
     <span class='ocr_line' id='line_1_27' title="bbox 103 2814 1802 2897; baseline -0.002 -19"><span class='ocrx_word' id='word_1_302' title='bbox 103 2818 172 2897; x_wconf 87' lang='lat' dir='ltr'><strong><em>ipso</em></strong></span> <span class='ocrx_word' id='word_1_303' title='bbox 194 2817 398 2897; x_wconf 89' lang='lat' dir='ltr'><strong><em>priusdiscas</em></strong></span> <span class='ocrx_word' id='word_1_304' title='bbox 419 2820 557 2888; x_wconf 85' lang='lat' dir='ltr'><strong><em>auctore,</em></strong></span> <span class='ocrx_word' id='word_1_305' title='bbox 582 2815 636 2893; x_wconf 93' lang='lat' dir='ltr'><strong><em>qui</em></strong></span> <span class='ocrx_word' id='word_1_306' title='bbox 663 2816 847 2894; x_wconf 69' lang='lat' dir='ltr'><strong><em>prestatione</em></strong></span> <span class='ocrx_word' id='word_1_307' title='bbox 875 2814 946 2875; x_wconf 89' lang='lat' dir='ltr'><strong><em>libri</em></strong></span> <span class='ocrx_word' id='word_1_308' title='bbox 973 2815 1058 2876; x_wconf 90' lang='lat' dir='ltr'><strong><em>tertii</em></strong></span> <span class='ocrx_word' id='word_1_309' title='bbox 1087 2818 1118 2875; x_wconf 91' lang='lat' dir='ltr'><strong><em>in</em></strong></span> <span class='ocrx_word' id='word_1_310' title='bbox 1143 2818 1239 2878; x_wconf 85' lang='lat' dir='ltr'><strong><em>Amos</em></strong></span> <span class='ocrx_word' id='word_1_311' title='bbox 1267 2815 1307 2875; x_wconf 88' lang='lat' dir='ltr'><strong><em>ad</em></strong></span> <span class='ocrx_word' id='word_1_312' title='bbox 1341 2814 1578 2875; x_wconf 79' lang='lat' dir='ltr'><strong><em>Pammachium</em></strong></span> <span class='ocrx_word' id='word_1_313' title='bbox 1606 2831 1673 2873; x_wconf 90' lang='lat' dir='ltr'><strong><em>rem</em></strong></span> <span class='ocrx_word' id='word_1_314' title='bbox 1703 2819 1802 2875; x_wconf 86' lang='lat' dir='ltr'><strong><em>totam</em></strong></span> 
     </span>
     <span class='ocr_line' id='line_1_28' title="bbox 104 2909 1803 2994; baseline -0.002 -19"><span class='ocrx_word' id='word_1_315' title='bbox 104 2933 163 2994; x_wconf 88' lang='lat' dir='ltr'><strong><em>per</em></strong></span> <span class='ocrx_word' id='word_1_316' title='bbox 198 2913 340 2993; x_wconf 85' lang='lat' dir='ltr'><strong><em>singulas</em></strong></span> <span class='ocrx_word' id='word_1_317' title='bbox 372 2919 478 2993; x_wconf 90' lang='lat' dir='ltr'><strong><em>partes</em></strong></span> <span class='ocrx_word' id='word_1_318' title='bbox 512 2913 556 2973; x_wconf 88' lang='lat' dir='ltr'><strong><em>ita</em></strong></span> <span class='ocrx_word' id='word_1_319' title='bbox 592 2911 765 2973; x_wconf 87' lang='lat' dir='ltr'><strong><em>edisseruit.</em></strong></span> <span class='ocrx_word' id='word_1_320' title='bbox 791 2911 976 2992; x_wconf 83' lang='lat' dir='ltr'><strong><em>Praepostera</em></strong></span> <span class='ocrx_word' id='word_1_321' title='bbox 1002 2911 1115 2987; x_wconf 85' lang='lat' dir='ltr'><strong><em>ordine,</em></strong></span> <span class='ocrx_word' id='word_1_322' title='bbox 1143 2923 1231 2994; x_wconf 88' lang='lat' dir='ltr'><strong><em>atque</em></strong></span> <span class='ocrx_word' id='word_1_323' title='bbox 1251 2912 1385 2991; x_wconf 86' lang='lat' dir='ltr'><strong><em>confusa,</em></strong></span> <span class='ocrx_word' id='word_1_324' title='bbox 1417 2911 1565 2971; x_wconf 84' lang='lat' dir='ltr'><strong><em>duodecim</em></strong></span> <span class='ocrx_word' id='word_1_325' title='bbox 1590 2909 1803 2991; x_wconf 83' lang='lat' dir='ltr'><strong><em>prophetarum</em></strong></span> 
     </span>
     <span class='ocr_line' id='line_1_29' title="bbox 102 3004 1799 3095; baseline -0.003 -20"><span class='ocrx_word' id='word_1_326' title='bbox 102 3032 176 3095; x_wconf 92' lang='lat' dir='ltr'><strong><em>opus</em></strong></span> <span class='ocrx_word' id='word_1_327' title='bbox 202 3014 392 3093; x_wconf 87' lang='lat' dir='ltr'><strong><em>etcoepiinus,</em></strong></span> <span class='ocrx_word' id='word_1_328' title='bbox 416 3020 443 3070; x_wconf 86' lang='lat' dir='ltr'><strong><em>et</em></strong></span> <span class='ocrx_word' id='word_1_329' title='bbox 471 3008 588 3071; x_wconf 83' lang='lat' dir='ltr'><strong><em>Christo</em></strong></span> <span class='ocrx_word' id='word_1_330' title='bbox 609 3010 781 3090; x_wconf 86' lang='lat' dir='ltr'><strong><em>adjuvante,</em></strong></span> <span class='ocrx_word' id='word_1_331' title='bbox 811 3004 1025 3091; x_wconf 78' lang='lat' dir='ltr'><strong><em>complebimus.</em></strong></span> <span class='ocrx_word' id='word_1_332' title='bbox 1044 3008 1111 3070; x_wconf 86' lang='lat' dir='ltr'><strong><em>Non</em></strong></span> <span class='ocrx_word' id='word_1_333' title='bbox 1141 3012 1215 3070; x_wconf 87' lang='lat' dir='ltr'><strong><em>enim</em></strong></span> <span class='ocrx_word' id='word_1_334' title='bbox 1248 3030 1266 3071; x_wconf 93' lang='lat' dir='ltr'><strong><em>a</em></strong></span> <span class='ocrx_word' id='word_1_335' title='bbox 1292 3011 1392 3090; x_wconf 88' lang='lat' dir='ltr'><strong><em>primo</em></strong></span> <span class='ocrx_word' id='word_1_336' title='bbox 1419 3028 1509 3090; x_wconf 88' lang='lat' dir='ltr'><strong><em>iisque</em></strong></span> <span class='ocrx_word' id='word_1_337' title='bbox 1543 3006 1584 3070; x_wconf 81' lang='lat' dir='ltr'><strong><em>acl</em></strong></span> <span class='ocrx_word' id='word_1_338' title='bbox 1609 3009 1799 3070; x_wconf 86' lang='lat' dir='ltr'><strong><em>novissimum</em></strong></span> 
     </span>
     <span class='ocr_line' id='line_1_30' title="bbox 55 3104 1801 3196; baseline -0.003 -24"><span class='ocrx_word' id='word_1_339' title='bbox 55 3126 58 3133; x_wconf 84' lang='lat'>·</span> <span class='ocrx_word' id='word_1_340' title='bbox 97 3111 194 3192; x_wconf 80' lang='lat' dir='ltr'><strong><em>juata</em></strong></span> <span class='ocrx_word' id='word_1_341' title='bbox 222 3109 352 3170; x_wconf 85' lang='lat' dir='ltr'><strong><em>ordinem</em></strong></span> <span class='ocrx_word' id='word_1_342' title='bbox 382 3128 439 3190; x_wconf 86' lang='lat' dir='ltr'><strong><em>quo</em></strong></span> <span class='ocrx_word' id='word_1_343' title='bbox 455 3107 618 3188; x_wconf 77' lang='lat' dir='ltr'><strong><em>loquutur:</em></strong></span> <span class='ocrx_word' id='word_1_344' title='bbox 641 3107 693 3168; x_wconf 85' lang='lat' dir='ltr'><strong><em>secl</em></strong></span> <span class='ocrx_word' id='word_1_345' title='bbox 711 3116 746 3167; x_wconf 91' lang='lat' dir='ltr'><strong><em>ut</em></strong></span> <span class='ocrx_word' id='word_1_346' title='bbox 764 3109 924 3187; x_wconf 89' lang='lat' dir='ltr'><strong><em>potuimus,</em></strong></span> <span class='ocrx_word' id='word_1_347' title='bbox 954 3117 991 3181; x_wconf 89' lang='lat' dir='ltr'><strong><em>et,</em></strong></span> <span class='ocrx_word' id='word_1_348' title='bbox 1017 3118 1050 3168; x_wconf 87' lang='grc' dir='ltr'><strong><em>ιιι</em></strong></span> <span class='ocrx_word' id='word_1_349' title='bbox 1073 3108 1174 3186; x_wconf 78' lang='lat' dir='ltr'><strong><em>ropati</em></strong></span> <span class='ocrx_word' id='word_1_350' title='bbox 1195 3127 1305 3180; x_wconf 87' lang='lat' dir='ltr'><strong><em>sumus,</em></strong></span> <span class='ocrx_word' id='word_1_351' title='bbox 1331 3108 1372 3169; x_wconf 89' lang='lat' dir='ltr'><strong><em>ita</em></strong></span> <span class='ocrx_word' id='word_1_352' title='bbox 1391 3126 1437 3167; x_wconf 86' lang='lat' dir='ltr'><strong><em>eos</em></strong></span> <span class='ocrx_word' id='word_1_353' title='bbox 1461 3105 1665 3167; x_wconf 76' lang='lat' dir='ltr'><strong><em>disseruimus.</em></strong></span> <span class='ocrx_word' id='word_1_354' title='bbox 1693 3104 1801 3196; x_wconf 60' lang='lat' dir='ltr'><strong><em>Naum,</em></strong></span> 
     </span>
     <span class='ocr_line' id='line_1_31' title="bbox 105 3201 1801 3288; baseline -0.004 -18"><span class='ocrx_word' id='word_1_355' title='bbox 105 3208 273 3281; x_wconf 75' lang='lat' dir='ltr'><strong><em>Michaeam,</em></strong></span> <span class='ocrx_word' id='word_1_356' title='bbox 290 3206 483 3288; x_wconf 75' lang='lat' dir='ltr'><strong><em>sophoniam,</em></strong></span> <span class='ocrx_word' id='word_1_357' title='bbox 499 3215 528 3265; x_wconf 89' lang='lat' dir='ltr'><strong><em>et</em></strong></span> <span class='ocrx_word' id='word_1_358' title='bbox 541 3212 683 3286; x_wconf 71' lang='lat' dir='ltr'><strong><em>Aequum</em></strong></span> <span class='ocrx_word' id='word_1_359' title='bbox 697 3207 796 3285; x_wconf 88' lang='lat' dir='ltr'><strong><em>primo</em></strong></span> <span class='ocrx_word' id='word_1_360' title='bbox 810 3201 1052 3277; x_wconf 74' lang='grc' dir='ltr'>φιλοπονωτάταις</span> <span class='ocrx_word' id='word_1_361' title='bbox 1066 3205 1171 3267; x_wconf 85' lang='lat' dir='ltr'><strong><em>Paula</em></strong></span> <span class='ocrx_word' id='word_1_362' title='bbox 1185 3206 1305 3286; x_wconf 74' lang='lat' dir='ltr'><strong><em>ejusque</em></strong></span> <span class='ocrx_word' id='word_1_363' title='bbox 1321 3204 1393 3285; x_wconf 76' lang='lat' dir='ltr'><strong><em>filice</em></strong></span> <span class='ocrx_word' id='word_1_364' title='bbox 1409 3203 1568 3265; x_wconf 83' lang='lat' dir='ltr'><strong><em>Eustochio</em></strong></span> <span class='ocrx_word' id='word_1_365' title='bbox 1591 3202 1801 3280; x_wconf 70' lang='grc' dir='ltr'>προσεφώνησαι</span> 
     </span>
     <span class='ocr_line' id='line_1_32' title="bbox 100 3300 1800 3385; baseline -0.002 -18"><span class='ocrx_word' id='word_1_366' title='bbox 100 3307 224 3368; x_wconf 87' lang='lat' dir='ltr'><strong><em>secunda</em></strong></span> <span class='ocrx_word' id='word_1_367' title='bbox 251 3307 282 3366; x_wconf 90' lang='lat' dir='ltr'><strong><em>in</em></strong></span> <span class='ocrx_word' id='word_1_368' title='bbox 308 3304 429 3365; x_wconf 79' lang='lat' dir='ltr'><strong><em>Abacuc</em></strong></span> <span class='ocrx_word' id='word_1_369' title='bbox 457 3302 529 3365; x_wconf 83' lang='lat' dir='ltr'><strong><em>aluos</em></strong></span> <span class='ocrx_word' id='word_1_370' title='bbox 557 3302 648 3362; x_wconf 88' lang='lat' dir='ltr'><strong><em>libros</em></strong></span> <span class='ocrx_word' id='word_1_371' title='bbox 666 3301 837 3365; x_wconf 86' lang='lat' dir='ltr'><strong><em>Cliromotio</em></strong></span> <span class='ocrx_word' id='word_1_372' title='bbox 853 3302 1037 3385; x_wconf 83' lang='lat' dir='ltr'><strong><em>Aquileiensi</em></strong></span> <span class='ocrx_word' id='word_1_373' title='bbox 1056 3305 1187 3384; x_wconf 88' lang='lat' dir='ltr'><strong><em>episcopo</em></strong></span> <span class='ocrx_word' id='word_1_374' title='bbox 1203 3303 1341 3383; x_wconf 79' lang='lat' dir='ltr'><strong><em>delepaui</em></strong></span> <span class='ocrx_word' id='word_1_375' title='bbox 1355 3322 1368 3378; x_wconf 87' lang='lat'><em>;</em></span> <span class='ocrx_word' id='word_1_376' title='bbox 1396 3303 1492 3376; x_wconf 89' lang='lat' dir='ltr'><strong><em>tertio,</em></strong></span> <span class='ocrx_word' id='word_1_377' title='bbox 1522 3310 1590 3382; x_wconf 90' lang='lat' dir='ltr'><strong><em>post</em></strong></span> <span class='ocrx_word' id='word_1_378' title='bbox 1618 3300 1707 3383; x_wconf 79' lang='lat' dir='ltr'><strong><em>lonpi</em></strong></span> <span class='ocrx_word' id='word_1_379' title='bbox 1729 3312 1800 3364; x_wconf 87' lang='lat' dir='ltr'><strong><em>tem·</em></strong></span> 
     </span>
     <span class='ocr_line' id='line_1_33' title="bbox 98 3398 1799 3485; baseline -0.004 -21"><span class='ocrx_word' id='word_1_380' title='bbox 98 3405 185 3485; x_wconf 85' lang='lat' dir='ltr'><strong><em>poris</em></strong></span> <span class='ocrx_word' id='word_1_381' title='bbox 212 3402 375 3476; x_wconf 85' lang='lat' dir='ltr'><strong><em>silentium,</em></strong></span> <span class='ocrx_word' id='word_1_382' title='bbox 405 3398 533 3461; x_wconf 85' lang='lat' dir='ltr'><strong><em>Abiliom</em></strong></span> <span class='ocrx_word' id='word_1_383' title='bbox 568 3408 597 3461; x_wconf 90' lang='lat' dir='ltr'><strong><em>et</em></strong></span> <span class='ocrx_word' id='word_1_384' title='bbox 619 3399 726 3461; x_wconf 85' lang='lat' dir='ltr'><strong><em>lonani</em></strong></span> <span class='ocrx_word' id='word_1_385' title='bbox 752 3400 808 3461; x_wconf 84' lang='lat' dir='ltr'><strong><em>tibi</em></strong></span> <span class='ocrx_word' id='word_1_386' title='bbox 834 3401 996 3481; x_wconf 89' lang='lat' dir='ltr'><strong><em>imperanti</em></strong></span> <span class='ocrx_word' id='word_1_387' title='bbox 1021 3399 1165 3461; x_wconf 87' lang='lat' dir='ltr'><strong><em>eili&#39;sseriii</em></strong></span> <span class='ocrx_word' id='word_1_388' title='bbox 1179 3422 1191 3462; x_wconf 92' lang='grc'><strong><em>.·</em></strong></span> <span class='ocrx_word' id='word_1_389' title='bbox 1217 3402 1362 3481; x_wconf 81' lang='lat' dir='ltr'><strong><em>prasenti</em></strong></span> <span class='ocrx_word' id='word_1_390' title='bbox 1387 3419 1477 3473; x_wconf 91' lang='lat' dir='ltr'><strong><em>anno,</em></strong></span> <span class='ocrx_word' id='word_1_391' title='bbox 1507 3400 1561 3478; x_wconf 83' lang='lat' dir='ltr'><strong><em>qui</em></strong></span> <span class='ocrx_word' id='word_1_392' title='bbox 1583 3399 1665 3459; x_wconf 78' lang='lat' dir='ltr'><strong><em>serti</em></strong></span> <span class='ocrx_word' id='word_1_393' title='bbox 1687 3399 1799 3462; x_wconf 89' lang='lat' dir='ltr'><strong><em>Consu-</em></strong></span> 
     </span>
    </p>
   </div>
   <div class='ocr_carea' id='block_1_3' title="bbox 6 3505 1800 5546">
    <p class='ocr_par' dir='ltr' id='par_1_3' title="bbox 6 3505 1800 4663">
     <span class='ocr_line' id='line_1_34' title="bbox 99 3505 1800 3589; baseline -0.004 -17"><span class='ocrx_word' id='word_1_394' title='bbox 99 3511 178 3572; x_wconf 88' lang='lat' dir='ltr'><strong><em>latus</em></strong></span> <span class='ocrx_word' id='word_1_395' title='bbox 199 3508 330 3571; x_wconf 86' lang='lat' dir='ltr'><strong><em>Arcadii&#39;</em></strong></span> <span class='ocrx_word' id='word_1_396' title='bbox 353 3508 493 3587; x_wconf 71' lang='lat' dir='ltr'><strong><em>Augusti,</em></strong></span> <span class='ocrx_word' id='word_1_397' title='bbox 521 3517 550 3567; x_wconf 90' lang='lat' dir='ltr'><strong><em>et</em></strong></span> <span class='ocrx_word' id='word_1_398' title='bbox 583 3508 684 3567; x_wconf 89' lang='lat' dir='ltr'><strong><em>Anitii</em></strong></span> <span class='ocrx_word' id='word_1_399' title='bbox 710 3507 804 3567; x_wconf 88' lang='lat' dir='ltr'><strong><em>Probi</em></strong></span> <span class='ocrx_word' id='word_1_400' title='bbox 823 3507 911 3586; x_wconf 81' lang='lat' dir='ltr'><strong><em>justis</em></strong></span> <span class='ocrx_word' id='word_1_401' title='bbox 937 3526 1041 3569; x_wconf 87' lang='lat' dir='ltr'><strong><em>nomen</em></strong></span> <span class='ocrx_word' id='word_1_402' title='bbox 1070 3508 1216 3589; x_wconf 87' lang='lat' dir='ltr'><strong><em>imposuit,</em></strong></span> <span class='ocrx_word' id='word_1_403' title='bbox 1261 3507 1417 3587; x_wconf 78' lang='lat' dir='ltr'><strong><em>Eruperi&#39;o</em></strong></span> <span class='ocrx_word' id='word_1_404' title='bbox 1449 3506 1475 3567; x_wconf 85' lang='grc' dir='ltr'><em>Τ</em></span> <span class='ocrx_word' id='word_1_405' title='bbox 1474 3505 1622 3566; x_wconf 81' lang='lat' dir='ltr'><strong><em>liolosanu</em></strong></span> <span class='ocrx_word' id='word_1_406' title='bbox 1657 3506 1800 3567; x_wconf 74' lang='lat' dir='ltr'><strong><em>Ecclesia</em></strong></span> 
     </span>
     <span class='ocr_line' id='line_1_35' title="bbox 99 3603 1796 3690; baseline -0.004 -20"><span class='ocrx_word' id='word_1_407' title='bbox 99 3609 246 3690; x_wconf 83' lang='lat' dir='ltr'><strong><em>Pontifici</em></strong></span> <span class='ocrx_word' id='word_1_408' title='bbox 260 3605 454 3679; x_wconf 76' lang='lat' dir='ltr'><strong><em>Zachariam,</em></strong></span> <span class='ocrx_word' id='word_1_409' title='bbox 485 3615 513 3666; x_wconf 90' lang='lat' dir='ltr'><strong><em>et</em></strong></span> <span class='ocrx_word' id='word_1_410' title='bbox 540 3605 668 3687; x_wconf 76' lang='lat' dir='ltr'><strong><em>epusclem</em></strong></span> <span class='ocrx_word' id='word_1_411' title='bbox 689 3605 772 3665; x_wconf 91' lang='lat' dir='ltr'><strong><em>urbis</em></strong></span> <span class='ocrx_word' id='word_1_412' title='bbox 802 3605 949 3667; x_wconf 87' lang='lat' dir='ltr'><strong><em>Mineruio</em></strong></span> <span class='ocrx_word' id='word_1_413' title='bbox 969 3617 997 3668; x_wconf 87' lang='lat' dir='ltr'><strong><em>et</em></strong></span> <span class='ocrx_word' id='word_1_414' title='bbox 1023 3605 1196 3667; x_wconf 80' lang='lat' dir='ltr'><strong><em>Aleaeonclro</em></strong></span> <span class='ocrx_word' id='word_1_415' title='bbox 1224 3604 1383 3678; x_wconf 85' lang='lat' dir='ltr'><strong><em>monacbis,</em></strong></span> <span class='ocrx_word' id='word_1_416' title='bbox 1414 3603 1597 3665; x_wconf 78' lang='lat' dir='ltr'><strong><em>Malachiam</em></strong></span> <span class='ocrx_word' id='word_1_417' title='bbox 1621 3603 1796 3685; x_wconf 86' lang='lat' dir='ltr'><strong><em>prophetam</em></strong></span> 
     </span>
     <span class='ocr_line' id='line_1_36' title="bbox 100 3698 1800 3788; baseline -0.005 -20"><span class='ocrx_word' id='word_1_418' title='bbox 100 3708 313 3788; x_wconf 88' lang='lat' dir='ltr'><strong><em>interpretatus</em></strong></span> <span class='ocrx_word' id='word_1_419' title='bbox 346 3724 421 3766; x_wconf 88' lang='lat' dir='ltr'><strong><em>suin.</em></strong></span> <span class='ocrx_word' id='word_1_420' title='bbox 458 3704 626 3785; x_wconf 77' lang='lat' dir='ltr'><strong><em>Statimque</em></strong></span> <span class='ocrx_word' id='word_1_421' title='bbox 654 3722 806 3764; x_wconf 88' lang='lat' dir='ltr'><strong><em>recurrere</em></strong></span> <span class='ocrx_word' id='word_1_422' title='bbox 839 3704 881 3764; x_wconf 87' lang='lat' dir='ltr'><strong><em>ad</em></strong></span> <span class='ocrx_word' id='word_1_423' title='bbox 911 3704 1098 3785; x_wconf 87' lang='lat' dir='ltr'><strong><em>principium</em></strong></span> <span class='ocrx_word' id='word_1_424' title='bbox 1125 3703 1294 3776; x_wconf 86' lang='lat' dir='ltr'><strong><em>uolumim&#39;s,</em></strong></span> <span class='ocrx_word' id='word_1_425' title='bbox 1326 3701 1395 3761; x_wconf 90' lang='lat' dir='ltr'><strong><em>Osee</em></strong></span> <span class='ocrx_word' id='word_1_426' title='bbox 1422 3711 1451 3761; x_wconf 90' lang='lat' dir='ltr'><strong><em>et</em></strong></span> <span class='ocrx_word' id='word_1_427' title='bbox 1476 3701 1544 3761; x_wconf 84' lang='lat' dir='ltr'><strong><em>luel</em></strong></span> <span class='ocrx_word' id='word_1_428' title='bbox 1577 3713 1604 3762; x_wconf 90' lang='lat' dir='ltr'><strong><em>et</em></strong></span> <span class='ocrx_word' id='word_1_429' title='bbox 1630 3703 1716 3763; x_wconf 88' lang='lat' dir='ltr'><strong><em>Amos</em></strong></span> <span class='ocrx_word' id='word_1_430' title='bbox 1743 3698 1800 3759; x_wconf 88' lang='lat' dir='ltr'><strong><em>tibi</em></strong></span> 
     </span>
     <span class='ocr_line' id='line_1_37' title="bbox 103 3797 1796 3885; baseline -0.004 -20"><span class='ocrx_word' id='word_1_431' title='bbox 103 3823 214 3884; x_wconf 80' lang='lat' dir='ltr'><strong><em>nepare</em></strong></span> <span class='ocrx_word' id='word_1_432' title='bbox 240 3823 299 3863; x_wconf 90' lang='lat' dir='ltr'><strong><em>non</em></strong></span> <span class='ocrx_word' id='word_1_433' title='bbox 325 3803 419 3885; x_wconf 92' lang='lat' dir='ltr'><strong><em>potui.</em></strong></span> <span class='ocrx_word' id='word_1_434' title='bbox 449 3804 515 3862; x_wconf 87' lang='lat' dir='ltr'><strong><em>Hoc</em></strong></span> <span class='ocrx_word' id='word_1_435' title='bbox 539 3802 606 3880; x_wconf 87' lang='lat' dir='ltr'><strong><em>jam</em></strong></span> <span class='ocrx_word' id='word_1_436' title='bbox 634 3801 743 3861; x_wconf 88' lang='lat' dir='ltr'><strong><em>ordine</em></strong></span> <span class='ocrx_word' id='word_1_437' title='bbox 772 3801 952 3876; x_wconf 88' lang='lat' dir='ltr'><strong><em>constitut0,</em></strong></span> <span class='ocrx_word' id='word_1_438' title='bbox 993 3801 1173 3881; x_wconf 90' lang='lat' dir='ltr'><strong><em>expeditum</em></strong></span> <span class='ocrx_word' id='word_1_439' title='bbox 1213 3801 1263 3873; x_wconf 92' lang='lat' dir='ltr'><strong><em>sit,</em></strong></span> <span class='ocrx_word' id='word_1_440' title='bbox 1293 3800 1357 3860; x_wconf 92' lang='lat' dir='ltr'><strong><em>suis</em></strong></span> <span class='ocrx_word' id='word_1_441' title='bbox 1398 3817 1657 3878; x_wconf 91' lang='lat' dir='ltr'><strong><em>unumquemque</em></strong></span> <span class='ocrx_word' id='word_1_442' title='bbox 1683 3797 1796 3885; x_wconf 84' lang='lat' dir='ltr'><strong><em>librum</em></strong></span> 
     </span>
     <span class='ocr_line' id='line_1_38' title="bbox 103 3894 1797 3979; baseline -0.005 -17"><span class='ocrx_word' id='word_1_443' title='bbox 103 3900 299 3979; x_wconf 88' lang='lat' dir='ltr'><strong><em>temporibus</em></strong></span> <span class='ocrx_word' id='word_1_444' title='bbox 340 3900 509 3979; x_wconf 85' lang='lat' dir='ltr'><strong><em>assignare.</em></strong></span> <span class='ocrx_word' id='word_1_445' title='bbox 539 3902 657 3978; x_wconf 89' lang='lat' dir='ltr'><strong><em>Nempe</em></strong></span> <span class='ocrx_word' id='word_1_446' title='bbox 685 3904 832 3977; x_wconf 91' lang='lat' dir='ltr'><strong><em>quatuor,</em></strong></span> <span class='ocrx_word' id='word_1_447' title='bbox 863 3917 942 3977; x_wconf 92' lang='lat' dir='ltr'><strong><em>quos</em></strong></span> <span class='ocrx_word' id='word_1_448' title='bbox 969 3899 1073 3976; x_wconf 79' lang='lat' dir='ltr'><strong><em>prImo</em></strong></span> <span class='ocrx_word' id='word_1_449' title='bbox 1111 3899 1182 3959; x_wconf 89' lang='lat' dir='ltr'><strong><em>loco</em></strong></span> <span class='ocrx_word' id='word_1_450' title='bbox 1223 3895 1376 3971; x_wconf 86' lang='lat' dir='ltr'><strong><em>nominat,</em></strong></span> <span class='ocrx_word' id='word_1_451' title='bbox 1407 3896 1439 3956; x_wconf 93' lang='lat' dir='ltr'><strong><em>in</em></strong></span> <span class='ocrx_word' id='word_1_452' title='bbox 1468 3899 1582 3972; x_wconf 89' lang='lat' dir='ltr'><strong><em>Naum,</em></strong></span> <span class='ocrx_word' id='word_1_453' title='bbox 1619 3894 1797 3968; x_wconf 68' lang='lat' dir='ltr'><strong><em>Michaeam,</em></strong></span> 
     </span>
     <span class='ocr_line' id='line_1_39' title="bbox 6 3976 1798 4076; baseline -0.003 -16"><span class='ocrx_word' id='word_1_454' title='bbox 6 3976 15 3993; x_wconf 55' lang='lat'><strong><em>¹</em></strong></span> <span class='ocrx_word' id='word_1_455' title='bbox 98 3998 293 4076; x_wconf 88' lang='lat' dir='ltr'><strong><em>Sophoniam</em></strong></span> <span class='ocrx_word' id='word_1_456' title='bbox 322 4003 354 4058; x_wconf 90' lang='lat' dir='ltr'><strong><em>et</em></strong></span> <span class='ocrx_word' id='word_1_457' title='bbox 382 4001 544 4076; x_wconf 85' lang='lat' dir='ltr'><strong><em>Aggaeum,</em></strong></span> <span class='ocrx_word' id='word_1_458' title='bbox 579 3994 846 4075; x_wconf 89' lang='lat' dir='ltr'><strong><em>quemadmodum</em></strong></span> <span class='ocrx_word' id='word_1_459' title='bbox 874 4001 905 4055; x_wconf 91' lang='lat' dir='ltr'><strong><em>et</em></strong></span> <span class='ocrx_word' id='word_1_460' title='bbox 926 3995 1055 4072; x_wconf 89' lang='lat' dir='ltr'><strong><em>quintus</em></strong></span> <span class='ocrx_word' id='word_1_461' title='bbox 1075 3995 1107 4055; x_wconf 92' lang='lat' dir='ltr'><strong><em>in</em></strong></span> <span class='ocrx_word' id='word_1_462' title='bbox 1128 3997 1254 4056; x_wconf 78' lang='lat' dir='ltr'><strong><em>Abacuc</em></strong></span> <span class='ocrx_word' id='word_1_463' title='bbox 1296 4012 1379 4055; x_wconf 91' lang='lat' dir='ltr'><strong><em>anno</em></strong></span> <span class='ocrx_word' id='word_1_464' title='bbox 1411 3993 1617 4072; x_wconf 88' lang='lat' dir='ltr'><strong><em>nonagesimo</em></strong></span> <span class='ocrx_word' id='word_1_465' title='bbox 1660 3992 1798 4055; x_wconf 87' lang='lat' dir='ltr'><strong><em>secundo</em></strong></span> 
     </span>
     <span class='ocr_line' id='line_1_40' title="bbox 98 4088 1798 4176; baseline -0.004 -19"><span class='ocrx_word' id='word_1_466' title='bbox 98 4114 194 4176; x_wconf 88' lang='lat' dir='ltr'><strong><em>supra</em></strong></span> <span class='ocrx_word' id='word_1_467' title='bbox 215 4093 467 4157; x_wconf 88' lang='lat' dir='ltr'><strong><em>trecentesimum</em></strong></span> <span class='ocrx_word' id='word_1_468' title='bbox 491 4092 651 4170; x_wconf 79' lang='lat' dir='ltr'><strong><em>affligendi</em></strong></span> <span class='ocrx_word' id='word_1_469' title='bbox 672 4097 764 4152; x_wconf 90' lang='lat' dir='ltr'><strong><em>sunt:</em></strong></span> <span class='ocrx_word' id='word_1_470' title='bbox 788 4092 883 4169; x_wconf 90' lang='lat' dir='ltr'><strong><em>idque</em></strong></span> <span class='ocrx_word' id='word_1_471' title='bbox 905 4091 1083 4170; x_wconf 87' lang='lat' dir='ltr'><strong><em>persuadet,</em></strong></span> <span class='ocrx_word' id='word_1_472' title='bbox 1106 4110 1190 4168; x_wconf 82' lang='lat' dir='ltr'><strong><em>quae,</em></strong></span> <span class='ocrx_word' id='word_1_473' title='bbox 1214 4110 1322 4153; x_wconf 88' lang='lat' dir='ltr'><strong><em>eorum</em></strong></span> <span class='ocrx_word' id='word_1_474' title='bbox 1345 4091 1385 4152; x_wconf 90' lang='lat' dir='ltr'><strong><em>sit</em></strong></span> <span class='ocrx_word' id='word_1_475' title='bbox 1406 4088 1565 4171; x_wconf 86' lang='lat' dir='ltr'><strong><em>postremo</em></strong></span> <span class='ocrx_word' id='word_1_476' title='bbox 1587 4089 1657 4151; x_wconf 89' lang='lat' dir='ltr'><strong><em>loco</em></strong></span> <span class='ocrx_word' id='word_1_477' title='bbox 1682 4089 1798 4151; x_wconf 90' lang='lat' dir='ltr'><strong><em>mentio</em></strong></span> 
     </span>
     <span class='ocr_line' id='line_1_41' title="bbox 95 4187 1797 4271; baseline -0.005 -16"><span class='ocrx_word' id='word_1_478' title='bbox 95 4193 129 4255; x_wconf 90' lang='lat' dir='ltr'><strong><em>in</em></strong></span> <span class='ocrx_word' id='word_1_479' title='bbox 152 4193 313 4271; x_wconf 85' lang='lat' dir='ltr'><strong><em>Cetatogo,</em></strong></span> <span class='ocrx_word' id='word_1_480' title='bbox 337 4208 430 4269; x_wconf 89' lang='lat' dir='ltr'><strong><em>quem</em></strong></span> <span class='ocrx_word' id='word_1_481' title='bbox 454 4189 549 4250; x_wconf 87' lang='lat' dir='ltr'><strong><em>fuisse</em></strong></span> <span class='ocrx_word' id='word_1_482' title='bbox 572 4190 633 4249; x_wconf 90' lang='lat' dir='ltr'><strong><em>hoc</em></strong></span> <span class='ocrx_word' id='word_1_483' title='bbox 654 4189 722 4266; x_wconf 88' lang='lat' dir='ltr'><strong><em>ipso</em></strong></span> <span class='ocrx_word' id='word_1_484' title='bbox 758 4207 841 4249; x_wconf 90' lang='lat' dir='ltr'><strong><em>anno</em></strong></span> <span class='ocrx_word' id='word_1_485' title='bbox 871 4207 889 4248; x_wconf 90' lang='lat' dir='ltr'><strong><em>a</em></strong></span> <span class='ocrx_word' id='word_1_486' title='bbox 910 4187 941 4248; x_wconf 89' lang='lat' dir='ltr'><strong><em>S.</em></strong></span> <span class='ocrx_word' id='word_1_487' title='bbox 965 4190 1098 4248; x_wconf 86' lang='lat' dir='ltr'><strong><em>Doctore</em></strong></span> <span class='ocrx_word' id='word_1_488' title='bbox 1133 4188 1335 4261; x_wconf 84' lang='lat' dir='ltr'><strong><em>adornatum,</em></strong></span> <span class='ocrx_word' id='word_1_489' title='bbox 1362 4189 1441 4250; x_wconf 87' lang='lat' dir='ltr'><strong><em>nihii</em></strong></span> <span class='ocrx_word' id='word_1_490' title='bbox 1463 4194 1507 4249; x_wconf 89' lang='lat' dir='ltr'><strong><em>est</em></strong></span> <span class='ocrx_word' id='word_1_491' title='bbox 1531 4187 1676 4248; x_wconf 91' lang='lat' dir='ltr'><strong><em>dubium.</em></strong></span> <span class='ocrx_word' id='word_1_492' title='bbox 1700 4187 1797 4248; x_wconf 87' lang='lat' dir='ltr'><strong><em>Paulo</em></strong></span> 
     </span>
     <span class='ocr_line' id='line_1_42' title="bbox 98 4285 1797 4369; baseline -0.005 -17"><span class='ocrx_word' id='word_1_493' title='bbox 98 4295 216 4364; x_wconf 88' lang='lat' dir='ltr'><strong><em>autem,</em></strong></span> <span class='ocrx_word' id='word_1_494' title='bbox 253 4288 338 4369; x_wconf 93' lang='lat' dir='ltr'><strong><em>quod</em></strong></span> <span class='ocrx_word' id='word_1_495' title='bbox 374 4293 406 4349; x_wconf 85' lang='lat' dir='ltr'><strong><em>et</em></strong></span> <span class='ocrx_word' id='word_1_496' title='bbox 427 4292 536 4348; x_wconf 88' lang='lat' dir='ltr'><strong><em>notatu</em></strong></span> <span class='ocrx_word' id='word_1_497' title='bbox 565 4285 696 4364; x_wconf 89' lang='lat' dir='ltr'><strong><em>dignum</em></strong></span> <span class='ocrx_word' id='word_1_498' title='bbox 731 4290 787 4359; x_wconf 88' lang='lat' dir='ltr'><strong><em>est,</em></strong></span> <span class='ocrx_word' id='word_1_499' title='bbox 831 4285 870 4346; x_wconf 88' lang='lat' dir='ltr'><strong><em>ab</em></strong></span> <span class='ocrx_word' id='word_1_500' title='bbox 893 4303 929 4346; x_wconf 92' lang='lat' dir='ltr'><strong><em>eo</em></strong></span> <span class='ocrx_word' id='word_1_501' title='bbox 971 4302 1065 4362; x_wconf 89' lang='lat' dir='ltr'><strong><em>quem</em></strong></span> <span class='ocrx_word' id='word_1_502' title='bbox 1087 4286 1230 4364; x_wconf 89' lang='lat' dir='ltr'><strong><em>superius</em></strong></span> <span class='ocrx_word' id='word_1_503' title='bbox 1256 4287 1413 4366; x_wconf 87' lang='lat' dir='ltr'><strong><em>exposuit,</em></strong></span> <span class='ocrx_word' id='word_1_504' title='bbox 1455 4286 1578 4346; x_wconf 88' lang='lat' dir='ltr'><strong><em>diverso</em></strong></span> <span class='ocrx_word' id='word_1_505' title='bbox 1614 4285 1668 4346; x_wconf 89' lang='lat' dir='ltr'><strong><em>hic</em></strong></span> <span class='ocrx_word' id='word_1_506' title='bbox 1690 4285 1797 4346; x_wconf 90' lang='lat' dir='ltr'><strong><em>ordine</em></strong></span> 
     </span>
     <span class='ocr_line' id='line_1_43' title="bbox 97 4381 1796 4465; baseline -0.004 -17"><span class='ocrx_word' id='word_1_507' title='bbox 97 4393 310 4461; x_wconf 87' lang='lat' dir='ltr'><strong><em>recensentur,</em></strong></span> <span class='ocrx_word' id='word_1_508' title='bbox 348 4384 476 4465; x_wconf 78' lang='lat' dir='ltr'><strong><em>Scripsi,</em></strong></span> <span class='ocrx_word' id='word_1_509' title='bbox 505 4383 549 4444; x_wconf 85' lang='lat' dir='ltr'><strong><em>ait</em></strong></span> <span class='ocrx_word' id='word_1_510' title='bbox 584 4384 613 4442; x_wconf 91' lang='lat' dir='ltr'><strong><em>i&#39;n</em></strong></span> <span class='ocrx_word' id='word_1_511' title='bbox 655 4381 809 4443; x_wconf 81' lang='lat' dir='ltr'><strong><em>Michaeam</em></strong></span> <span class='ocrx_word' id='word_1_512' title='bbox 843 4382 1103 4462; x_wconf 77' lang='lat' dir='ltr'><strong><em>Hoplonotionum</em></strong></span> <span class='ocrx_word' id='word_1_513' title='bbox 1146 4383 1238 4444; x_wconf 88' lang='lat' dir='ltr'><strong><em>libros</em></strong></span> <span class='ocrx_word' id='word_1_514' title='bbox 1272 4384 1352 4444; x_wconf 90' lang='lat' dir='ltr'><strong><em>duos.</em></strong></span> <span class='ocrx_word' id='word_1_515' title='bbox 1380 4384 1417 4444; x_wconf 90' lang='lat' dir='ltr'><strong><em>lii</em></strong></span> <span class='ocrx_word' id='word_1_516' title='bbox 1459 4381 1642 4465; x_wconf 85' lang='lat' dir='ltr'><strong><em>Sophani&#39;am</em></strong></span> <span class='ocrx_word' id='word_1_517' title='bbox 1687 4383 1796 4443; x_wconf 88' lang='lat' dir='ltr'><strong><em>librum</em></strong></span> 
     </span>
     <span class='ocr_line' id='line_1_44' title="bbox 96 4478 1797 4561; baseline -0.005 -13"><span class='ocrx_word' id='word_1_518' title='bbox 96 4505 200 4547; x_wconf 90' lang='lat' dir='ltr'><strong><em>unum.</em></strong></span> <span class='ocrx_word' id='word_1_519' title='bbox 216 4484 253 4547; x_wconf 89' lang='lat' dir='ltr'><strong><em>ln</em></strong></span> <span class='ocrx_word' id='word_1_520' title='bbox 281 4482 381 4546; x_wconf 78' lang='lat' dir='ltr'><strong><em>Naum</em></strong></span> <span class='ocrx_word' id='word_1_521' title='bbox 417 4482 524 4543; x_wconf 88' lang='lat' dir='ltr'><strong><em>librum</em></strong></span> <span class='ocrx_word' id='word_1_522' title='bbox 559 4501 660 4541; x_wconf 90' lang='lat' dir='ltr'><strong><em>unum.</em></strong></span> <span class='ocrx_word' id='word_1_523' title='bbox 685 4478 723 4539; x_wconf 90' lang='lat' dir='ltr'><strong><em>In</em></strong></span> <span class='ocrx_word' id='word_1_524' title='bbox 748 4478 864 4541; x_wconf 83' lang='lat' dir='ltr'><strong><em>Abacuc</em></strong></span> <span class='ocrx_word' id='word_1_525' title='bbox 898 4479 989 4540; x_wconf 86' lang='lat' dir='ltr'><strong><em>libros</em></strong></span> <span class='ocrx_word' id='word_1_526' title='bbox 1015 4479 1097 4541; x_wconf 87' lang='lat' dir='ltr'><strong><em>duos.</em></strong></span> <span class='ocrx_word' id='word_1_527' title='bbox 1134 4480 1170 4541; x_wconf 91' lang='lat' dir='ltr'><strong><em>ln</em></strong></span> <span class='ocrx_word' id='word_1_528' title='bbox 1198 4485 1344 4561; x_wconf 78' lang='lat' dir='ltr'><strong><em>Appaeum</em></strong></span> <span class='ocrx_word' id='word_1_529' title='bbox 1368 4480 1474 4541; x_wconf 90' lang='lat' dir='ltr'><strong><em>librum</em></strong></span> <span class='ocrx_word' id='word_1_530' title='bbox 1505 4501 1597 4541; x_wconf 88' lang='lat' dir='ltr'><strong><em>unum</em></strong></span> <span class='ocrx_word' id='word_1_531' title='bbox 1613 4501 1624 4542; x_wconf 92' lang='lat'><strong><em>.·</em></strong></span> <span class='ocrx_word' id='word_1_532' title='bbox 1646 4480 1797 4561; x_wconf 85' lang='lat' dir='ltr'><strong><em>multaque</em></strong></span> 
     </span>
     <span class='ocr_line' id='line_1_45' title="bbox 96 4577 1331 4663; baseline -0.005 -19"><span class='ocrx_word' id='word_1_533' title='bbox 96 4582 164 4644; x_wconf 89' lang='lat' dir='ltr'><strong><em>alia</em></strong></span> <span class='ocrx_word' id='word_1_534' title='bbox 179 4581 215 4643; x_wconf 87' lang='lat' dir='ltr'><strong><em>de</em></strong></span> <span class='ocrx_word' id='word_1_535' title='bbox 228 4601 315 4663; x_wconf 88' lang='lat' dir='ltr'><strong><em>opere</em></strong></span> <span class='ocrx_word' id='word_1_536' title='bbox 326 4580 498 4663; x_wconf 86' lang='lat' dir='ltr'><strong><em>prophetali</em></strong></span> <span class='ocrx_word' id='word_1_537' title='bbox 508 4598 587 4640; x_wconf 91' lang='lat' dir='ltr'><strong><em>nunc</em></strong></span> <span class='ocrx_word' id='word_1_538' title='bbox 602 4577 693 4639; x_wconf 86' lang='lat' dir='ltr'><strong><em>liabeo</em></strong></span> <span class='ocrx_word' id='word_1_539' title='bbox 709 4578 739 4638; x_wconf 89' lang='lat' dir='ltr'><strong><em>iii</em></strong></span> <span class='ocrx_word' id='word_1_540' title='bbox 754 4577 896 4648; x_wconf 84' lang='lat' dir='ltr'><strong><em>manibus,</em></strong></span> <span class='ocrx_word' id='word_1_541' title='bbox 920 4586 949 4639; x_wconf 90' lang='lat' dir='ltr'><strong><em>et</em></strong></span> <span class='ocrx_word' id='word_1_542' title='bbox 968 4577 1090 4639; x_wconf 85' lang='lat' dir='ltr'><strong><em>necilum</em></strong></span> <span class='ocrx_word' id='word_1_543' title='bbox 1120 4579 1239 4659; x_wconf 80' lang='lat' dir='ltr'><strong><em>eapleta</em></strong></span> <span class='ocrx_word' id='word_1_544' title='bbox 1253 4589 1331 4640; x_wconf 89' lang='lat' dir='ltr'><strong><em>sunt.</em></strong></span> 
     </span>
    </p>

    <p class='ocr_par' dir='ltr' id='par_1_4' title="bbox 94 4675 1796 5546">
     <span class='ocr_line' id='line_1_46' title="bbox 136 4675 1796 4758; baseline -0.004 -16"><span class='ocrx_word' id='word_1_545' title='bbox 136 4683 212 4743; x_wconf 82' lang='lat' dir='ltr'><strong><em>Tres</em></strong></span> <span class='ocrx_word' id='word_1_546' title='bbox 227 4676 372 4758; x_wconf 86' lang='lat' dir='ltr'><strong><em>equidem</em></strong></span> <span class='ocrx_word' id='word_1_547' title='bbox 401 4680 498 4739; x_wconf 89' lang='lat' dir='ltr'><strong><em>terme</em></strong></span> <span class='ocrx_word' id='word_1_548' title='bbox 514 4677 629 4738; x_wconf 88' lang='lat' dir='ltr'><strong><em>adhinc</em></strong></span> <span class='ocrx_word' id='word_1_549' title='bbox 651 4693 750 4737; x_wconf 88' lang='lat' dir='ltr'><strong><em>annos</em></strong></span> <span class='ocrx_word' id='word_1_550' title='bbox 780 4675 848 4737; x_wconf 88' lang='lat' dir='ltr'><strong><em>aliis</em></strong></span> <span class='ocrx_word' id='word_1_551' title='bbox 870 4675 1024 4736; x_wconf 89' lang='lat' dir='ltr'><strong><em>distentus</em></strong></span> <span class='ocrx_word' id='word_1_552' title='bbox 1054 4676 1316 4756; x_wconf 91' lang='lat' dir='ltr'><strong><em>occupationibus</em></strong></span> <span class='ocrx_word' id='word_1_553' title='bbox 1344 4677 1469 4756; x_wconf 89' lang='lat' dir='ltr'><strong><em>incepto</em></strong></span> <span class='ocrx_word' id='word_1_554' title='bbox 1498 4675 1671 4738; x_wconf 86' lang='lat' dir='ltr'><strong><em>abstinuit:</em></strong></span> <span class='ocrx_word' id='word_1_555' title='bbox 1697 4692 1796 4755; x_wconf 88' lang='lat' dir='ltr'><strong><em>neque</em></strong></span> 
     </span>
     <span class='ocr_line' id='line_1_47' title="bbox 95 4773 1795 4854; baseline -0.005 -12"><span class='ocrx_word' id='word_1_556' title='bbox 95 4779 178 4842; x_wconf 90' lang='lat' dir='ltr'><strong><em>enim</em></strong></span> <span class='ocrx_word' id='word_1_557' title='bbox 213 4784 286 4839; x_wconf 86' lang='lat' dir='ltr'><strong><em>ante</em></strong></span> <span class='ocrx_word' id='word_1_558' title='bbox 316 4777 567 4838; x_wconf 88' lang='lat' dir='ltr'><strong><em>trecentesimum</em></strong></span> <span class='ocrx_word' id='word_1_559' title='bbox 598 4775 835 4854; x_wconf 83' lang='lat' dir='ltr'><strong><em>nonagesimum</em></strong></span> <span class='ocrx_word' id='word_1_560' title='bbox 857 4773 1037 4853; x_wconf 89' lang='lat' dir='ltr'><strong><em>septimum,</em></strong></span> <span class='ocrx_word' id='word_1_561' title='bbox 1067 4776 1168 4847; x_wconf 86' lang='lat' dir='ltr'><strong><em>lonae,</em></strong></span> <span class='ocrx_word' id='word_1_562' title='bbox 1197 4793 1275 4853; x_wconf 89' lang='lat' dir='ltr'><strong><em>quos</em></strong></span> <span class='ocrx_word' id='word_1_563' title='bbox 1298 4776 1389 4836; x_wconf 90' lang='lat' dir='ltr'><strong><em>tertio</em></strong></span> <span class='ocrx_word' id='word_1_564' title='bbox 1411 4775 1481 4835; x_wconf 88' lang='lat' dir='ltr'><strong><em>loco</em></strong></span> <span class='ocrx_word' id='word_1_565' title='bbox 1511 4780 1675 4846; x_wconf 88' lang='lat' dir='ltr'><strong><em>memorat,</em></strong></span> <span class='ocrx_word' id='word_1_566' title='bbox 1705 4775 1795 4834; x_wconf 85' lang='lat' dir='ltr'><strong><em>Com·</em></strong></span> 
     </span>
     <span class='ocr_line' id='line_1_48' title="bbox 95 4870 1793 4953; baseline -0.006 -13"><span class='ocrx_word' id='word_1_567' title='bbox 95 4876 269 4952; x_wconf 85' lang='lat' dir='ltr'><strong><em>menteriis,</em></strong></span> <span class='ocrx_word' id='word_1_568' title='bbox 292 4875 434 4937; x_wconf 88' lang='lat' dir='ltr'><strong><em>admovit</em></strong></span> <span class='ocrx_word' id='word_1_569' title='bbox 451 4893 590 4936; x_wconf 88' lang='lat' dir='ltr'><strong><em>manum.</em></strong></span> <span class='ocrx_word' id='word_1_570' title='bbox 615 4873 714 4953; x_wconf 89' lang='lat' dir='ltr'><strong><em>Hujus</em></strong></span> <span class='ocrx_word' id='word_1_571' title='bbox 736 4891 863 4953; x_wconf 91' lang='lat' dir='ltr'><strong><em>quoque</em></strong></span> <span class='ocrx_word' id='word_1_572' title='bbox 885 4871 928 4933; x_wconf 91' lang='lat' dir='ltr'><strong><em>rei</em></strong></span> <span class='ocrx_word' id='word_1_573' title='bbox 949 4871 982 4932; x_wconf 90' lang='lat' dir='ltr'><strong><em>in</em></strong></span> <span class='ocrx_word' id='word_1_574' title='bbox 1005 4872 1136 4950; x_wconf 84' lang='lat' dir='ltr'><strong><em>prologo</em></strong></span> <span class='ocrx_word' id='word_1_575' title='bbox 1159 4872 1245 4934; x_wconf 90' lang='lat' dir='ltr'><strong><em>testis</em></strong></span> <span class='ocrx_word' id='word_1_576' title='bbox 1267 4872 1387 4932; x_wconf 89' lang='lat' dir='ltr'><strong><em>accedit</em></strong></span> <span class='ocrx_word' id='word_1_577' title='bbox 1415 4871 1481 4950; x_wconf 89' lang='lat' dir='ltr'><strong><em>ipse</em></strong></span> <span class='ocrx_word' id='word_1_578' title='bbox 1504 4871 1596 4950; x_wconf 86' lang='lat' dir='ltr'><strong><em>longe</em></strong></span> <span class='ocrx_word' id='word_1_579' title='bbox 1610 4870 1793 4950; x_wconf 90' lang='lat' dir='ltr'><strong><em>locupletis·</em></strong></span> 
     </span>
     <span class='ocr_line' id='line_1_49' title="bbox 94 4969 1792 5051; baseline -0.005 -15"><span class='ocrx_word' id='word_1_580' title='bbox 94 4974 213 5036; x_wconf 86' lang='lat' dir='ltr'><strong><em>simus:</em></strong></span> <span class='ocrx_word' id='word_1_581' title='bbox 256 4973 438 5046; x_wconf 81' lang='lat' dir='ltr'><strong><em>Triennium,</em></strong></span> <span class='ocrx_word' id='word_1_582' title='bbox 475 4972 630 5051; x_wconf 86' lang='lat' dir='ltr'><strong><em>inquiens,</em></strong></span> <span class='ocrx_word' id='word_1_583' title='bbox 675 4970 794 5031; x_wconf 75' lang='lat' dir='ltr'><strong><em>circiter</em></strong></span> <span class='ocrx_word' id='word_1_584' title='bbox 818 4970 916 5050; x_wconf 79' lang='lat' dir='ltr'><strong><em>plauit,</em></strong></span> <span class='ocrx_word' id='word_1_585' title='bbox 952 4978 1109 5049; x_wconf 86' lang='lat' dir='ltr'><strong><em>postquam</em></strong></span> <span class='ocrx_word' id='word_1_586' title='bbox 1137 4970 1266 5050; x_wconf 87' lang='lat' dir='ltr'><strong><em>quinque</em></strong></span> <span class='ocrx_word' id='word_1_587' title='bbox 1289 4969 1449 5050; x_wconf 82' lang='lat' dir='ltr'><strong><em>prophetas</em></strong></span> <span class='ocrx_word' id='word_1_588' title='bbox 1479 4971 1692 5048; x_wconf 90' lang='lat' dir='ltr'><strong><em>interpretatus</em></strong></span> <span class='ocrx_word' id='word_1_589' title='bbox 1717 4987 1792 5042; x_wconf 84' lang='lat' dir='ltr'><strong><em>suin,</em></strong></span> 
     </span>
     <span class='ocr_line' id='line_1_50' title="bbox 95 5062 1795 5148; baseline -0.006 -15"><span class='ocrx_word' id='word_1_590' title='bbox 95 5069 392 5146; x_wconf 62' lang='lat' dir='ltr'><strong><em>hirminmaris,</em></strong></span> <span class='ocrx_word' id='word_1_591' title='bbox 423 5069 553 5145; x_wconf 87' lang='lat' dir='ltr'><strong><em>Abacuc,</em></strong></span> <span class='ocrx_word' id='word_1_592' title='bbox 585 5064 779 5148; x_wconf 88' lang='lat' dir='ltr'><strong><em>Sophoniam,</em></strong></span> <span class='ocrx_word' id='word_1_593' title='bbox 811 5068 1020 5147; x_wconf 77' lang='lat' dir='ltr'><strong><em>Appceum,·et</em></strong></span> <span class='ocrx_word' id='word_1_594' title='bbox 1050 5065 1110 5126; x_wconf 89' lang='lat' dir='ltr'><strong><em>alio</em></strong></span> <span class='ocrx_word' id='word_1_595' title='bbox 1123 5085 1209 5146; x_wconf 92' lang='lat' dir='ltr'><strong><em>opere</em></strong></span> <span class='ocrx_word' id='word_1_596' title='bbox 1245 5064 1375 5126; x_wconf 86' lang='lat' dir='ltr'><strong><em>detentus</em></strong></span> <span class='ocrx_word' id='word_1_597' title='bbox 1397 5086 1455 5125; x_wconf 87' lang='lat' dir='ltr'><strong><em>non</em></strong></span> <span class='ocrx_word' id='word_1_598' title='bbox 1469 5065 1556 5146; x_wconf 91' lang='lat' dir='ltr'><strong><em>potui</em></strong></span> <span class='ocrx_word' id='word_1_599' title='bbox 1569 5064 1691 5146; x_wconf 86' lang='lat' dir='ltr'><strong><em>implere</em></strong></span> <span class='ocrx_word' id='word_1_600' title='bbox 1717 5062 1795 5146; x_wconf 85' lang='lat' dir='ltr'><strong><em>quod</em></strong></span> 
     </span>
     <span class='ocr_line' id='line_1_51' title="bbox 95 5161 1792 5249; baseline -0.004 -21"><span class='ocrx_word' id='word_1_601' title='bbox 95 5187 250 5249; x_wconf 73' lang='lat' dir='ltr'><strong><em>ceperam.</em></strong></span> <span class='ocrx_word' id='word_1_602' title='bbox 266 5170 348 5230; x_wconf 78' lang='lat' dir='ltr'><strong><em>&#39;ium</em></strong></span> <span class='ocrx_word' id='word_1_603' title='bbox 369 5169 467 5230; x_wconf 88' lang='lat' dir='ltr'><strong><em>Paulo</em></strong></span> <span class='ocrx_word' id='word_1_604' title='bbox 490 5166 637 5229; x_wconf 86' lang='lat' dir='ltr'><strong><em>interius:</em></strong></span> <span class='ocrx_word' id='word_1_605' title='bbox 674 5164 774 5244; x_wconf 79' lang='lat' dir='ltr'><strong><em>Ipi&#39;tur</em></strong></span> <span class='ocrx_word' id='word_1_606' title='bbox 810 5173 891 5224; x_wconf 89' lang='lat' dir='ltr'><strong><em>tanto</em></strong></span> <span class='ocrx_word' id='word_1_607' title='bbox 918 5170 984 5244; x_wconf 86' lang='lat' dir='ltr'><strong><em>post</em></strong></span> <span class='ocrx_word' id='word_1_608' title='bbox 1014 5171 1152 5243; x_wconf 86' lang='lat' dir='ltr'><strong><em>tempure,</em></strong></span> <span class='ocrx_word' id='word_1_609' title='bbox 1184 5162 1272 5243; x_wconf 88' lang='lat' dir='ltr'><strong><em>quasi</em></strong></span> <span class='ocrx_word' id='word_1_610' title='bbox 1296 5161 1424 5242; x_wconf 87' lang='lat' dir='ltr'><strong><em>quodam</em></strong></span> <span class='ocrx_word' id='word_1_611' title='bbox 1445 5162 1644 5243; x_wconf 78' lang='lat' dir='ltr'><strong><em>postliminia,</em></strong></span> <span class='ocrx_word' id='word_1_612' title='bbox 1675 5161 1792 5224; x_wconf 85' lang='lat' dir='ltr'><strong><em>alona</em></strong></span> 
     </span>
     <span class='ocr_line' id='line_1_52' title="bbox 107 5258 1794 5348; baseline -0.005 -21"><span class='ocrx_word' id='word_1_613' title='bbox 107 5265 316 5348; x_wconf 81' lang='lat' dir='ltr'><strong><em>nterpietandi</em></strong></span> <span class='ocrx_word' id='word_1_614' title='bbox 339 5285 420 5327; x_wconf 88' lang='lat' dir='ltr'><strong><em>sumo</em></strong></span> <span class='ocrx_word' id='word_1_615' title='bbox 441 5264 632 5345; x_wconf 87' lang='lat' dir='ltr'><strong><em>principium.</em></strong></span> <span class='ocrx_word' id='word_1_616' title='bbox 671 5262 756 5322; x_wconf 90' lang='lat' dir='ltr'><strong><em>ldem</em></strong></span> <span class='ocrx_word' id='word_1_617' title='bbox 798 5263 973 5333; x_wconf 82' lang='lat' dir='ltr'><strong><em>confirmat,</em></strong></span> <span class='ocrx_word' id='word_1_618' title='bbox 998 5278 1068 5321; x_wconf 93' lang='lat' dir='ltr'><strong><em>cum</em></strong></span> <span class='ocrx_word' id='word_1_619' title='bbox 1093 5279 1131 5320; x_wconf 90' lang='lat' dir='ltr'><strong><em>ox</em></strong></span> <span class='ocrx_word' id='word_1_620' title='bbox 1165 5259 1211 5319; x_wconf 88' lang='lat' dir='ltr'><strong><em>bis</em></strong></span> <span class='ocrx_word' id='word_1_621' title='bbox 1232 5279 1302 5337; x_wconf 85' lang='lat' dir='ltr'><strong><em>quie</em></strong></span> <span class='ocrx_word' id='word_1_622' title='bbox 1325 5260 1445 5320; x_wconf 88' lang='lat' dir='ltr'><strong><em>interea</em></strong></span> <span class='ocrx_word' id='word_1_623' title='bbox 1468 5261 1543 5320; x_wconf 89' lang='lat' dir='ltr'><strong><em>dum</em></strong></span> <span class='ocrx_word' id='word_1_624' title='bbox 1566 5259 1704 5338; x_wconf 89' lang='lat' dir='ltr'><strong><em>scripsit,</em></strong></span> <span class='ocrx_word' id='word_1_625' title='bbox 1720 5258 1794 5339; x_wconf 85' lang='lat' dir='ltr'><strong><em>Epi·</em></strong></span> 
     </span>
     <span class='ocr_line' id='line_1_53' title="bbox 96 5355 1793 5448; baseline -0.008 -19"><span class='ocrx_word' id='word_1_626' title='bbox 96 5365 229 5448; x_wconf 87' lang='lat' dir='ltr'><strong><em>taphium</em></strong></span> <span class='ocrx_word' id='word_1_627' title='bbox 257 5381 383 5443; x_wconf 91' lang='lat' dir='ltr'><strong><em>quoque</em></strong></span> <span class='ocrx_word' id='word_1_628' title='bbox 418 5360 582 5443; x_wconf 86' lang='lat' dir='ltr'><strong><em>Nepotiani</em></strong></span> <span class='ocrx_word' id='word_1_629' title='bbox 621 5366 785 5434; x_wconf 89' lang='lat' dir='ltr'><strong><em>memorat,</em></strong></span> <span class='ocrx_word' id='word_1_630' title='bbox 827 5359 891 5419; x_wconf 87' lang='lat' dir='ltr'><strong><em>sive</em></strong></span> <span class='ocrx_word' id='word_1_631' title='bbox 926 5359 1097 5438; x_wconf 80' lang='lat' dir='ltr'><strong><em>Npistotam</em></strong></span> <span class='ocrx_word' id='word_1_632' title='bbox 1126 5359 1156 5416; x_wconf 92' lang='lat' dir='ltr'><strong><em>in</em></strong></span> <span class='ocrx_word' id='word_1_633' title='bbox 1197 5363 1303 5417; x_wconf 83' lang='lat' dir='ltr'><strong><em>nostra</em></strong></span> <span class='ocrx_word' id='word_1_634' title='bbox 1344 5357 1523 5418; x_wconf 86' lang='lat' dir='ltr'><strong><em>recensione</em></strong></span> <span class='ocrx_word' id='word_1_635' title='bbox 1553 5358 1603 5431; x_wconf 80' lang='lat'><strong><em>60,</em></strong></span> <span class='ocrx_word' id='word_1_636' title='bbox 1628 5376 1726 5435; x_wconf 90' lang='lat' dir='ltr'><strong><em>quam</em></strong></span> <span class='ocrx_word' id='word_1_637' title='bbox 1754 5355 1793 5417; x_wconf 90' lang='lat' dir='ltr'><strong><em>ad</em></strong></span> 
     </span>
     <span class='ocr_line' id='line_1_54' title="bbox 95 5454 1793 5546; baseline -0.006 -23"><span class='ocrx_word' id='word_1_638' title='bbox 95 5462 239 5546; x_wconf 87' lang='lat' dir='ltr'><strong><em>proxime</em></strong></span> <span class='ocrx_word' id='word_1_639' title='bbox 267 5459 436 5540; x_wconf 87' lang='lat' dir='ltr'><strong><em>superioris</em></strong></span> <span class='ocrx_word' id='word_1_640' title='bbox 464 5457 538 5519; x_wconf 90' lang='lat' dir='ltr'><strong><em>anni</em></strong></span> <span class='ocrx_word' id='word_1_641' title='bbox 567 5457 704 5538; x_wconf 87' lang='lat' dir='ltr'><strong><em>priorem</em></strong></span> <span class='ocrx_word' id='word_1_642' title='bbox 746 5461 868 5536; x_wconf 89' lang='lat' dir='ltr'><strong><em>partem</em></strong></span> <span class='ocrx_word' id='word_1_643' title='bbox 907 5455 1080 5516; x_wconf 88' lang='lat' dir='ltr'><strong><em>certissime</em></strong></span> <span class='ocrx_word' id='word_1_644' title='bbox 1110 5454 1275 5533; x_wconf 88' lang='lat' dir='ltr'><strong><em>pertinere,</em></strong></span> <span class='ocrx_word' id='word_1_645' title='bbox 1313 5472 1368 5514; x_wconf 83' lang='lat' dir='ltr'><strong><em>suo</em></strong></span> <span class='ocrx_word' id='word_1_646' title='bbox 1393 5454 1463 5515; x_wconf 87' lang='lat' dir='ltr'><strong><em>loco</em></strong></span> <span class='ocrx_word' id='word_1_647' title='bbox 1499 5454 1701 5515; x_wconf 86' lang='lat' dir='ltr'><strong><em>ostesdimus.</em></strong></span> <span class='ocrx_word' id='word_1_648' title='bbox 1732 5456 1793 5515; x_wconf 88' lang='lat' dir='ltr'><strong><em>Nec</em></strong></span> 
     </span>
    </p>
   </div>
   <div class='ocr_carea' id='block_1_4' title="bbox 94 5550 1792 5655">
    <p class='ocr_par' dir='ltr' id='par_1_5' title="bbox 94 5550 1792 5655">
     <span class='ocr_line' id='line_1_55' title="bbox 94 5550 1792 5655; baseline -0.006 -28"><span class='ocrx_word' id='word_1_649' title='bbox 94 5574 260 5655; x_wconf 70' lang='lat' dir='ltr'><strong><em>paramur</em></strong></span> <span class='ocrx_word' id='word_1_650' title='bbox 286 5557 364 5624; x_wconf 86' lang='lat' dir='ltr'><strong><em>edoo</em></strong></span> <span class='ocrx_word' id='word_1_651' title='bbox 386 5554 633 5640; x_wconf 70' lang='lat' dir='ltr'><strong><em>tillemontium,</em></strong></span> <span class='ocrx_word' id='word_1_652' title='bbox 665 5553 721 5641; x_wconf 90' lang='lat' dir='ltr'><strong><em>qui</em></strong></span> <span class='ocrx_word' id='word_1_653' title='bbox 755 5552 968 5620; x_wconf 83' lang='lat' dir='ltr'><strong><em>testimonium</em></strong></span> <span class='ocrx_word' id='word_1_654' title='bbox 995 5553 1074 5618; x_wconf 87' lang='lat' dir='ltr'><strong><em>iilud</em></strong></span> <span class='ocrx_word' id='word_1_655' title='bbox 1109 5551 1266 5632; x_wconf 86' lang='lat' dir='ltr'><strong><em>sollicitat,</em></strong></span> <span class='ocrx_word' id='word_1_656' title='bbox 1297 5555 1329 5615; x_wconf 87' lang='lat' dir='ltr'><strong><em>et</em></strong></span> <span class='ocrx_word' id='word_1_657' title='bbox 1353 5556 1388 5615; x_wconf 87' lang='lat' dir='ltr'><strong><em>ut</em></strong></span> <span class='ocrx_word' id='word_1_658' title='bbox 1417 5551 1530 5631; x_wconf 88' lang='lat' dir='ltr'><strong><em>minus,</em></strong></span> <span class='ocrx_word' id='word_1_659' title='bbox 1561 5550 1792 5637; x_wconf 75' lang='lat' dir='ltr'><strong><em>quadriennium</em></strong></span> 
     </span>
    </p>
   </div>
   <div class='ocr_carea' id='block_1_5' title="bbox 0 0 1914 6104">
    <p class='ocr_par' dir='ltr' id='par_1_6' title="bbox 0 0 1914 6104">
     <span class='ocr_line' id='line_1_56' title="bbox 0 0 1914 6104; baseline 0 1"><span class='ocrx_word' id='word_1_660' title='bbox 0 0 1914 6104; x_wconf 95' lang='lat' dir='ltr'><strong><em> </em></strong></span> 
     </span>
    </p>
   </div>
  </div>
 </body>
</html>
