3840 6098
54 313 134 387 lm
361 300 735 379 COMMENTARIORUM
757 310 797 375 lii
819 307 975 375 ANACUG
997 308 1100 373 lslBlil
1121 307 1214 372 DUO.
1236 306 1455 374 PROLOGUS.
1677 305 1757 372 lm

56 438 1754 493 mm

409 610 473 712 S.
518 606 854 713 nusum
897 601 1412 721 HIERONYMI

630 794 916 859 STRlDONllNSlS
938 792 1184 857 Pnuserrnat

506 969 1311 1099 COMMENTARIORUM

174 1219 291 1343 ΙΝ
366 1211 825 1344 huncne
900 1210 1649 1338 PROPHETAM

772 1430 909 1490 LIBRl
938 1428 1047 1490 DUO.

553 1582 650 1675 AD
710 1577 1270 1675 CHROMATIUM.

724 1861 1104 1952 PROLOGUs

97 2125 270 2187 ⁸81⁴ssss
280 2124 423 2197 Primum,
434 2125 591 2195 Chromati,
603 2125 807 2199 episcoporum
822 2124 886 2180 doc·
902 2122 930 2189 Α
944 2123 1035 2178 torem
1050 2122 1163 2180 uidere?
1176 2125 1308 2181 Lancia
1324 2134 1362 2182 est
1377 2125 1432 2197 les,
1446 2131 1473 2184 ct
1500 2144 1555 2184 non
1581 2132 1708 2202 peruenit
1732 2131 1768 2191 aa

60 2217 190 2288 tissime,
202 2217 277 2272 scire
288 2232 342 2271 nos
351 2215 494 2284 convenit,
506 2222 641 2289 corrupte
650 2215 727 2288 apud
739 2215 852 2272 Grecos
862 2218 891 2271 et
944 2211 1027 2282 finem
1042 2229 1126 2284 usquc
1136 2212 1292 2285 judiciam:
1307 2217 1374 2286 quio
1387 2217 1490 2289 impias
1496 2219 1627 2291 praevalet
1637 2221 1768 2281 αάυσνιιιε

63 2307 183 2364 Latinos
194 2321 300 2366 nomen
313 2304 351 2376 (a)
362 2304 511 2360 Ambacum
521 2304 667 2377 prophete
678 2304 746 2379 legi,
756 2302 890 2377 quiapud
941 2301 1067 2373 justum:
1083 2301 1142 2358 ideo
1152 2302 1296 2375 egreditar
1305 2303 1443 2375 judiciam
1456 2322 1613 2378 perversam
1634 2309 1729 2380 (Abas.
1747 2328 1767 2381 1,

65 2395 205 2452 Hebraeos
220 2393 326 2450 dicitur
337 2394 452 2461 Abacuc,
464 2398 493 2449 et
507 2392 870 2467 iuterpretaturamptaxas
880 2410 891 2446 .·
943 2390 982 2462 2).
996 2389 1085 2446 Vides
1098 2395 1173 2463 quod
1191 2391 1348 2448 temeraria
1364 2409 1420 2448 vox
1444 2393 1482 2449 sit
1496 2399 1527 2450 et
1552 2397 1767 2469 quodammodo

65 2485 127 2542 sive
150 2489 182 2539 ut
211 2482 425 2557 significantius
448 2487 596 2538 vertamus
625 2483 655 2538 in
685 2483 827 2547 Graeoum,
852 2481 890 2553 (b)
944 2477 1188 2552 blasphemantia,
1205 2479 1425 2538 siccreatorem
1450 2499 1537 2540 suum
1564 2485 1766 2558 adjudicium

64 2569 266 2646 metientem
277 2576 322 2628 est
331 2573 508 2645 amplexatio.
522 2572 629 2628 Deinde
642 2571 692 2628 uhi
702 2571 891 2645 Septuaginta
945 2584 1119 2640 provocare;
1135 2572 1165 2624 et
1178 2585 1229 2625 vas
1245 2568 1346 2644 fragile
1361 2571 1516 2628 adversum
1540 2572 1665 2646 ilguluar
1691 2577 1766 2648 (lsai.

64 2658 257 2718 translatores
272 2665 300 2716 et
314 2659 507 2734 Symmachus
523 2664 551 2715 et
564 2659 722 2717 'theodotio
737 2657 848 2732 λῆμμα,
860 2659 891 2716 id
944 2675 1008 2729 xcv,
1028 2657 1128 2713 terem.
1145 2674 1224 2728 xvrn,
1253 2661 1277 2715 et
1306 2661 1381 2715 Rern.
1399 2660 1449 2732 rx),
1477 2677 1529 2717 our
1555 2661 1613 2719 tale
1640 2663 1684 2721 val
1712 2664 1770 2722 tale

64 2754 120 2818 est,
138 2751 355 2822 assumptionem
366 2749 548 2822 interpretati
560 2755 639 2817 sunt,
651 2749 680 2805 in
692 2750 810 2807 Hebraeo
821 2749 889 2823 poni
946 2746 1056 2802 sactum
1072 2745 1120 2815 sit,
1137 2746 1309 2820 disputare?
1333 2749 1450 2805 Necnon
1465 2754 1495 2805 et
1518 2750 1572 2807 hoc
1587 2750 1769 2811 animadver-

64 2855 160 2896 uassa
175 2839 285 2911 (nien),
295 2838 379 2911 ‘quod
394 2838 500 2910 Aquila
514 2839 600 2894 vertit
614 2838 643 2893 in
656 2839 780 2911 ponder:
803 2855 892 2912 super
945 2834 1078 2902 tendum,
1094 2837 1172 2907 quod
1189 2836 1353 2909 assumptio
1368 2837 1413 2893 vel
1438 2839 1564 2911 pondus,
1579 2857 1643 2913 que
1671 2841 1771 2915 grauia

65 2927 269 3002 quoinNaum
280 2925 548 2999 prophetaplenius
559 2927 785 2999 disputavimus.
796 2931 892 2984 Massa
945 2939 1010 2979 esse
1021 2924 1083 2997 jam
1100 2924 1238 2991 diximus,
1256 2925 1403 2998 prophetae
1414 2927 1488 2984 visio
1501 2933 1555 3000 est,
1572 2933 1601 2986 et
1615 2930 1770 2995 aduersum

65 3022 166 3074 autem
195 3032 359 3088 numquam
390 3015 542 3088 prefertur
570 3015 713 3082 intitulo,
742 3016 798 3071 nisi
822 3032 890 3073 cum
946 3013 1073 3069 Montani
1098 3013 1205 3087 dogma
1233 3030 1401 3086 perversum
1426 3015 1562 3088 iutelligit
1582 3019 1661 3091 quod
1676 3019 1770 3083 videt:

64 3120 163 3179 grave
179 3110 209 3160 et
223 3104 360 3177 ponderis
373 3102 541 3176 laborisque
555 3103 677 3177 plenum
692 3108 737 3161 est
757 3105 834 3179 quod
850 3104 890 3159 vi·
946 3117 999 3157 nec
1016 3106 1050 3157 ut
1061 3118 1164 3159 amens
1178 3101 1319 3174 loquitur,
1333 3119 1386 3161 nec
1396 3104 1426 3160 in
1438 3122 1549 3162 morem
1561 3106 1772 3167 insanientium

65 3193 161 3261 detur.
179 3193 261 3249 Unde
280 3209 400 3250 necessa
422 3198 477 3258 est,
507 3198 679 3265 presentem
709 3193 891 3266 prophetiam
945 3191 1123 3248 feminarum
1138 3192 1188 3246 dat
1202 3191 1266 3248 sine
1281 3199 1378 3249 mente
1393 3210 1508 3250 sonum.
1533 3194 1615 3253 Unde
1639 3200 1668 3254 et
1687 3213 1772 3270 apos·

66 3281 179 3355 aliquid
192 3281 301 3338 hahere
315 3280 507 3348 austeritatis,
525 3286 557 3337 ut
572 3281 649 3338 sicut
665 3282 695 3338 in
711 3287 805 3338 Naum
821 3299 892 3356 pon·
946 3279 1024 3336 tolus
1037 3280 1131 3353 jubet,
1149 3285 1181 3335 ut
1195 3281 1220 3336 si
1240 3281 1484 3354 prophetantibus
1507 3282 1583 3353 aliis,
1611 3284 1661 3343 alii
1685 3285 1774 3344 luerit

65 3370 133 3443 dus,
150 3370 230 3444 quod
244 3370 397 3426 videbatur
410 3371 551 3427 adversus
567 3371 691 3426 Ninivan
706 3371 892 3442 Assyriorum
947 3367 1118 3436 revelatum,
1144 3373 1260 3424 taceant
1273 3369 1324 3442 qni
1348 3370 1430 3442 prius
1449 3370 1647 3442 loquebantur
1662 3373 1697 3446 (ll
1712 3360 1773 3432 Cor'.

65 3460 181 3529 urbem,
197 3475 284 3531 grave
299 3463 379 3515 erat:
404 3459 445 3514 ita
472 3463 501 3516 et
529 3459 558 3514 in
574 3458 628 3515 hoc
657 3465 818 3533 quaretur,
844 3458 893 3515 eui
909 3493 932 3558 B
946 3474 1004 3524 xrv,
1016 3456 1073 3528 33).
1087 3457 1122 3511 Et
1135 3457 1252 3512 statim:
1264 3459 1463 3528 Nouectcnim,
1474 3459 1776 3532 iuquitlieasdissca-

64 3549 183 3623 pondus
200 3549 238 3604 sit
249 3548 326 3621 quod
343 3548 490 3621 propheta
507 3547 651 3606 revelatur
665 3550 809 3622 aspectui.
820 3548 893 3612 Qua·
947 3547 1044 3613 sionis,
1060 3545 1108 3601 sed
1120 3547 1207 3619 pacis.
1224 3546 1263 3600 Ex
1279 3563 1338 3619 quo
1359 3546 1542 3621 intelligitur,
1560 3565 1626 3603 cum
1643 3549 1710 3621 quis
1723 3567 1772 3609 vo-

65 3642 135 3694 tuor
159 3642 257 3692 autem
285 3635 433 3707 prophete
461 3634 491 3689 in
519 3634 674 3691 duodecim
706 3635 892 3708 probatarum
947 3633 1186 3702 luntatereticat,
1203 3633 1329 3690 etalteri
1346 3633 1559 3693 locumdatad
1580 3636 1773 3711 loquendum,

64 3725 216 3782 volumine
231 3728 311 3795 sunt,
328 3741 343 3779 e
359 3723 467 3795 quibus
482 3727 541 3779 tres
556 3723 586 3779 in
611 3724 754 3797 principio
781 3720 893 3796 λῆμμα,
950 3740 1035 3797 posse
1051 3728 1079 3779 et
1094 3722 1173 3795 loqui
1188 3726 1218 3778 et
1234 3727 1330 3778 tacere
1353 3738 1422 3778 cum
1446 3723 1524 3781 velit.
1551 3724 1604 3789 Oui
1629 3729 1727 3783 autem
1743 3726 1773 3783 in

66 3814 167 3886 idest,
181 3812 301 3885 pondus,
317 3811 437 3867 titulum
454 3810 580 3868 habent:
599 3813 704 3880 Naum,
722 3813 849 3880 Abacuc,
867 3815 895 3868 et
949 3813 1068 3880 ecstasi,
1084 3813 1113 3868 id
1130 3816 1174 3868 est
1189 3811 1298 3869 invitus
1309 3811 1449 3885 loquitur,
1461 3829 1514 3869 neo
1526 3818 1621 3871 tacere
1631 3831 1684 3872 nec
1694 3815 1775 3889 loqui

66 3900 237 3960 Malachiae.
253 3902 341 3959 Porro
366 3899 521 3957 Zacharias
547 3900 576 3955 in
606 3900 701 3957 medio
729 3907 758 3956 et
773 3900 849 3958 circa
864 3901 895 3955 fr-
949 3901 980 3957 iu
996 3918 1050 3961 sua
1064 3904 1207 3973 potestate
1222 3900 1320 3957 habet.
1346 3900 1421 3957 lllud
1449 3918 1565 3974 quaqua
1588 3903 1669 3961 disce
1694 3904 1775 3978 (quie

67 4007 136 4048 nem
151 3991 226 4046 duos
241 3989 445 4062 hujuscemodi
461 3988 544 4061 ponit
565 3988 678 4058 titulos,
693 4007 708 4045 e
724 3988 895 4049 aea-toa
950 3988 1040 4046 semel
1056 4007 1072 4045 a
1088 4006 1134 4045 me
1149 3987 1290 4046 violenter
1304 3989 1407 4062 exigis,
1423 3995 1455 4046 ut
1465 3992 1549 4063 quasi
1562 3994 1672 4065 gradus
1687 4011 1775 4068 quos-

67 4078 177 4153 quihus
192 4095 269 4135 unus
284 4083 329 4135 est
340 4095 347 4134 :
360 4077 433 4133 Onus
445 4077 522 4133 uerbi
533 4079 643 4135 Domini
653 4081 683 4135 in
694 4086 768 4134 terro
779 4078 894 4149 llodrcc,
950 4080 1030 4145 dam,
1045 4083 1075 4133 et
1090 4077 1184 4135 scalas
1197 4077 1233 4133 ad
1249 4078 1354 4135 altiora
1370 4078 1486 4159 nitenti,
1502 4079 1656 4138 historiam
1667 4082 1720 4138 tihi
1733 4083 1776 4139 in·

67 4173 94 4226 ct
108 4169 238 4224 damasci
250 4169 360 4241 requiei
375 4168 433 4240 ejas
449 4167 541 4235 (Zacb.
560 4185 599 4240 ur,
612 4167 657 4239 ll:
685 4167 759 4224 alter
781 4167 811 4222 iu
827 4168 894 4240 fine,
950 4168 1114 4241 terpreter),
1129 4167 1313 4241 prophetiam
1330 4184 1395 4226 esse
1418 4173 1520 4226 contra
1541 4171 1731 4245 Babylonem,
1747 4178 1777 4230 ct

68 4258 145 4316 ona
164 4257 242 4313 uerbi
266 4258 378 4313 Domini
405 4272 487 4329 super
516 4257 601 4312 lsrael
629 4257 708 4329 (ltid.
726 4275 764 4324 ιιι,
790 4257 825 4330 1).
857 4262 896 4312 De
951 4255 1219 4314 Nabuchodonosor
1234 4274 1330 4330 regem
1346 4256 1566 4315 Chaldaeorum:
1582 4262 1776 4332 utquomodo

67 4347 174 4415 Naum,
191 4345 374 4404 orationihus
388 4345 448 4402 tuis
468 4347 533 4418 jam
556 4344 631 4401 liber
654 4345 750 4402 editus
774 4351 836 4401 est:
861 4347 897 4401 de
951 4346 1031 4419 prior
1047 4345 1188 4419 propheta
1200 4346 1305 4418 Naum,
1318 4363 1406 4419 quem
1418 4347 1533 4404 abacuc
1546 4347 1689 4420 sequitur,
1701 4348 1776 4405 vati·

69 4436 210 4494 Zacharia
221 4439 249 4491 et
270 4433 422 4502 Malachia,
439 4433 463 4489 si
479 4434 539 4489 vita
558 4450 656 4490 comes
679 4432 776 4499 suerit,
802 4434 895 4490 disse·
951 4434 1062 4491 ciuium
1078 4434 1182 4491 hahuit
1195 4440 1296 4493 contra
1311 4434 1433 4491 Niniven
1445 4439 1474 4492 et
1486 4436 1631 4509 assyrios,
1647 4436 1697 4508 qui
1708 4453 1776 4495 vas·

69 4530 160 4582 retur.
177 4525 262 4583 Nunc
276 4525 393 4580 Abacuc
408 4523 552 4579 hahemus
569 4523 599 4578 iu
615 4523 763 4595 manibus,
787 4523 837 4596 qui
852 4522 896 4579 vel
950 4528 1088 4579 taverunt
1102 4525 1202 4579 decem
1218 4523 1323 4590 trihus,
1339 4540 1403 4597 quae
1416 4522 1597 4580 vocabantur
1612 4523 1719 4580 lsrael:
1736 4524 1777 4591 ita

68 4632 104 4672 ex
117 4631 152 4671 eo
168 4614 246 4687 quod
264 4611 400 4669 amabilis
416 4611 533 4668 Domini
547 4615 601 4680 est,
618 4616 738 4669 vocetur
753 4613 897 4684 amplexa·
951 4613 1070 4667 Abacuc
1081 4612 1263 4684 prophetiam
1279 4611 1386 4667 haheat
1401 4611 1540 4668 adversus
1558 4611 1733 4686 Babylonem
1749 4617 1778 4670 et

67 4705 126 4760 tio:
144 4701 188 4759 val
203 4703 282 4777 quod
297 4701 326 4757 in
342 4705 490 4758 certamen
507 4704 536 4756 et
550 4699 670 4768 luctam,
687 4703 716 4755 et
739 4700 783 4770 (ut
797 4699 838 4755 ita
853 4699 897 4756 di·
951 4686 1230 4767 Nabuchodonosor,
1243 4718 1260 4756 a
1274 4699 1383 4772 quihus
1398 4699 1476 4755 iuda
1490 4704 1519 4755 et
1529 4700 1692 4758 ierusalem
1703 4706 1776 4758 tem·

68 4796 146 4860 cam)
157 4791 325 4866 amplexum
337 4807 404 4847 curu
416 4794 473 4846 Deo
484 4788 681 4864 congreditur,
692 4787 896 4861 amplexantis,
953 4789 1093 4862 plumquc
1102 4790 1242 4846 subversa
1252 4794 1332 4845 aunt.
1340 4789 1411 4844 utut
1419 4787 1495 4845 scias
1503 4805 1536 4846 eo
1548 4794 1678 4863 tempore
1686 4790 1778 4849 luisse

67 4880 99 4963 id
115 4883 170 4952 est,
186 4879 326 4937 luctantis
342 4880 463 4935 sortitus
489 4883 533 4934 est
555 4893 673 4934 nomen.
699 4876 804 4933 Nullus
819 4859 934 4934 enimi}
953 4878 1081 4945 Abacuc,
1093 4877 1222 4949 quojam
1235 4876 1402 4946 duaejtrihus
1413 4894 1477 4949 que
1485 4879 1664 4935 vocabantur
1673 4879 1775 4949 ludas,

68 4975 131 5029 tam
147 4969 250 5027 audaci
266 4985 335 5025 voce
349 4985 440 5025 ausus
464 4973 509 5024 est
532 4967 625 5023 Deum
647 4967 684 5023 ad
709 4966 896 5038 disceptatio·
951 4967 1045 5023 ducta
1058 4965 1181 5021 erantin
1194 4964 1776 5040 captivitatem,t)anieldoceratepoterit‚

68 5055 659 5135 nemjustitiaprovocareetdioereei:
685 5055 788 5112 Gurin
809 5056 897 5111 rebus
952 5055 1088 5126 adquam
1105 5054 1135 5111 in
1151 5054 1247 5111 lacurn
1264 5052 1380 5110 leonum
1412 5055 1529 5117 Abacuc
1556 5071 1625 5112 curu
1653 5054 1776 5128 prandio

69 5148 221 5214 humanis,
235 5152 264 5205 at
278 5148 308 5203 iu
324 5147 426 5202 mundi
449 5146 535 5202 istius
550 5143 678 5213 πολιτείᾳ
693 5148 775 5200 tanta
798 5159 897 5199 rerum
951 5143 1079 5200 mittitur
1094 5145 1180 5216 (Dan.
1193 5143 1278 5214 xviri:
1292 5159 1473 5215 quamquam
1485 5143 1562 5215 apud
1574 5143 1706 5200 llehreos
1716 5143 1777 5201 hec

68 5242 204 5295 versatur
213 5235 375 5309 iniquitas?
386 5235 421 5306 (c)
430 5234 600 5305 Vociferatur
610 5234 647 5288 ad
658 5235 898 5306 teoimpatiens,et
951 5232 1016 5306 ipsa
1030 5250 1088 5288 uon
1102 5231 1216 5305 legatur
1230 5230 1364 5288 historia.
1393 5231 1486 5306 Igitur
1500 5232 1560 5288 sive
1583 5232 1650 5304 quis
1675 5231 1777 5307 recipit

68 5342 126 5393 non
139 5326 281 5389 micabis?
293 5326 383 5395 Quare
391 5323 534 5381 camunti
543 5324 614 5380 mibi
624 5323 801 5394 iniquitatem
813 5330 840 5378 et
854 5322 895 5377 la·
951 5322 1133 5395 Scripturam
1150 5319 1243 5390 illam,
1260 5318 1320 5377 sive
1336 5336 1395 5376 non
1410 5319 1524 5392 recipit,
1543 5324 1703 5395 utrumque
1725 5337 1777 5394 pro

103 5485 148 5573 (a)=
162 5484 208 5542 sl.
224 5500 324 5542 nomen
339 5483 586 5541 hoclmhactucb.
601 5486 693 5538 Penes
708 5481 816 5539 Viator.
833 5473 897 5538 Ἀὅ-
951 5487 1012 5540 nat.
1159 5552 1165 5564 ι
1220 5552 1226 5562 .
1358 5551 1363 5562 ,
1530 5550 1536 5564 ⁸

67 5550 396 5702 6⁰¹iiiuiielertlteginae
411 5642 469 5685 ms.
481 5621 658 5701 περίλημμα,
669 5625 747 5699 quod
758 5623 836 5683 idem
851 5641 897 5682 se·
951 5552 1304 5699 qkeiffippgrggffi,
1319 5551 1658 5694 iiffssssffilllum'
1675 5554 1776 5631 Um
