3840 6098
63 254 131 320 637
308 253 554 340 transitumn
577 248 829 318 HOMILIARDM
851 250 1036 317 datuurus
1058 253 1098 318 IN
1119 253 1335 323 iuuentuti.
1358 258 1456 323 ΗΟΜ.
1478 255 1545 324 vll.
1716 249 1776 320 638

64 395 173 448 tamen
191 407 269 448 nuno
284 408 342 448 non
357 390 501 448 babemus
514 390 604 447 etiam
623 387 765 446 Zabulum
785 392 897 461 patrem
911 390 940 457 Α
954 392 1020 461 post
1031 388 1189 447 adveutum
1204 392 1275 448 lesu
1290 391 1397 448 Christi
1410 391 1531 465 impleta
1544 403 1609 447 esee
1623 407 1688 463 qua
1698 389 1777 449 dicte

61 481 152 552 quod
163 481 254 538 etiam
265 481 301 537 de
315 480 437 537 Jnannis
447 477 570 552 epistola
580 478 788 551 approbamus,
799 477 829 531 iu
840 492 900 548 que
952 481 1022 532 sunt
1032 477 1212 535 mortificatis
1220 479 1361 537 membris
1369 479 1478 536 nostris
1486 482 1699 551 superterram,
1708 475 1775 535 cum

60 569 106 625 ita
133 569 297 626 scribitur:
315 570 409 626 Omnis
431 571 478 641 qui
491 571 631 640 peccatura
643 570 722 639 iecit,
747 565 899 622 ealdbald
949 565 1012 636 jam
1023 582 1080 622 non
1092 571 1228 638 operetur
1238 569 1292 638 [dl.
1304 570 1452 641 operatur]
1462 572 1539 625 terra
1548 584 1708 641 operasua,
1717 585 1775 624 uon

58 666 156 714 natus
170 664 213 715 eat
227 658 316 730 (ioan.
333 675 376 729 111,
392 661 431 725 8).
448 657 546 714 Toties
565 673 600 713 ex
614 655 722 712 Zabulo
738 653 898 724 nascimur,
953 654 1026 710 fiant
1036 657 1111 727 apud
1124 657 1240 726 justum
1256 672 1301 725 ca,
1318 657 1426 730 quibus
1437 662 1522 714 antea
1536 675 1602 714 caro
1614 659 1774 726 fovebatur,

60 747 188 820 quoties
196 764 363 820 peccamus.
377 745 478 803 lntelix
487 746 543 803 iste
554 745 604 819 qui
616 762 732 817 semper
742 748 899 816 generatur
953 744 1180 812 uonfornicatio,
1189 763 1247 802 non
1258 746 1776 818 immunditia‚non(blultraluxuria

60 837 225 892 aZabulo.
242 837 429 909 Rursumque
452 836 579 891 multum
600 835 703 890 beatus
719 833 769 905 qui
784 847 900 904 semper
952 849 1011 888 uon
1024 833 1169 890 idolorum
1184 836 1319 901 servitus,
1336 853 1394 891 non
1409 837 1558 893 beneficia.
1574 836 1717 892 Dominus
1731 836 1773 892 lo·

60 943 96 982 ex
112 926 180 982 Deo
197 925 338 982 nascitur.
360 925 459 997 Neque
473 924 552 980 cuim
569 922 659 980 semel
675 924 770 978 dicam
782 923 897 991 justum
953 922 1072 993 quitur:
1089 924 1160 992 Quid
1173 927 1285 995 putetis,
1309 928 1374 997 quin
1389 927 1452 981 ueni
1465 942 1559 998 pacem
1573 930 1681 982 mittere
1694 942 1775 997 snper

60 1032 95 1072 ex
112 1016 179 1071 Deo
196 1020 311 1084 natum,
327 1015 377 1071 sed
393 1030 445 1086 per
458 1013 576 1087 singula
589 1013 707 1068 virtutis
720 1027 897 1084 operosam·
953 1017 1076 1066 terrem?
1091 1014 1149 1068 Non
1163 1015 1226 1069 ueni
1237 1030 1334 1085 pacem
1347 1017 1465 1082 mittere,
1489 1014 1535 1070 aed
1548 1015 1673 1086 pledinm
1688 1015 1773 1086 (ltott.

60 1120 115 1176 per
126 1105 237 1175 justus
251 1102 386 1171 nasciturs
404 1102 481 1159 8⁰8
506 1119 540 1157 ex
565 1107 632 1157 Deo.
660 1101 718 1157 Hoc
742 1105 839 1155 autom
866 1102 900 1154 ut
952 1099 1776 1175 xxarv).Veraantequamilledcscenderet,noueratgla·

60 1194 188 1268 plenius
212 1192 306 1266 possit
329 1192 457 1264 probari,
482 1191 569 1247 etiam
582 1191 618 1246 de
633 1189 792 1246 Salvatoria
806 1186 899 1245 nostri
952 1188 1018 1244 dius
1034 1195 1255 1261 superterram,
1272 1207 1365 1262 nequo
1380 1207 1446 1247 caro
1462 1192 1686 1264 concupiscebat
1700 1193 1776 1249 800

60 1282 249 1356 quotidiana
270 1280 421 1337 nativitate
435 1279 579 1349 dicamus,
595 1278 707 1351 liquido
721 1278 751 1333 id
767 1277 899 1348 injustis
953 1277 1250 1350 adversusspiritum,
1261 1296 1356 1351 neque
1367 1280 1489 1353 spiritus
1499 1281 1776 1339 adversuscarncm.

58 1373 255 1430 abstinentes
270 1370 347 1442 quod
365 1370 395 1424 in
411 1369 535 1425 Domino
551 1366 740 1441 precesserit.
767 1367 899 1423 Salvator
953 1368 1074 1432 Quando
1089 1371 1186 1424 autem
1202 1368 1289 1436 venit,
1312 1373 1340 1424 et
1354 1370 1448 1425 edocti
1464 1386 1580 1437 sumus,
1601 1388 1664 1443 quar
1680 1372 1778 1429 carnis

57 1467 170 1518 noster
195 1458 336 1532 splendor
359 1462 404 1514 est
425 1457 535 1530 gloria,
562 1456 701 1529 splendor
726 1460 824 1512 autem
840 1473 898 1511 non
940 1471 1053 1526 »quave
1067 1456 1126 1512 sint
1139 1457 1271 1530 spiritus,
1292 1462 1321 1514 et
1335 1459 1467 1516 doctrina
1481 1460 1546 1531 ejus
1562 1461 1646 1532 quasi
1659 1460 1783 1534 gladius>

55 1549 160 1608 semel
181 1547 325 1618 nascitur,
342 1551 370 1603 et
384 1546 523 1618 deinceps
533 1545 642 1601 desinit
652 1543 752 1601 nasci:
769 1544 898 1616 quoties·
952 1542 1106 1601 immissus
1118 1545 1218 1602 divisit
1228 1563 1356 1618 carnem,
1372 1546 1401 1603 id
1412 1553 1457 1604 est
1467 1553 1575 1604 terram
1586 1566 1603 1605 a
1613 1549 1729 1622 spiritu,
1746 1553 1776 1605 et

54 1655 200 1711 cumque
215 1641 312 1694 ortum
327 1636 416 1692 luerit
430 1635 531 1691 lumen
547 1635 597 1707 (a),
622 1651 656 1690 ex
679 1650 738 1705 quo
762 1633 898 1705 splendor
952 1634 1156 1690 exterminavit
1169 1651 1233 1691 eam
1249 1636 1285 1708 (ll
1298 1635 1360 1692 Cor.
1371 1654 1410 1702 ιν,
1423 1637 1478 1709 10),
1496 1637 1566 1709 qula
1576 1638 1775 1695 mortificatio·

52 1730 174 1796 oritur,
201 1727 289 1783 toties
313 1725 406 1781 oritur
428 1727 457 1780 et
480 1723 620 1796 splendor
640 1721 750 1794 gloriae.
767 1719 899 1777 Salvator
952 1738 1019 1777 nem
1029 1722 1100 1778 Jcsu
1116 1723 1221 1779 Christi
1235 1723 1471 1781 circumferimus
1482 1725 1512 1781 in
1527 1731 1647 1799 corpore
1662 1731 1775 1796 nostro,

53 1823 169 1875 noster
183 1814 331 1887 sapientia
344 1819 390 1870 est
408 1811 469 1869 Dei.
494 1812 644 1883 Sapientia
667 1827 733 1867 vero
759 1809 899 1883 splendor
952 1814 981 1867 et
996 1811 1189 1868 nonvivimus
1199 1812 1277 1869 ultra
1286 1814 1374 1885 juxta
1384 1830 1513 1881 carnem,
1529 1815 1599 1870 vivit
1608 1821 1706 1872 autem
1716 1816 1776 1889 spi·

52 1913 105 1965 cst
120 1905 208 1962 lucis
224 1908 347 1960 aterna.
362 1902 409 1958 Sic
425 1901 515 1974 igitur
529 1899 662 1957 Salvator
676 1915 792 1972 semper
806 1899 899 1955 nasci·
952 1899 1038 1967 ritus,
1055 1904 1085 1955 et
1099 1902 1280 1958 seminamus
1291 1920 1349 1959 uon
1360 1903 1388 1958 in
1400 1920 1496 1975 carne,
1511 1904 1602 1961 sedin
1614 1904 1730 1976 spiritu,
1746 1908 1780 1961 ut

53 2002 120 2064 tur,
153 1993 310 2050 etidcirco
326 1990 416 2047 dicit:
433 1991 606 2046 dnteornner
623 1989 830 2060 cellerpenerat
844 2004 897 2056 mc,
953 2005 1010 2044 nou
1025 1993 1170 2046 metamus
1181 1991 1396 2063 corruptionem
1407 1993 1550 2064 decarne,
1563 1994 1613 2050 sed
1625 1994 1660 2049 de
1671 1993 1777 2066 spiritu

52 2103 135 2151 non,
155 2088 192 2139 ut
208 2081 330 2155 quidam
346 2079 421 2136 male
437 2077 549 2152 legunt,
564 2080 713 2148 perterruit.
739 2078 767 2132 Si
784 2094 900 2150 semper
952 2079 1042 2134 vitam
1058 2083 1195 2135 aeternum
1212 2080 1309 2151 (Galat.
1326 2097 1365 2147 vr,
1381 2081 1420 2153 8).
1436 2081 1549 2138 Dicitur
1563 2086 1661 2139 autem
1677 2100 1785 2155 pecca.

52 2191 92 2233 ex
111 2176 211 2228 Patre
226 2169 357 2226 nascitur
371 2167 524 2233 Dominus,
539 2168 627 2223 etiam
643 2173 674 2222 tu
688 2166 718 2222 in
730 2165 899 2222 similitudi·
954 2167 1067 2223 toribus
1084 2184 1091 2222 t
1118 2168 1263 2224 seminatis
1286 2172 1419 2241 triticam,
1444 2179 1470 2227 et
1488 2173 1778 2245 apinarmctitia(1er.

53 2280 133 2320 nem
149 2262 222 2332 ejus
232 2262 348 2314 tantum
361 2256 526 2329 adoptionis
536 2256 678 2328 scriptum
689 2256 812 2322 babens,
823 2270 901 2311 sem·
953 2272 1005 2323 xri,
1023 2256 1077 2328 13).
1093 2257 1146 2320 Oui
1161 2257 1239 2312 enim
1255 2274 1349 2330 neque
1360 2259 1446 2328 juxta
1460 2259 1639 2316 voluntatem
1652 2261 1781 2333 Scriptu-

54 2368 115 2428 per
133 2347 293 2422 generaris
306 2363 323 2403 a
337 2346 396 2402 Deo
420 2361 471 2417 per
495 2344 628 2418 singulos
649 2343 825 2414 intellectus,
850 2360 902 2415 per
955 2361 1066 2412 rarum,
1082 2361 1176 2416 nequa
1187 2347 1273 2416 juxta
1287 2346 1355 2402 fidei
1369 2348 1520 2402 veritatem
1537 2348 1646 2419 proiert
1661 2347 1778 2420 eloquia

55 2439 193 2514 singula
207 2453 306 2509 opera,
317 2434 480 2492 ctetficaris
490 2433 569 2490 filius
580 2434 631 2490 Dei
647 2434 677 2489 in
691 2432 899 2501 christetem,
955 2435 1016 2500 Dei,
1033 2433 1159 2490 seminat
1172 2435 1314 2503 triticum,
1339 2440 1367 2490 et
1389 2435 1472 2491 metit
1485 2435 1597 2508 spinas.
1613 2441 1674 2492 Hoc
1688 2437 1776 2494 bare·

59 2532 112 2587 cui
140 2531 192 2584 est
215 2525 310 2600 gloria
329 2529 358 2582 et
376 2523 534 2598 imperium
549 2523 579 2578 in
594 2522 700 2578 saecula
714 2521 899 2578 saeculorum.
955 2522 1005 2578 tici
1019 2522 1130 2578 iaciunt
1145 2523 1195 2595 qui
1212 2522 1315 2596 legunt
1328 2523 1505 2596 Scripturas,
1521 2528 1550 2581 et
1564 2525 1664 2597 spinas
1675 2543 1733 2582 non
1744 2526 1781 2582 de

62 2626 181 2675 Amen.
470 2637 474 2642 ·
957 2610 1042 2668 libris
1053 2612 1173 2679 sanctis,
1186 2613 1237 2668 sed
1247 2613 1283 2669 de
1294 2612 1419 2685 propriis
1430 2613 1567 2669 sensibus
1576 2617 1699 2670 metunt.
1711 2615 1783 2670 Cleri

327 2719 477 2776 popum
491 2717 658 2773 sgpqpqp,
956 2715 1052 2756 eornm
1065 2716 1121 2756 non
1134 2700 1286 2772 proderunt
1300 2704 1349 2756 eis.
1365 2705 1430 2756 Haec
1445 2705 1512 2756 ante
1523 2717 1569 2757 mc
1579 2701 1628 2757 alii
1638 2717 1782 2774 exposue-

67 2814 110 2870 De
123 2830 164 2869 eo
178 2810 260 2884 quod
275 2807 418 2879 scriptum
433 2810 497 2862 est:
513 2807 703 2861 determinata
716 2814 757 2861 est
771 2805 903 2860 extermi·
958 2793 1037 2861 luni>
1052 2793 1081 2845 θῑ
1091 2790 1160 2860 (1⁰1⁸
1172 2807 1229 2846 ⁰⁰¹1
1243 2790 1376 2863 ifflPl⁰b⁰
1389 2789 1657 2863 interpretationem
1667 2808 1779 2863 mlum,

105 2887 158 2941 nio
174 2883 266 2939 omnis
278 2889 371 2947 terre3
395 2883 425 2933 et
438 2878 468 2933 in
483 2877 582 2934 istud:
603 2877 769 2932 tinctorium
784 2877 902 2948 (terem.
957 2878 1143 2934 consentiens
1158 2880 1291 2935 eamdem
1307 2879 1432 2950 protero,
1447 2896 1506 2935 non
1521 2879 1606 2952 quasi
1622 2880 1685 2951 ipse
1699 2896 1780 2951 repe·

106 2973 163 3024 ¹11,
181 2955 228 3022 11,
243 2956 273 3008 θῑ
286 2968 357 3018 ³¹11,
375 2950 410 3021 1)-
958 2965 1057 3034 rerim,
1082 2968 1133 3023 sed
1148 2971 1263 3040 reperta
1273 2968 1337 3040 jam
1353 2972 1496 3040 repetens,
1523 2972 1556 3023 ut
1570 2968 1644 3023 mibi
1660 2968 1779 3041 pariter,

106 3063 189 3120 snt
217 3059 288 3123 Ouia
302 3060 347 3114 est
361 3056 416 3112 iste
438 3056 489 3128 qui
513 3055 604 3111 dicit:
630 3060 744 3127 Propter
758 3070 801 3110 me
813 3057 903 3110 eeter-
957 3056 1098 3128 vobisque
1114 3057 1276 3112 conducat:
1293 3056 1318 3112 ei
1328 3061 1427 3113 tamen
1439 3073 1502 3128 quer
1513 3056 1636 3113 dicenda
1648 3061 1726 3126 sunt,
1739 3058 1781 3113 in-

73 3155 187 3209 ncnatu
201 3153 244 3204 est
255 3147 419 3205 estaminia
429 3147 518 3201 omnia
529 3147 629 3201 terra?
643 3143 777 3200 Christus
788 3144 849 3199 baec
859 3142 900 3198 lo·
916 3129 938 3197 G
957 3148 1056 3200 tentus
1079 3144 1197 3201 animus
1222 3145 1359 3218 excipiat.
1377 3143 1436 3201 Noa
1451 3145 1501 3217 qui
1517 3150 1656 3218 putamur
1670 3145 1780 3220 aliquid

74 3242 195 3313 quitur:
208 3254 278 3294 nam
290 3241 357 3292 autc
366 3234 523 3291 adventum
532 3231 825 3304 ejusmultaquidem
838 3248 903 3305 pec·
957 3249 1032 3300 esse.
1047 3233 1076 3288 id
1094 3237 1148 3302 cat,
1164 3233 1216 3306 qui
1229 3234 1258 3289 iu
1271 3234 1426 3291 clericatus
1436 3235 1518 3290 vobis
1530 3234 1633 3291 ordine
1645 3235 1782 3307 praeside-

72 3337 136 3387 tate
147 3326 311 3385 fueruntin
325 3323 431 3399 populo
447 3322 547 3392 lsrael,
562 3323 612 3378 sed
627 3321 769 3378 Dominus
784 3321 904 3377 veniens
958 3340 1036 3389 mus,
1053 3322 1199 3379 intantum
1214 3328 1248 3379 ut
1258 3323 1376 3395 quidam
1389 3324 1424 3379 de
1434 3322 1540 3379 minori
1551 3323 1643 3397 gradu
1654 3324 1690 3380 ad
1703 3324 1783 3383 huno

71 3416 229 3489 probibuit
252 3414 333 3484 talia,
359 3417 391 3468 ut
410 3413 527 3486 penitus
551 3410 796 3483 relinquerentur,
821 3414 849 3466 et
872 3410 902 3465 in
956 3410 1052 3468 locum
1069 3411 1188 3483 cupiant
1203 3413 1362 3483 pervenire,
1380 3429 1467 3469 nosse
1482 3413 1593 3468 debetis
1609 3429 1666 3468 non
1681 3413 1781 3470 statim

10 3510 13 3597 ff
69 3503 193 3581 longam
218 3504 403 3561 traderentur
425 3501 634 3574 captivitatem.
661 3501 782 3566 Quando
804 3503 903 3554 autern
957 3499 1115 3555 incoasse
1137 3499 1303 3570 salvandos,
1328 3501 1398 3573 quia
1420 3499 1516 3556 clerici
1542 3517 1670 3567 sumus;
1696 3500 1781 3557 multi

69 3594 296 3670 compleverunt
310 3607 479 3648 mensuram
496 3594 613 3661 patrum
628 3605 761 3657 suorum,
776 3592 805 3643 et
819 3587 902 3643 addi·
957 3586 1035 3644 enim
1051 3592 1080 3644 at
1095 3589 1254 3662 presbyteri
1277 3593 1409 3661 pereunt,
1434 3593 1463 3644 et
1477 3588 1543 3644 laici
1559 3588 1721 3644 beatissimi
1736 3605 1780 3645 rc·

68 3686 182 3743 derunt
191 3682 230 3739 ad
239 3679 415 3738 occisionem
426 3678 646 3750 prophetarum,
660 3677 904 3748 persecutionem·
957 3676 1128 3749 pariuntur3
1151 3678 1200 3733 aad
1218 3677 1244 3733 si
1256 3676 1388 3733 ordinem
1404 3676 1558 3733 clericatus
1572 3680 1601 3732 et
1616 3693 1782 3733 mereamur

68 3789 129 3847 que
151 3775 315 3845 justorum,
340 3773 369 3824 et
392 3766 548 3824 Salvatoris
563 3767 807 3832 interiectionem,
832 3770 903 3822 tunc
957 3765 1074 3837 pariter,
1090 3771 1120 3822 et
1134 3765 1387 3829 habeamus.0uia
1402 3766 1492 3838 igitur
1506 3769 1576 3821 sunt
1589 3765 1710 3837 quidam
1725 3765 1781 3822 ole-

68 3861 328 3934 completumcst:
339 3854 901 3916 Dimittetarvolrisrtomurvectrndesertc.
957 3853 1010 3909 rici
1027 3871 1084 3910 non
1099 3854 1141 3910 ita
1153 3854 1293 3924 viventes,
1315 3859 1348 3909 ut
1362 3858 1390 3909 et
1405 3853 1462 3926 ipsi
1486 3871 1521 3910 cx
1543 3854 1644 3910 ordine
1663 3854 1780 3926 capiant

64 3950 107 4010 Et
124 3950 201 4024 quie
215 3946 267 4005 iste
281 3947 317 4003 ab
333 3945 386 4015 eie,
405 3962 468 4019 qus
482 3945 512 4000 in
528 3944 683 4017 Evangelio
698 3943 808 4017 scriptu
821 3948 901 4015 suut,
957 3942 1096 4011 fructum,
1121 3947 1150 3999 et
1165 3947 1336 3999 ornamento
1351 3959 1410 3998 suae
1426 3942 1486 3999 sint
1500 3942 1655 4015 dignitati:
1672 3942 1780 4000 idcirco

61 4054 185 4111 passus
208 4039 273 4092 est:
297 4034 407 4091 idcirco
432 4050 509 4089 nunc
525 4033 651 4089 dicitur:
667 4034 840 4089 Ectenninio
854 4049 902 4089 ea·
958 4032 1097 4103 aiuntqui
1107 4035 1305 4104 exposuerunt
1312 4031 1525 4104 prophatamic)
1533 4029 1779 4089 nuncdicentem:

64 4130 232 4187 terrntm
253 4129 294 4180 est
318 4127 410 4181 omnis
433 4131 517 4179 terro.
536 4122 612 4179 8⁰8
627 4123 708 4187 Quod
724 4122 750 4177 si
765 4121 903 4179 subtilius
958 4120 1031 4177 Cleri
1043 4138 1135 4177 eorvvr
1150 4120 1780 4193 nonproderanteir(ier.x11,13);utilitas

61 4217 203 4276 volueris
218 4212 398 4286 intelligere:
418 4213 533 4283 Propter
546 4227 589 4268 me
603 4212 786 4267 extenninnto
801 4217 840 4267 ert
854 4227 903 4267 ex·
957 4209 1066 4282 quippe
1077 4207 1231 4265 clericatus
1241 4226 1297 4265 non
1310 4209 1338 4264 in
1350 4226 1383 4266 ao
1393 4214 1448 4275 est,
1466 4209 1490 4265 si
1504 4208 1610 4282 aliquis
1622 4210 1652 4265 in
1664 4210 1781 4282 agmine

64 4308 207 4365 tunninio
221 4304 311 4360 eumn
325 4310 419 4358 tenu:
442 4299 597 4356 considera
611 4316 676 4355 eam
692 4316 756 4371 qua
770 4299 801 4355 in
817 4305 845 4356 te
858 4304 904 4356 eat
957 4299 1058 4354 sedeat
1072 4299 1317 4370 presbyterorum,
1335 4298 1385 4354 sad
1401 4298 1517 4369 sijuxts
1527 4297 1623 4354 locum
1637 4315 1736 4368 suum,
1751 4301 1781 4353 et

63 4394 226 4469 quomodo
249 4389 442 4448 exterminata
466 4389 505 4444 sit
528 4392 615 4455 terra,
640 4393 669 4444 et
687 4393 757 4444 tunc
780 4387 901 4459 videbis,
955 4387 1039 4457 juxta
1049 4390 1191 4459 praecepta
1200 4386 1315 4442 Domini
1325 4386 1568 4458 diguusinccdat.
1580 4386 1697 4455 Verum,
1709 4385 1780 4442 cba-

107 4520 148 4593 (a)
162 4517 285 4580 Eadem,
296 4518 455 4571 annotante
469 4513 573 4569 Huetio
587 4512 830 4585 Origenianorum
849 4510 901 4569 lib.
918 4502 941 4566 D
956 4514 1110 4567 calametis
1119 4512 1221 4567 Patria.
1237 4513 1278 4566 Αο
1302 4510 1418 4566 ustinus
1429 4510 1490 4592 ipse
1501 4509 1718 4580 comparatione
1730 4525 1779 4565 ea-

61 4587 99 4660 2,
115 4606 202 4647 num.
218 4586 362 4654 24‚utitur
376 4584 574 4642 similitudine
586 4583 785 4639 Tertullianus
800 4582 902 4654 Apulo
957 4583 1023 4638 dem
1038 4583 1255 4655 generationem
1295 4582 1356 4637 erbi
1372 4582 1495 4653 explicat
1512 4580 1561 4635 lib.
1577 4598 1606 4636 v1
1623 4581 1657 4636 de
1672 4580 1775 4635 Trinit.

63 4669 145 4732 get,
163 4676 229 4732 cap.
243 4660 277 4713 21
291 4675 298 4714 :
321 4659 413 4713 Etiam
433 4672 496 4712 carn
510 4655 606 4711 radius
620 4672 655 4711 ec
669 4655 725 4711 rote
738 4656 816 4726 parri
834 4655 900 4726 itur,
954 4653 1019 4726 ipso
1035 4654 1129 4716 initio.
1144 4653 1194 4710 sed
1207 4670 1265 4708 non
1276 4654 1377 4708 eadem
1390 4653 1457 4707 iude
1468 4651 1595 4724 colligit:
1612 4656 1671 4722 lpse
1686 4652 1778 4717 Arias,

60 4736 165 4799 peno
179 4747 217 4789 ex
229 4745 346 4785 ramma.
363 4727 467 4783 Sedent
481 4729 535 4783 erit
548 4729 577 4781 in
594 4726 681 4793 radio,
703 4727 770 4796 quie
783 4672 849 4781 coiis
862 4733 903 4781 est
954 4725 1062 4796 inquit,
1078 4726 1182 4781 dimere
1195 4728 1303 4795 fertur:
1320 4723 1494 4795 septennes,
1505 4726 1652 4778 natusest:
1663 4723 1780 4777 sinetur

63 4808 184 4871 *adim
199 4804 414 4871 necwpnratnr
427 4799 591 4864 subeuntia,
607 4797 833 4853 redectenditnr.
862 4799 903 4853 lta
955 4806 1004 4862 est,
1020 4804 1078 4852 erat
1092 4801 1197 4860 tempas
1211 4795 1318 4866 quondo
1332 4811 1389 4849 non
1404 4799 1462 4849 erat
1477 4795 1587 4855 Filius:
1602 4809 1658 4848 nen
1671 4793 1779 4847 intelli·

62 4875 105 4933 de
128 4876 238 4948 Spiritu
256 4871 382 4944 spiritns,
406 4874 433 4926 et
447 4870 480 4925 de
493 4870 546 4925 Deo
560 4871 642 4931 Deus,
658 4877 689 4923 ut
703 4869 796 4924 lumen
809 4869 841 4925 de
857 4867 901 4923 lu·
955 4884 1032 4939 pens,
1048 4868 1243 4922 ctiomnatnrn
1257 4882 1322 4933 aare,
1340 4867 1391 4921 Deo
1405 4868 1683 4936 semproniensi,
1700 4867 1781 4919 nteit

62 4949 152 5005 trine
167 4959 329 5001 racemum:
344 4944 438 4998 nannet
452 4943 560 5010 integra
581 4945 607 4996 et
632 4939 764 5010 indeiecta
785 4942 904 4996 materia
956 4942 1103 4996 οοιοὶονοοο
1118 4939 1196 4992 Patri
1215 4939 1315 5002 Filias,
1341 4939 1412 4992 aient
1434 4936 1569 5007 splendor,
1586 4938 1634 5007 qai
1654 4936 1781 5004 qipnitnr

63 5019 191 5083 πιοιπζτ,
210 5016 260 5071 etsi
292 5014 366 5069 iares
379 5013 445 5068 inde
461 5012 584 5068 traduces
599 5012 742 5084 qualitatis
756 5012 901 5068 nrntueric.
956 5011 990 5066 nb
1005 5012 1078 5078 inne.
1094 5014 1177 5080 atque
1189 5008 1366 5082 diffunditur,
1381 5023 1488 5065 comune
1502 5007 1549 5063 illi
1562 5011 1613 5073 est,
1627 5009 1728 5063 eterret
1739 5022 1781 5064 cc·

67 5086 113 5147 tra
128 5093 159 5145 et
172 5086 244 5159 qaod
277 5086 362 5141 eDee
382 5082 538 5156 profectam
563 5092 611 5149 est,
637 5087 709 5138 Dens
731 5091 781 5149 ert,
805 5087 830 5139 et
854 5083 904 5138 Dei
957 5083 1208 5147 intercessisset
1223 5082 1438 5150 enarraremus.

65 5157 174 5221 Filias,
197 5160 225 5213 et
237 5173 310 5212 unus
323 5156 414 5210 ambo.
438 5154 550 5220 Quibus
565 5154 626 5209 haec
641 5154 786 5209 adsonaut
799 5170 815 5210 o
829 5153 902 5209 libro
992 5152 1029 5223 (l)
1046 5152 1100 5207 Pro
1116 5153 1189 5207 ultra
1203 5152 1327 5214 lumerto,
1343 5152 1420 5232 quod
1436 5166 1470 5206 ex
1486 5149 1606 5204 Rabano
1617 5147 1665 5203 hic
1676 5147 1778 5204 rescri-

68 5236 180 5289 contra
193 5228 334 5284 Praxeam
354 5243 417 5296 cap.
440 5227 468 5292 9,
493 5227 577 5282 Peter
599 5233 653 5281 totu
677 5226 829 5281 substantie
852 5233 901 5281 ert.
958 5222 1083 5295 psimus‚
1094 5224 1235 5279 vitioseiu
1248 5222 1543 5294 vulgatrsnbtinebat,
1555 5219 1686 5275 detullerit
1694 5219 1779 5275 innn-

70 5305 168 5361 Pilius
181 5317 246 5358 cerv
260 5299 394 5355 ἀονίοοιίο
409 5298 530 5352 trituret
544 5299 642 5369 portio,
662 5298 733 5352 sicat
747 5298 806 5367 ipre
818 5296 902 5368 profi·
957 5296 1011 5350 ria.
1028 5294 1221 5351 Dissentiebat
1236 5311 1300 5349 vcro
1315 5298 1344 5349 et
1359 5294 1485 5359 Graecus,
1497 5311 1546 5344 oua
1561 5287 1779 5365 dsilqerappsa·

73 5383 175 5434 tetur:
202 5372 274 5440 Quia
293 5373 378 5427 Pater
399 5369 489 5441 nrejer
503 5384 545 5424 me
558 5376 605 5424 eat.
631 5367 713 5424 Unde
735 5366 826 5437 liquet
845 5384 903 5439 quo
957 5382 1014 5438 que
1029 5366 1169 5422 orationis
1184 5366 1275 5422 serias
1290 5365 1364 5420 ratio
1379 5363 1558 5420 concinnior.

73 5459 168 5505 sensu
183 5442 307 5499 dixerit:
320 5443 432 5497 Patrem
446 5446 472 5496 et
483 5441 587 5496 Filiam
598 5442 623 5496 et
632 5440 766 5511 Spiritum
776 5443 902 5495 sanctum
992 5438 1027 5502 tc)
1041 5436 1111 5492 Mas.
1129 5437 1209 5508 Regii
1222 5436 1299 5508 apud
1315 5435 1462 5506 Huetium,
1479 5437 1528 5506 qni
1539 5437 1721 5505 arpennem
1736 5449 1778 5499 ec,

77 5523 162 5575 anias
177 5531 235 5573 esre
247 5513 415 5580 amramis,
430 5515 458 5567 et
472 5513 557 5567 anina
570 5515 666 5578 arnus,
691 5518 716 5565 et
731 5513 815 5566 anina
827 5516 902 5582 pote-
956 5524 1017 5581 qaae
1028 5511 1163 5638 fflhm
1176 5525 1252 5563 narro
1266 5507 1347 5563 dixit.
1368 5508 1516 5579 Rabanue,
1532 5507 1581 5578 qni
1595 5509 1780 5579 exposuerant

79 5592 168 5658 notu,
193 5591 221 5645 ct
242 5586 349 5645 Filiam
374 5599 431 5641 nen
453 5582 566 5641 alicnde
588 5581 721 5641 deducere
734 5599 762 5640 rc
775 5581 903 5656 quamde
957 5596 1025 5654 prop
1061 5587 1117 5638 tem
1132 5580 1215 5649 banc,
1230 5578 1312 5637 dixit.
