3818 6104
57 278 137 342 teos
384 277 759 346 uouuuomutoautt
782 284 821 344 m
843 278 1072 345 uocantum
1095 277 1169 345 sto.
1192 277 1246 346 ιιι.
1270 285 1355 347 aar.
1383 281 1436 349 x1.
1682 253 1763 353 leue

55 412 153 469 aleia:
169 416 196 469 sl
209 414 264 469 lali
272 415 387 487 triplam
398 423 548 487 aretatem,
564 419 588 471 ot
595 416 700 488 proieci
714 415 778 472 illos
794 414 877 470 inclo-
893 414 970 483 Aet
986 414 1027 470 illi
1043 415 1182 489 quoniam
1202 415 1327 490 prelium
1343 419 1497 490 sanguinis
1512 425 1584 493 eret,
1601 420 1759 481 noluerunt

58 519 134 558 mam
148 504 261 559 Domini
268 501 306 563 ad
318 505 494 563 etataariam.
512 503 603 560 Lxx:
619 508 652 562 et
666 505 755 561 dicam
769 503 877 560 odeas:
934 502 1007 558 illud
1023 504 1197 576 reponerein
1209 505 1378 577 carbonem,
1391 507 1480 576 idest,
1495 508 1523 564 in
1535 509 1762 594 gazophylacio3

56 592 89 652 Si
103 592 202 650 berem
214 599 256 648 eet
271 595 301 649 in
314 603 457 666 conspecta
466 601 563 660 rraatro,
577 592 797 650 dalealataealca
806 609 879 650 mer·
935 593 984 647 sed
1000 598 1174 648 emeruntex
1187 609 1220 650 ea
1229 611 1332 667 agrum
1347 595 1425 669 tlguli
1438 597 1466 651 in
1481 597 1663 670 sepulturam
1677 617 1758 672 pere-

56 681 146 744 cedem
173 697 273 749 meam,
298 691 348 738 aul
368 684 487 740 renuite.
511 685 545 740 El
562 685 716 738 statuerunt
730 681 881 738 mercedem
936 681 1097 752 grinorum.
1110 680 1168 737 Nos
1181 682 1259 738 enim
1271 699 1374 739 omnes
1388 685 1436 756 qui
1449 686 1592 758 peregrini
1602 689 1757 747 etadveure

56 785 149 826 eseam
172 770 289 843 triptota
303 782 455 843 arpeateos.
485 776 520 829 El
532 771 605 828 distr
621 773 754 828 Dominus
769 770 808 827 ad
819 786 879 826 me:
940 767 1021 841 Legis
1033 769 1301 843 luimus,radampti
1312 773 1761 851 pretiosissimoejussanguine,

57 858 166 931 Depone
175 874 219 915 aas
230 860 260 914 ia
274 861 477 933 conflatoriam,
485 864 510 917 et
520 862 642 933 resopita
651 862 676 916 ei
680 859 882 932 probatamesl,
937 857 966 911 in
983 857 1070 914 domo
1085 857 1165 930 figuli
1189 856 1265 916 892
1282 861 1483 934 creatorisque
1507 864 1638 920 omnium
1655 867 1762 940 sepeli-

57 949 128 1003 airat
141 947 269 1019 probatas
282 965 344 1003 sum
357 965 409 1020 pra
421 951 471 1004 eis.
487 950 520 1005 lit
533 949 588 1004 tali
601 951 719 1018 tripinle
732 952 881 1021 arpcrrleoa,
939 961 1006 1000 mur
1020 951 1048 1001 et
1062 946 1283 1018 requiescimus.
1302 948 1355 1004 Pro
1370 946 1573 1025 aldarpatque
1583 953 1693 1023 lictore,
1703 965 1762 1013 ola-

57 1041 85 1092 el
98 1037 164 1092 mebi
177 1052 221 1093 eos
236 1038 266 1092 in
275 1037 387 1093 domam
394 1038 506 1094 Domini
516 1039 547 1093 in
561 1039 764 1108 conflatoriam.
776 1040 882 1110 Cogno
939 1034 1763 1116 lauriolum)olimintorpretaluseum‚verbiambiguitate

59 1125 366 1185 arentibuelsrselitiot
374 1126 471 1199 gregis
478 1126 722 1199 pauperibus,qui
732 1142 884 1182 meamea·
941 1124 1121 1196 compulsus,
1138 1125 1214 1196 quod
1231 1126 1406 1182 statuarium
1423 1128 1609 1202 fictoremque
1624 1148 1683 1188 uno
1703 1150 1764 1190 aer·

58 1212 127 1270 data
140 1212 319 1281 custodiunt,
331 1212 451 1270 verbum
467 1231 531 1271 esse
546 1213 662 1270 Domini
677 1214 755 1286 quod
770 1213 885 1270 locutus
941 1229 1025 1268 mone
1040 1211 1195 1284 significat.
1206 1213 1298 1269 iudei
1315 1213 1507 1272 istumlocum
1519 1217 1663 1277 malitiose
1673 1221 1764 1279 inter·

57 1317 137 1370 sum,
153 1308 182 1357 et
196 1317 264 1358 vere
278 1318 341 1374 que
352 1301 422 1371 dixi,
438 1302 477 1375 (a)
487 1303 572 1358 eitad
582 1319 643 1372 eos,
659 1301 752 1370 idest,
764 1305 799 1359 ed
811 1319 884 1375 pau·
942 1305 1099 1375 metentes,
1116 1300 1236 1373 triginta
1244 1311 1407 1375 argenteos,
1422 1305 1542 1377 triptota
1553 1308 1638 1381 Legis
1646 1311 1765 1373 menda·

59 1405 143 1465 peras
157 1391 264 1465 gregis,
281 1389 307 1447 si
322 1390 405 1447 vobis
420 1389 671 1464 plaaetthomlnes
684 1391 761 1448 enirn
778 1392 849 1448 estis
859 1396 888 1448 et
940 1395 972 1445 ta
984 1395 1223 1457 commemorant,
1240 1407 1303 1463 que
1320 1391 1413 1448 lacere
1419 1393 1582 1465 jubeantur
1596 1396 1625 1452 in
1636 1396 1720 1471 Lege,
1736 1402 1766 1456 et

58 1478 150 1536 semel
166 1479 258 1536 libero
270 1479 390 1536 arbitrio
400 1497 449 1536 vos
465 1480 573 1547 creavi,
589 1481 697 1553 quibus
710 1484 740 1536 et
749 1481 778 1538 iu
790 1497 886 1537 eremo
943 1493 1061 1534 rursum
1076 1477 1197 1550 triginta
1211 1495 1260 1535 sex
1273 1479 1405 1552 aliaque
1417 1481 1625 1555 prohibeantur
1640 1485 1667 1542 ln
1679 1493 1763 1560 Lege,

60 1569 176 1633 loeutus
191 1585 274 1625 sum:
296 1569 326 1625 Si
341 1569 489 1626 coelentis
500 1586 554 1636 me,
563 1568 704 1640 ouoebona
714 1574 780 1625 aaut
793 1575 886 1636 terrac,
942 1571 971 1623 et
987 1566 1044 1622 dici
1059 1566 1312 1640 eis,utergentum
1324 1570 1528 1628 mendatorum
1536 1572 1651 1629 Domini
1663 1575 1764 1648 plaste

58 1658 202 1716 comederis
213 1659 291 1728 (leui.
307 1658 327 1730 ι)
354 1674 406 1731 pro
421 1657 476 1712 beo
489 1658 701 1731 assumptione,
718 1675 777 1732 que
795 1659 887 1731 abjeci
942 1673 996 1712 suo
1011 1660 1098 1728 etque
1114 1655 1204 1712 lictori
1215 1656 1420 1714 reddantDeo:
1436 1661 1513 1731 quod
1531 1662 1702 1734 quialacere
1714 1682 1765 1722 no·

61 1747 230 1805 universum
246 1746 512 1821 hominumgenus,
528 1751 557 1802 et
571 1763 622 1803 vos
633 1746 704 1802 mihi
721 1749 750 1803 in
760 1746 887 1819 peculie-
942 1743 1070 1810 luerunt,
1085 1761 1150 1801 esse
1161 1745 1316 1817 projectos.
1332 1745 1685 1809 Brevitorindicarevolui
1695 1752 1766 1826 quid

60 1852 124 1897 rem
139 1835 211 1910 elegi
228 1851 357 1908 gregem,
373 1840 402 1895 et
416 1836 534 1892 Creator
555 1836 686 1892 omnium
708 1836 781 1893 8⁰1
810 1836 888 1893 volui
943 1832 1080 1896 sentient,
1096 1832 1226 1904 alioquin
1237 1832 1471 1920 explanationem
1486 1854 1585 1895 eorum
1605 1839 1768 1899 laciniosis·

61 1940 183 2000 parvum
200 1924 307 1981 hebere
323 1924 498 1994 funiculum,
515 1924 626 1980 reddite
638 1924 710 1980 mibi
726 1926 888 1981 mercedem
943 1922 1050 1978 simam
1065 1920 1152 1976 tedet
1167 1920 1319 1992 revolvere,
1335 1927 1369 1978 ut
1390 1925 1426 1980 ad
1442 1926 1555 1999 reliqua
1569 1932 1765 1989 transeamus.

62 2030 170 2085 meam,
187 2013 215 2072 id
232 2018 287 2080 est,
296 2030 361 2070 mee
370 2017 512 2087 precepta
521 2017 641 2069 servate.
654 2013 703 2069 Sin
722 2019 818 2070 autem
830 2030 888 2070 non
979 2009 1071 2079 (Vere.
1097 2010 1152 2081 ll.)
1168 2010 1200 2065 Et
1225 2011 1344 2082 preciis·
1366 2014 1474 2085 oirpam
1499 2032 1588 2072 mrem
1608 2019 1765 2088 secandam,

61 2102 153 2159 vultis
168 2103 331 2159 mercedem
341 2103 470 2170 reddere,
483 2119 535 2159 neo
546 2100 677 2174 placetin
686 2103 889 2159 oculisvestrle
944 2113 1007 2172 qeae
1015 2098 1207 2170 appellabatur
1217 2102 1370 2172 luriculas,
1376 2111 1407 2157 ut
1418 2103 1590 2160 dissolverem
1596 2110 1768 2178 permunita·

63 2207 131 2249 meo
146 2191 257 2248 censeri
272 2192 401 2261 nomine,
418 2196 516 2264 aperte
530 2191 651 2260 renuite,
668 2198 697 2247 et
712 2191 797 2248 facite
812 2193 889 2264 quod
944 2196 996 2242 lem
1011 2189 1082 2242 iuter
1095 2187 1194 2243 ludam
1207 2196 1234 2243 el
1255 2187 1352 2261 [Vulg.
1368 2189 1450 2246 addit
1463 2192 1545 2263 inter]
1561 2194 1659 2251 lsrael.
1676 2196 1765 2253 Lxx:

62 2278 228 2344 rulliaoul
237 2278 432 2353 tuncquidem
441 2280 654 2352 responderunt
662 2279 754 2353 Moysi
767 2298 773 2335 ε
791 2280 890 2337 Omnia
943 2276 976 2332 dl
986 2276 1073 2347 abjeci
1086 2277 1191 2346 oirpam
1202 2276 1236 2348 (a)
1247 2277 1406 2350 secandam,
1419 2294 1483 2352 paee
1491 2282 1685 2353 appellabatur
1691 2284 1768 2356 fani·

61 2366 324 2441 quacumquelibit
338 2369 480 2437 Dominus,
497 2369 629 2440 faciemus
644 2367 740 2441 (dead.
756 2385 833 2439 xxiv,
850 2370 888 2441 3).
946 2365 1035 2431 aulas,
1051 2372 1081 2420 al
1095 2365 1259 2436 dissiparem
1276 2374 1467 2423 testamentum
1485 2370 1555 2441 qaod
1564 2378 1624 2427 erat
1639 2374 1711 2428 later
1724 2374 1770 2430 la·

63 2457 99 2517 In
113 2454 170 2515 llne
187 2461 285 2514 eutem
300 2461 466 2530 temporum
481 2474 532 2528 pro
547 2473 580 2512 eo
604 2457 682 2528 quod
697 2473 745 2513 eos
760 2456 833 2530 elegi
853 2458 890 2514 de
943 2453 1006 2510 dam
1022 2457 1046 2510 et
1059 2455 1152 2509 lsrael.
1171 2455 1203 2509 lit
1220 2453 1249 2510 in
1262 2454 1317 2510 boc
1331 2453 1395 2511 loeo
1410 2455 1528 2530 longam
1544 2461 1699 2531 cujusdam
1715 2478 1767 2518 ex·

63 2545 337 2613 memorationem,
349 2551 377 2602 et
390 2545 507 2602 liberavi
529 2545 565 2601 de
574 2545 685 2618 AEgypti
699 2545 888 2602 tormaceler-
944 2542 1151 2615 plenatlomm,
1168 2542 1259 2598 immo
1272 2542 1360 2599 tricas
1375 2542 1590 2604 inextricabiles
1604 2548 1709 2622 legisse
1720 2566 1768 2609 me

63 2651 126 2707 ree,
137 2634 339 2707 appenderunt
353 2634 516 2691 mercedem
532 2650 627 2690 meam
651 2633 773 2707 triginta
786 2651 889 2708 ergen·
945 2631 1020 2696 novi,
1037 2632 1163 2704 duarum
1173 2631 1321 2704 virgarum
1335 2633 1461 2690 launum
1476 2635 1644 2694 societatem
1657 2655 1691 2696 ex
1702 2640 1769 2697 Dae·

61 2729 140 2802 teos,
154 2741 205 2799 pro
221 2740 285 2780 meo
298 2722 551 2796 seoguinedentes
561 2723 576 2779 J
581 2724 643 2779 ude
655 2722 794 2796 proditori
804 2725 887 2797 (llari.
943 2719 1045 2777 cbielis
1060 2719 1206 2776 volumine
1221 2721 1404 2793 proterentis,
1418 2728 1446 2779 et
1461 2726 1561 2781 omnia
1575 2743 1638 2799 qure
1650 2729 1685 2785 de
1698 2747 1768 2787 cou-

61 2815 152 2886 xxvr).
169 2813 204 2869 lit
226 2812 308 2879 dixit,
324 2812 422 2884 inquit
445 2812 595 2885 propheta,
618 2811 759 2868 Dominus
779 2814 887 2883 adme,
943 2809 1042 2865 cordia
1055 2808 1766 2890 ludeetllphraimspiriluelitersentiendesunt,

62 2902 125 2958 sive
136 2902 200 2975 ipse
215 2901 359 2967 Salvator,
375 2903 460 2974 quus
471 2900 568 2975 priora
580 2905 651 2956 sunt
664 2902 761 2966 verbe,
776 2907 888 2974 petrem
943 2897 1011 2953 huic
1026 2896 1153 2970 capitulo
1164 2898 1338 2970 coaptantis.
1351 2904 1409 2956 Nos
1419 2906 1516 2957 autem
1528 2909 1650 2976 ceptum
1663 2923 1768 2980 sequa.
1828 2964 1831 2968 ι

62 2990 101 3046 ad
116 3006 148 3046 se
163 2990 293 3046 loculum
310 3005 373 3046 esse
389 2993 577 3045 contestans:
593 2990 700 3058 Proiice
715 2989 890 3046 illadadeta-
944 3005 1011 3043 mur
1025 2987 1167 3042 ordinem.
1185 2991 1343 3060 Postquam
1355 3004 1371 3042 a
1381 2989 1491 3047 ludaeis
1502 2992 1708 3052 crucifixusest
1718 3001 1770 3054 Da-

62 3080 208 3135 icarium:
225 3093 344 3150 proquo
361 3078 389 3134 in
403 3078 520 3133 Hebraeo
536 3076 642 3150 legitur
654 3081 740 3134 losse
751 3080 847 3151 (ruti),
860 3079 888 3133 id
946 3074 1046 3131 minus
1061 3079 1089 3130 et
1103 3075 1221 3148 triginta
1238 3075 1418 3148 appretiatus
1433 3079 1590 3152 argenteis,
1605 3087 1634 3138 et
1643 3083 1769 3156 pretium

61 3171 120 3235 est,
136 3166 182 3219 τὸν
197 3167 333 3235 alaerit,
349 3182 436 3238 quem
448 3182 512 3231 aas,
522 3167 642 3237 fictorem
657 3171 684 3221 at
693 3167 808 3238 fipalom
824 3184 889 3240 pos·
906 3147 927 3214 C
947 3163 1100 3237 sanguinis
1115 3164 1216 3235 ejusin
1227 3164 1408 3236 sepulturam
1416 3167 1538 3240 projecit
1547 3171 1690 3243 gentiam,
1705 3189 1768 3247 que

63 3255 780 3327 eumuedicerelltestseusus:Projioepretium
792 3273 891 3313 meum
946 3252 1200 3327 peregriueerant
1229 3252 1335 3326 aLege
1359 3256 1634 3316 elmendalisDei:
1667 3263 1768 3320 stetim

63 3344 102 3402 ad
119 3343 254 3419 llgulum,
268 3343 319 3416 qui
334 3342 452 3400 Creator
466 3347 494 3399 et
518 3343 601 3400 lictor
614 3349 660 3399 est
673 3343 816 3400 omnium.
834 3344 892 3402 Neo
946 3340 1269 3397 Dominussententlam
1280 3359 1364 3397 suem
1374 3343 1452 3400 ultra
1462 3362 1518 3401 non
1529 3346 1676 3416 differens,
1688 3355 1770 3408 Prae-

63 3431 151 3500 dixit,
159 3432 260 3505 depone
271 3449 278 3487 :
290 3431 470 3504 sed,projire‚
484 3435 516 3486 ul
531 3430 639 3487 fictoris
649 3431 890 3504 plastaequejudi-
944 3429 1010 3499 cidi,
1026 3430 1076 3496 ait,
1088 3430 1196 3497 oirpum
1215 3445 1306 3485 mam
1320 3431 1476 3500 recaredum,
1492 3449 1556 3504 qne
1572 3437 1688 3507 proprie
1704 3454 1770 3496 mea

62 3523 111 3580 eiu
127 3537 237 3578 merces
247 3520 361 3578 Domini
370 3521 555 3593 penderetur.
565 3523 597 3574 ut
605 3517 754 3592 εἰρωνικῶς
764 3521 891 3592 pretium
945 3523 1017 3585 eret,
1035 3533 1100 3589 quae
1110 3517 1151 3573 sir
1165 3516 1236 3571 mibi
1254 3517 1389 3585 berebet,
1403 3524 1434 3574 ut
1445 3519 1475 3574 in
1486 3520 1613 3579 Jeremia
1624 3523 1770 3596 perizoma

63 3626 168 3677 suum,
184 3611 282 3676 idest,
298 3610 402 3666 divinae
414 3608 585 3680 mejestatis,
600 3608 629 3663 in
638 3608 759 3682 triginta
770 3625 891 3665 cernens
946 3611 974 3662 ct
989 3606 1161 3661 cinctorium
1174 3611 1262 3677 atqua
1277 3605 1421 3674 lumbare,
1435 3608 1505 3680 sive,
1517 3614 1769 3669 utconsuetover-

64 3699 223 3773 argenteis,
234 3702 263 3755 et
277 3703 337 3754 tam
351 3697 400 3753 vili
420 3698 552 3753 mercede
567 3713 598 3752 se
614 3697 761 3769 proditum
782 3714 788 3753 :
805 3702 891 3753 Deco-
945 3695 982 3751 bo
999 3700 1073 3765 utre,
1098 3693 1195 3750 coxale
1210 3694 1249 3749 ait
1270 3692 1431 3767 appellate:
1456 3713 1519 3770 quea
1534 3701 1663 3757 secunda
1688 3700 1770 3777 virge

63 3787 259 3860 nominauit,
272 3787 394 3860 pretium
406 3801 458 3858 pao
467 3786 637 3858 appretiatus
646 3803 707 3842 sam
718 3786 752 3842 ab
767 3788 807 3842 cie
815 3803 826 3848 ,¹
838 3787 892 3843 hoc
946 3784 1094 3857 quondam
1111 3781 1256 3856 appellata
1267 3783 1415 3840 tuniculas
1424 3790 1608 3858 etpersmea‚
1625 3806 1694 3845 ame
1703 3790 1769 3848 ideo

64 3881 166 3935 autem
182 3875 312 3949 pressius
327 3880 371 3931 est
385 3873 537 3947 legendam
551 3890 618 3930 cum
632 3873 767 3931 irrisione
782 3880 811 3930 et
825 3875 891 3931 sub·
946 3873 1074 3947 projecte
1087 3877 1140 3940 est,
1157 3871 1386 3929 uldissolverem
1403 3874 1493 3946 lpdus
1507 3880 1536 3933 et
1545 3879 1769 3950 germanitatem

65 3963 241 4028 sannatione
262 3963 405 4020 dicentis:
435 3963 529 4019 l'anlo
555 3980 601 4019 me
616 3963 742 4036 populus
767 3980 849 4020 meus
864 3968 893 4020 el
947 3961 1239 4034 etqueconcordiam,
1251 3961 1768 4043 quainterlooamtuarstetlsrael,

65 4070 214 4131 pauperes
231 4053 379 4126 quondam
396 4052 503 4126 gregis,
519 4055 547 4108 et
562 4069 580 4108 a
595 4068 641 4108 me
660 4050 742 4109 electi
758 4054 788 4109 iu
803 4052 893 4122 lilios,
946 4055 973 4107 et
990 4051 1093 4106 tratres
1108 4066 1125 4104 a
1139 4066 1170 4105 se
1185 4048 1307 4105 invicem
1324 4066 1501 4124 separarem.
1518 4053 1598 4110 Utin
1623 4057 1770 4129 apostolo·

65 4144 229 4202 emendum
245 4146 332 4214 etque
345 4141 531 4198 vendendum
546 4140 638 4213 pretia
662 4141 843 4214 judicarunt.
860 4141 894 4198 tet
946 4156 1012 4196 rum
1027 4143 1056 4195 et
1077 4155 1178 4195 eorum
1194 4137 1242 4210 qui
1268 4144 1390 4212 egerunt
1404 4141 1605 4214 paenitentiam
1620 4142 1697 4203 808
1713 4163 1772 4204 nu·

66 4230 136 4301 tuli,
148 4232 190 4289 ait
208 4229 352 4287 Dominus
371 4246 422 4304 por
446 4228 893 4303 prophetam,sicutmibiaDee
947 4246 1038 4296 mero,
1055 4244 1172 4284 rursum
1197 4227 1235 4299 (d)
1251 4227 1344 4284 ludes
1359 4228 1556 4302 appellaretur
1579 4237 1608 4288 et
1631 4235 1773 4294 contltens

65 4323 165 4380 fueret
179 4320 366 4394 imperatum,
390 4318 511 4390 triginta
539 4323 701 4391 argenteos,
718 4323 746 4374 et
770 4335 827 4375 non
844 4335 894 4375 eos
948 4318 1040 4374 Deum
1055 4333 1160 4372 suum:
1179 4315 1265 4372 lsrael
1277 4321 1412 4373 autemet
1427 4318 1773 4394 prraimstlosepbvo·

66 4410 204 4485 deposui,
221 4408 271 4465 sed
283 4409 392 4481 projeci
400 4407 557 4463 indomum
568 4406 685 4462 Domini
697 4408 732 4463 ed
745 4408 891 4464 tlctarem:
948 4405 1772 4479 carentur‚quiincordisduritiapermanentasdixeruub

63 4502 100 4558 in
114 4502 203 4556 domo
219 4498 333 4555 Domini
344 4496 398 4554 ieci
413 4513 463 4554 eos
477 4497 653 4569 eproditare
667 4496 749 4553 reddi
759 4497 895 4553 sacerdo·
911 4512 933 4577 p
949 4495 1008 4552 Noa
1022 4495 1151 4552 babemus
1178 4509 1280 4563 reem,
1303 4495 1359 4549 nisi
1374 4494 1507 4550 cesarem
1531 4496 1620 4565 (loen.
1641 4514 1699 4567 xix,
1716 4499 1772 4570 15).

65 4589 150 4648 tibus
165 4591 193 4643 et
208 4585 370 4661 phariseis,
400 4586 465 4658 ipso
487 4585 655 4653 confitente,
680 4584 731 4657 qui
748 4584 891 4643 vendidit:
950 4582 1032 4640 Unde
1047 4601 1105 4639 non
1120 4581 1237 4637 intulit:
1264 4583 1555 4654 atirrllamlaearem
1576 4586 1774 4656 prolemsim

64 4678 194 4746 Paravi,
210 4675 319 4734 tradens
333 4675 496 4746 aaapeiaem
512 4677 616 4747 justam
630 4674 741 4745 (Mallb.
757 4691 844 4747 xxva,
857 4675 896 4748 l).
950 4680 1148 4738 testamentum,
1159 4670 1237 4743 quod
1252 4669 1341 4726 hebui
1356 4687 1423 4726 curn
1437 4670 1514 4729 Juda
1528 4678 1557 4729 et
1571 4672 1659 4730 lsreel
1669 4674 1775 4749 (usque

106 4893 147 4966 (a)
156 4890 260 4960 Verba,
271 4892 354 4949 ailad
368 4908 421 4958 eae,
437 4889 731 4964 penesllartien.non
743 4889 896 4950 habeatur:
952 4886 1050 4945 Manet
1063 4892 1161 4970 tamen
1176 4888 1338 4959 utroquein
1353 4888 1416 4944 loco
1427 4887 1593 4971 primasius
1602 4888 1775 4972 interpreta-

65 4965 150 5040 apud
168 4964 273 5031 vietor,
290 4964 484 5029 desideretur,
501 4963 529 5018 id
544 4966 593 5018 cst.
952 4960 1002 5042 tio.
1019 4959 1098 5014 Adeo
1113 4974 1190 5014 enim
1207 4963 1300 5014 totum
1317 4976 1369 5032 per
1382 4959 1482 5016 arbem
1497 4976 1561 5031 aJus
1572 4961 1774 5045 pdrlroslalim

107 5035 150 5108 (d)
165 5035 312 5093 Retractet
327 5052 369 5103 se,
385 5035 413 5091 in
438 5035 482 5090 uit
496 5032 680 5090 Victoriusin
697 5033 775 5089 buno
787 5032 896 5100 lucum,
952 5028 1101 5102 divulgata
1114 5034 1168 5094 est,
1185 5036 1217 5085 ut
1232 5033 1403 5087 emendasse
1414 5038 1515 5104 postca
1525 5036 1597 5089 satra
1607 5048 1663 5088 non
1675 5033 1772 5091 iuerat.

92 5106 153 5163 uod
167 5122 267 5189 vocem
291 5116 364 5188 titt,
379 5053 551 5188 alalaarium
574 5105 702 5170 verterit,
716 5121 783 5161 cum
800 5111 897 5162 lumen
951 5122 987 5176 At
1004 5135 1061 5174 non
1087 5118 1128 5173 ita
1143 5119 1240 5174 evenit
1268 5119 1348 5175 lseiae
1367 5134 1484 5181 xxxvur.
1504 5120 1553 5175 ubl
1580 5135 1679 5177 vocem
1703 5103 1773 5185 Βτη.

140 5193 188 5233 tm
201 5179 466 5251 Wtusssstssntsloeb
483 5177 896 5247 ull¹¹¹¹‘3illl‘2lll11205llstl·
953 5190 1034 5264 prius
1055 5206 1105 5261 pro
1124 5191 1246 5259 certauit,
1262 5195 1363 5262 postea
1378 5206 1430 5263 pro
1453 5191 1543 5262 quiete
1567 5191 1774 5265 interpretetus

63 5252 168 5308 rusus
182 5249 359 5322 evengelista
375 5265 438 5320 cap.
461 5248 633 5316 xxv11,dum
652 5247 706 5302 eit:
723 5247 898 5303 ulcerarent
952 5268 1009 5317 est:
1027 5261 1135 5333 quippe
1151 5277 1217 5315 cum
1232 5262 1397 5317 emendatio
1424 5269 1537 5332 recepta
1553 5262 1774 5346 malequam.

63 5337 116 5380 0⁰⁸
129 5323 161 5377 ia
175 5321 385 5448 “gfflmsslllli-
415 5320 493 5376 ldem
510 5319 578 5374 simil
594 5318 660 5373 ¹⁸85·
687 5335 735 5373 ⁸¹¹1
750 5319 786 5373 (¹⁰
810 5319 897 5374 VOPDO
951 5333 1039 5388 visin
1060 5331 1123 5403 ipsa
1138 5331 1312 5405 Hieronymo
1335 5338 1458 5402 utraque
1473 5333 1563 5388 simul
1586 5349 1679 5391 versio
1694 5350 1773 5392 cem·

64 5403 172 5493 pemati.
215 5391 350 5464 trabeque
364 5399 462 5449 autem
486 5390 599 5447 Grecos
614 5393 729 5446 tantum
753 5405 837 5446 voces
853 5406 897 5445 re·
953 5404 1143 5460 mixtaemt,

60 5479 329 5606 upsalensplepsos
342 5479 467 5535 videtur.
479 5476 647 5535 sicutenim
658 5476 705 5533 bio
719 5473 843 5544 πλάστην
856 5476 898 5533 ita
987 5476 1020 5546 (c)
1036 5474 1141 5530 Vocem
1157 5489 1257 5541 meam,
1273 5490 1338 5557 qun
1361 5488 1456 5546 nequa
1470 5474 1501 5529 ia
1526 5473 1625 5533 (irena
1645 5479 1775 5552 manual,

61 5551 113 5614 ibi
128 5545 208 5628 repeti
230 5569 320 5622 ουντα,
357 5566 401 5608 ure
415 5547 599 5624 cretaquile
610 5549 819 5622 interpretatio,
831 5552 896 5606 tan·
951 5561 1045 5619 neque
1060 5545 1090 5601 in
1106 5544 1209 5627 Regin.
1226 5561 1293 5612 ms,
1312 5545 1379 5601 lunc
1392 5546 1568 5604 amavimaa

62 5631 148 5702 tum,
167 5640 226 5686 nan
240 5622 328 5684 etiam
374 5620 521 5684 ebraicam
542 5619 632 5683 simul
645 5635 746 5682 vacem
761 5619 895 5685 attendit.
995 5617 1034 5698 til
1048 5615 1102 5679 Da.
1119 5615 1235 5695 espa,
1249 5615 1333 5680 ladas
1346 5617 1557 5697 appellaretur
1570 5627 1597 5683 el
1610 5619 1781 5704 aarum.
