3840 6098
159 242 244 306 ‘esni
795 236 828 304 S}
851 239 1005 305 allsaell
1028 236 1250 302 HlllllOllell
1799 238 1873 299 llll

168 391 200 433 se
211 374 330 448 placari,
346 387 413 429 cum
423 371 481 445 ipsi
490 388 550 429 non
561 374 756 432 exstruxerint
766 374 796 429 in
807 391 838 431 so
847 373 990 444 templum
1005 375 1033 440 A
1048 372 1131 446 giuti.
1149 374 1240 438 Quem
1257 386 1414 426 numerum
1430 374 1510 426 amat
1534 370 1622 440 Esau,
1650 369 1732 426 unde
1747 374 1776 426 et
1788 370 1873 427 lamb

169 462 289 537 Spiritui
305 465 416 519 sanato.
432 463 515 530 'luno
529 463 608 520 enim
620 463 953 537 prosuuteleemosynae,
964 466 994 519 et
1048 461 1143 517 sciens
1159 477 1226 517 eum
1242 459 1297 516 hoo
1322 476 1444 514 numero
1459 459 1609 527 delectari,
1626 460 1723 515 mittit
1747 461 1873 532 quedam

168 568 291 609 munera
303 567 367 623 qua
377 551 578 609 ollerunturin
587 551 684 620 altari,
696 569 764 609 eum
778 553 911 625 seipsum
924 551 992 624 quis
1048 548 1188 606 animalia
1203 549 1232 604 in
1249 564 1380 616 munere,
1392 547 1494 620 viginti
1509 554 1538 604 et
1552 549 1668 622 viginti.
1680 547 1838 622 Simulque
1849 556 1874 606 et

168 640 354 697 aedificaverit
375 639 520 713 templum
547 641 609 712 Dei,
625 646 654 698 et
682 650 749 715 pasl
767 641 991 698 edificationem

166 727 270 802 templi
277 728 354 785 dans
363 727 503 785 obtulerit
515 729 545 785 in
556 728 651 786 altari.
661 735 750 787 Porro
759 731 922 787 secuudum
932 735 992 786 tro·

167 816 326 890 pologiam,
339 823 369 874 et
382 817 594 874 adnosdioitur
606 819 657 892 qui
669 835 747 874 nuno
761 818 900 875 inlesum
909 818 991 874 Chri·

167 911 247 963 stum
259 905 419 975 oredimus,
430 905 456 963 si
466 910 563 962 tamen
575 907 722 965 eredimus
731 912 761 963 et
767 923 854 980 opere
864 907 932 963 fidei
943 923 989 962 os-

164 996 315 1053 tendimus
328 993 489 1063 veritatem,
505 999 538 1051 ut
550 1001 730 1053 revertamur
744 1001 841 1052 mente
860 996 897 1052 ad
918 995 991 1051 illud

165 1093 282 1157 tempus
296 1083 414 1155 quando
425 1083 548 1156 gentiles
558 1101 685 1151 eramus,
702 1084 918 1158 quotidievitiis
930 1100 991 1140 sar·

164 1172 287 1244 deame,
297 1187 351 1228 nso
363 1177 600 1229 exstruxeramus
615 1173 645 1229 in
663 1174 747 1229 nohis
761 1174 904 1244 templum
920 1172 989 1229 Deo.

165 1260 319 1327 Quomodo
328 1263 428 1317 antem
451 1259 630 1318 arohiteotus
659 1265 688 1317 et
703 1261 919 1317 scientissimus
933 1277 989 1316 oa-

83 1374 87 1380 ·
165 1347 713 1423 menteriuslapidemjnngitlapidi,et
723 1350 891 1406 interiorem
903 1365 989 1421 supe-

164 1439 234 1496 riori
251 1437 329 1494 ealce
337 1453 488 1511 gypsoque
498 1437 683 1511 conglutinat
695 1456 703 1495 ε
713 1439 755 1496 ita
768 1442 798 1496 st
813 1437 989 1494 architectus

164 1529 264 1601 (quem
279 1543 310 1584 se
320 1531 350 1584 et
364 1527 514 1599 aposlolus
528 1543 594 1584 esse
609 1527 702 1584 dicit:
716 1528 804 1598 Quoai
822 1529 931 1600 sapiens
945 1542 989 1582 ar·

163 1617 293 1673 ebilcctus
320 1615 532 1687 [undamentum
556 1618 638 1688 posui
663 1617 685 1687 (l
701 1620 763 1673 Gor.
795 1633 837 1683 ιιι,
867 1615 912 1688 10)
938 1618 990 1691 ;et

1047 654 1132 694 cerne
1149 638 1225 710 quod
1241 637 1304 711 ipse
1318 637 1485 693 lacoblieet
1500 644 1624 695 sanctus
1634 639 1796 711 (tameneo
1810 643 1876 694 tem·

1052 744 1268 800 porequonoo
1298 731 1442 783 aratrum
1470 733 1552 798 patre
1580 745 1634 783 suo
1664 732 1760 792 Isaac,
1776 726 1806 782 id
1828 731 1875 794 est,

1047 819 1125 882 risui
1142 820 1171 871 et
1186 821 1280 871 matre
1297 832 1351 871 sua
1377 816 1505 882 Rebecca,
1533 816 1561 871 id
1577 821 1633 887 eat,
1646 818 1814 889 pericuum
1832 817 1875 873 sed

1050 905 1162 961 vicinos
1174 904 1300 960 habehat
1310 905 1455 977 Assyrios,
1468 911 1497 962 et
1509 904 1664 962 habitabat
1674 906 1707 961 iu
1719 906 1876 977 Mesopota·

1048 995 1117 1064 mia,
1134 994 1202 1049 hino
1218 998 1307 1066 alque
1318 993 1384 1048 inde
1400 1009 1431 1049 sa
1446 994 1632 1067 cingentibus
1643 993 1770 1067 fluviis),
1781 995 1875 1068 viginti

1046 1099 1190 1138 annorum
1206 1081 1312 1155 spatio,
1328 1081 1533 1140 crucelueimo
1547 1088 1577 1140 et
1591 1083 1774 1140 avarissimo
1794 1084 1874 1140 serri-

1044 1172 1086 1227 uit
1113 1171 1229 1227 Lobana
1244 1170 1320 1242 (Gerr.
1349 1171 1446 1243 xxxii).
1475 1172 1533 1228 Neo
1549 1176 1667 1229 moveat
1685 1172 1764 1230 168
1783 1189 1873 1246 quem,

1045 1261 1134 1333 piam,
1151 1260 1177 1314 ai
1192 1258 1326 1315 dicamus
1341 1259 1455 1332 aliquos
1470 1266 1539 1317 anto
1553 1260 1643 1316 fidem
1658 1260 1774 1317 Christi
1789 1268 1818 1318 et
1829 1278 1874 1318 ex·

1044 1348 1237 1406 slruotionem
1253 1347 1354 1421 templi
1370 1350 1444 1420 ejus,
1459 1349 1588 1406 mediam
1598 1355 1717 1422 partem
1729 1368 1762 1406 se
1772 1349 1872 1407 laboris

1044 1435 1872 1510 suipossepercipere,oumapudincredulosuulluslruo

1043 1528 1092 1580 tus
1107 1524 1144 1579 sit
1156 1525 1300 1581 honorum
1315 1542 1448 1598 operum.
1466 1527 1530 1584 Non
1548 1527 1626 1582 enim
1640 1527 1750 1600 viginti
1767 1527 1873 1600 reponit

1043 1616 1073 1668 et
1087 1612 1198 1668 invenit
1213 1612 1317 1686 viginti
1331 1632 1337 1682 ;
1355 1615 1404 1670 sed
1417 1631 1482 1670 oum
1500 1615 1554 1686 [Al.
1571 1615 1608 1686 si]
1623 1615 1736 1688 viginti
1746 1632 1872 1690 reposue-

153 1722 251 1778 -quem
267 1703 476 1762 dalerusalem
486 1704 656 1761 ablaturum
671 1721 702 1762 se
713 1705 856 1762 Dominus
866 1703 988 1761 commi·
1004 1745 1029 1812 B
1044 1701 1091 1769 rit,
1107 1700 1219 1758 invenit
1234 1704 1345 1769 decem,
1362 1704 1392 1759 id
1418 1709 1472 1770 est,
1488 1704 1617 1760 mediam
1632 1709 1757 1776 partem
1774 1705 1871 1762 laboris

164 1801 262 1862 natur)
288 1793 368 1850 novit
395 1793 542 1865 quomodo
557 1809 645 1866 opera
665 1794 775 1866 jungat
800 1793 949 1866 operibus,
961 1798 990 1849 el
1044 1790 1101 1848 sui.
1117 1790 1223 1862 ludoei,
1239 1797 1268 1846 et
1283 1791 1402 1859 ethuici,
1419 1797 1448 1848 et
1461 1791 1632 1866 Philosophi
1649 1794 1745 1866 hujus
1772 1794 1869 1863 saculi

163 1882 306 1956 paulatim
321 1885 452 1937 exstruat
464 1881 607 1952 templum
624 1881 683 1938 Dei.
698 1882 928 1937 Fundamentum
940 1898 991 1938 au·

163 1977 224 2029 tem
238 1971 328 2043 hujus
343 1969 444 2042 templi
461 1971 582 2039 ponitur
594 1973 790 2043 lesus‚super
800 1986 988 2041 quemunus·

163 2059 398 2136 quisquevideat
407 2058 477 2129 quid
488 2059 611 2114 edificet
623 2076 629 2115 :
644 2059 726 2114 Alius
738 2059 861 2115 adibant
870 2075 987 2127 aurum,

165 2153 329 2222 argentum,
345 2146 456 2218 lapides
476 2147 642 2220 pretiosas;
670 2147 756 2212 alius,
770 2147 860 2220 ligus,
876 2149 987 2216 lenum,

167 2235 319 2310 stipulam.
331 2235 472 2291 Dttrihus
485 2235 572 2292 honis
586 2235 644 2292 tria
656 2237 818 2293 econtrario
833 2252 988 2309 opponun-

166 2324 309 2384 turmala.
318 2322 719 2396 lstisuutlapidesdequihus
733 2328 988 2382 exstructurumse

165 2413 329 2473 Jerusalem
342 2413 485 2469 Dominus
501 2413 772 2484 repromittit:787
784 2415 988 2484 Eeceepoprae-

164 2504 269 2580 parabo
279 2502 331 2559 tibi
339 2502 540 2580 carbunculum
551 2502 671 2574 lapidem
681 2508 769 2573 tuum,
777 2506 989 2575 etsuudomema

165 2600 214 2651 lua
226 2591 380 2665 saphirum,
402 2599 430 2648 et
441 2606 542 2663 ponam
561 2593 765 2662 propummcula
791 2601 840 2648 luo
849 2592 988 2664 jaspidem

167 2680 363 2757 [a1.jospim]‚
380 2686 589 2753 etportcsluas
617 2680 651 2736 de
676 2681 767 2752 lapide
789 2681 931 2753 crystallo,
961 2685 988 2736 ct

164 2787 277 2829 murum
300 2773 379 2825 luam
393 2768 426 2824 de
440 2768 578 2840 lapidibus
599 2769 692 2825 clectis
706 2769 782 2841 (lsai.
801 2786 854 2835 niv,
868 2769 913 2838 ll,
930 2768 985 2841 12).

162 2862 262 2933 Neque
270 2857 521 2930 enimputandum
533 2861 577 2915 ast
587 2859 752 2914 secundum
762 2857 899 2914 luduicus
907 2857 987 2913 labu-

161 2949 206 3007 las
220 2952 250 3005 et
264 2948 364 3020 inepta
376 2946 525 3019 figmenta,
537 2946 629 3003 Deum
640 2963 712 3003 auro
721 2953 750 3003 et
759 2946 885 3019 gemmis
896 2946 986 3002 adiu-

1044 1880 1200 1952 caterique
1214 1880 1264 1952 qui
1282 1880 1458 1952 sapientiam
1468 1882 1592 1952 jactant,
1608 1882 1639 1937 in
1658 1884 1798 1954 prasenti
1816 1889 1869 1939 ten·

1043 1973 1107 2023 tum
1122 1973 1253 2042 ternpore
1267 1970 1498 2026 conversationis
1506 1987 1564 2026 sua
1580 1975 1609 2026 et
1622 1970 1740 2028 laboris
1752 1972 1867 2029 leuatum

1044 2061 1071 2113 et
1086 2057 1209 2130 gloriam
1227 2059 1357 2131 capiunt,
1374 2059 1714 2132 omnisqueapaseorum
1727 2066 1758 2117 et
1767 2078 1866 2118 merres

1030 2146 1135 2201 ‚laturi
1150 2146 1247 2202 saculi
1263 2146 1385 2204 lollitur.
1400 2152 1460 2204 Hoc
1471 2153 1567 2204 aulem
1580 2148 1648 2204 ideo
1660 2149 1694 2205 lit
1709 2167 1748 2206 ne
1758 2151 1865 2222 penitus

1043 2236 1231 2307 desperantes
1239 2236 1708 2308 contemnautpoeuitenliam;sed
1716 2239 1864 2312 aliquando

1043 2325 1173 2380 conversi
1192 2329 1302 2397 ponant
1325 2324 1451 2397 lapidem
1468 2343 1558 2399 super
1581 2325 1728 2400 lapidem,
1745 2333 1776 2384 et
1790 2329 1866 2384 adifi-

1043 2415 1109 2467 cent
1118 2415 1262 2485 templum
1274 2412 1333 2469 Dei.
1344 2416 1425 2480 Quod
1441 2415 1505 2471 siin
1520 2413 1734 2473 incredulitate
1741 2435 1864 2490 perman·

1042 2498 1145 2569 serint,
1162 2502 1305 2575 idipsum
1321 2504 1450 2559 medium
1467 2505 1542 2576 quod
1557 2505 1740 2561 videbantur
1759 2505 1866 2572 habers,

1042 2591 1173 2660 perdent.
1191 2591 1329 2664 Sequitur
1343 2593 1421 2648 enim
1435 2611 1440 2648 :
1461 2594 1588 2649 Percussi
1601 2611 1650 2650 uos
1665 2599 1753 2653 omia
1767 2606 1864 2666 meuse,

1041 2683 1067 2734 cl
1081 2681 1220 2750 ouriqine,
1236 2686 1262 2736 el
1277 2681 1413 2750 prandisse
1424 2684 1517 2737 omnio
1528 2697 1610 2753 opero
1622 2700 1766 2740 manuum
1775 2690 1868 2742 ouba-

1041 2784 1114 2824 rum.
1132 2768 1279 2841 Quidquid
1290 2774 1387 2827 autem
1404 2770 1535 2844 aurigine
1546 2776 1575 2827 ot
1587 2773 1743 2844 grandine
1753 2778 1783 2832 et
1793 2781 1868 2832 rento

1042 2860 1144 2914 urente
1160 2859 1331 2931 percutitur,
1341 2859 1370 2914 iu
1378 2859 1525 2932 pulvorem
1537 2861 1685 2934 redigitur
1694 2867 1726 2919 et
1736 2864 1868 2934 favillam,

1041 2944 1174 3018 nihilque
1189 2947 1218 3002 iu
1233 2964 1266 3003 eo
1283 2950 1360 3020 quod
1370 2949 1407 3004 ad
1423 2948 1575 3005 utilitatem
1589 2953 1621 3005 et
1635 2951 1779 3009 adesum
1794 2952 1870 3027 perti

162 3043 297 3096 asturum
326 3034 499 3101 Jerusalem,
515 3039 543 3092 et
566 3051 624 3092 non
648 3035 722 3092 vivis
745 3035 904 3108 lapidibus,
934 3035 985 3107 qui
1041 3040 1118 3102 neat,
1136 3035 1862 3114 invenituroucoquidamouuotaleoitDominus,

164 3143 243 3185 nunc
257 3124 414 3183 volvuntur
429 3140 518 3196 super
532 3128 651 3194 terram,
667 3127 696 3180 et
705 3125 791 3196 juxta
805 3111 1021 3180 nummaria-C
1040 3123 1176 3194 quianon
1186 3125 1374 3182 eslinvautus
1386 3127 1464 3182 ineis
1474 3127 1737 3199 quiraverteratur
1748 3133 1784 3187 ad
1796 3148 1864 3188 eum.

163 3218 277 3291 pidum,
293 3212 338 3272 vel
364 3213 449 3287 igniti
474 3213 531 3269 lida
546 3217 627 3281 sunt,
652 3217 684 3269 ut
698 3212 916 3280 carbunculus;
939 3211 984 3269 vel
1040 3213 1120 3279 Quod
1137 3213 1161 3268 si
1187 3214 1292 3270 reversi
1318 3214 1435 3283 luerint,
1451 3220 1480 3270 et
1495 3215 1714 3276 aedificaverint
1729 3220 1864 3294 templum

143 3306 214 3363 ‘loti
229 3304 372 3370 scelestes,
388 3308 417 3358 et
430 3301 462 3358 in
473 3301 613 3358 thronum
624 3302 674 3358 Dei
688 3303 851 3369 redacti,ut
865 3301 984 3374 sapphi·
1042 3300 1199 3368 Donninia
1223 3303 1343 3374 dieque
1371 3304 1513 3360 adificare
1541 3307 1693 3378 ceperint,
1723 3309 1866 3366 habebunt

161 3412 213 3451 rus
226 3413 233 3464 3
245 3391 465 3450 velinnooentia
475 3392 656 3448 othonorum
667 3408 787 3463 operum
797 3389 984 3463 simplicitate
1039 3406 1102 3462 qua
1120 3391 1277 3464 prophetias
1293 3408 1388 3448 sermo
1404 3392 1540 3449 subtexit.

160 3484 302 3555 lucentes,
320 3487 353 3538 ut
366 3479 531 3554 crystallus.
543 3480 735 3553 Diciturergo
747 3480 832 3536 nobis
848 3478 984 3535 uteonsi·
1073 3478 1166 3549 (Vera.
1180 3480 1223 3545 19,
1236 3481 1294 3551 20.)
1309 3482 1496 3539 Ponitecordo
1513 3486 1601 3539 oestro
1616 3501 1654 3541 ea
1668 3486 1719 3543 dic
1734 3490 1789 3545 rata
1801 3491 1864 3545 elia

160 3574 298 3630 deremua
314 3588 378 3644 qua
393 3574 469 3627 retro
480 3570 559 3642 passi
568 3569 713 3627 fuerimus
721 3574 878 3641 autequam
895 3568 924 3623 in
936 3584 984 3624 no·
1037 3569 1172 3639 futurum,
1188 3586 1206 3623 o
1224 3569 1271 3624 die
1285 3572 1413 3626 vicesima
1427 3579 1452 3627 et
1473 3575 1656 3643 quartanarii
1670 3581 1788 3647 menam
1803 3577 1866 3634 odic

145 3662 205 3718 ‘his
220 3660 432 3717 aedificaremus
446 3657 589 3730 templum
600 3658 661 3714 Dei.
675 3657 743 3713 Cum
753 3657 923 3725 recederitis,
937 3659 982 3712 in·

158 3750 232 3824 quit,
248 3748 285 3805 od
297 3764 426 3805 acervum
438 3747 539 3816 viciati
551 3746 749 3813 modiorumet
760 3747 858 3817 fiercrcl
867 3746 957 3802 decem
972 3763 982 3800 .-

158 3839 219 3896 sise
228 3839 315 3911 juxta
328 3836 416 3893 LXX:
443 3836 511 3891 Cum
524 3836 667 3891 mitteretis
682 3836 711 3890 ιἰι
734 3836 870 3906 cypselem
884 3836 983 3906 alciati

156 3927 261 3983 modios
277 3925 380 3991 hordei,
403 3928 429 3980 et
443 3923 539 3993 fierent
567 3922 657 3979 decem
671 3921 757 3978 modii
771 3923 880 3979 hordei.
895 3923 983 3989 Quid-

158 4016 229 4088 quid
244 4014 322 4071 enim
337 4017 406 4068 ante
418 4012 566 4067 christum
581 4011 753 4068 videbamur
765 4011 872 4068 hahere
888 4004 981 4068 uirtu-

157 4107 221 4159 tum
237 4103 441 4173 bonorumque
468 4093 602 4172 operum,
618 4117 676 4157 nou
702 4105 765 4156 erat
790 4103 980 4169 frumentum,

1038 3673 1092 3728 qua
1109 3656 1290 3728 fundamento
1300 3660 1376 3731 jacto
1386 3668 1451 3716 sum
1466 3663 1560 3733 templi
1572 3663 1702 3734 Domini,
1719 3670 1866 3737 pooitcss·

1034 3761 1085 3816 per
1098 3762 1145 3800 cor
1159 3749 1288 3802 oestrum.
1304 3748 1442 3818 Numquid
1454 3749 1516 3821 jam
1527 3765 1621 3805 semen
1636 3754 1809 3824 insenuisse
1819 3761 1864 3823 cst,

1035 3836 1062 3889 ct
1077 3834 1166 3890 adbuc
1187 3834 1290 3904 ficara
1317 3838 1397 3893 uinco
1410 3840 1437 3893 el
1461 3839 1697 3909 malueranotum,
1712 3853 1743 3899 et
1766 3846 1863 3916 bouum

1036 3923 1117 3981 olivae
1131 3941 1187 3979 nou
1198 3925 1314 3994 floruit?
1344 3942 1379 3982 ec
1392 3926 1436 3983 dic
1451 3930 1505 3982 iata
1520 3928 1696 3986 benedicam.
1715 3933 1804 3990 LXX:
1821 3939 1862 3990 Pr

1035 4015 1094 4068 uile
1106 4013 1189 4069 corda
1204 4017 1295 4069 aestro
1309 4013 1380 4070 odie
1389 4016 1442 4071 isto
1456 4024 1483 4071 et
1496 4019 1528 4072 iu
1536 4019 1684 4088 ledarum:
1699 4038 1718 4075 a
1733 4032 1861 4093 quareret

1037 4103 1165 4157 uicesimo
1174 4105 1242 4158 noui
1251 4106 1362 4172 irensis,
1374 4113 1400 4160 ei
1409 4121 1425 4159 o
1434 4105 1515 4159 dicia
1527 4122 1582 4178 qua
1594 4106 1861 4184 fundamentojacts

160 4190 211 4246 sed
227 4189 391 4246 hordeum:
407 4192 436 4245 ot
451 4189 550 4261 ipsum
574 4187 728 4256 hordeum,
744 4207 802 4246 non
818 4190 981 4247 secuudum
1035 4194 1099 4246 sunt
1113 4191 1207 4262 templi
1233 4192 1354 4259 Domini,
1376 4195 1471 4265 ponite
1485 4195 1513 4249 in
1544 4195 1675 4252 cordibus
1692 4202 1812 4257 vestris:
1834 4199 1861 4255 Si

141 4301 144 4305 “
156 4288 240 4352 spem
256 4283 285 4335 et
297 4281 365 4335 vota
378 4281 489 4344 nostra,
499 4276 577 4349 quod
589 4278 626 4334 de
640 4278 722 4334 lsaao
734 4278 870 4352 legimus,
881 4284 981 4336 cente·
1037 4281 1110 4335 ultro
1123 4290 1388 4353 coquosceturruper
1397 4290 1501 4338 terram
1511 4299 1586 4352 areo,
1603 4290 1633 4340 el
1642 4288 1668 4342 si
1677 4288 1777 4346 adbuc
1790 4291 1860 4346 niuea

157 4382 212 4424 nas
227 4366 327 4442 fruges
341 4367 430 4423 dabat
445 4367 521 4440 (Gen.
536 4371 625 4438 xxvi),
641 4368 693 4424 sed
708 4368 753 4423 vir
769 4367 896 4424 mediam
914 4384 978 4440 par·
1036 4373 1062 4426 et
1076 4370 1142 4441 ficus
1156 4372 1424 4443 eloroloqronolum,
1438 4377 1464 4428 et
1478 4375 1554 4444 liquo
1568 4375 1651 4431 oliva
1674 4393 1743 4448 quse
1755 4394 1808 4435 scu
1819 4385 1860 4450 te·

156 4461 216 4514 tem
232 4456 342 4514 laboris
357 4457 449 4512 nostri
460 4473 495 4512 ex
508 4472 542 4512 eo
557 4455 685 4512 invenire
698 4460 876 4528 poteramus,
893 4462 921 4512 et
935 4455 980 4512 di·
994 4480 1019 4546 D
1035 4470 1099 4516 roal
1113 4460 1258 4531 fructum?
1284 4461 1360 4518 odie
1374 4461 1425 4518 bac
1448 4462 1617 4520 benedicam.
1646 4468 1782 4539 Exposui,
1809 4467 1858 4535 ait,

156 4545 278 4602 sebatur
304 4546 342 4601 ad
373 4560 446 4601 nos:
478 4545 562 4600 Paulo
593 4546 667 4616 possi
701 4546 765 4600 estis
799 4547 858 4601 siue
898 4561 982 4601 causo
1035 4549 1118 4604 vohis
1132 4566 1196 4621 quae
1207 4550 1408 4608 sustinueritis
1421 4555 1580 4624 antequam
1596 4554 1860 4628 inciperetisadili·

156 4632 256 4708 (Galat
274 4650 315 4701 ιιι,
332 4633 383 4706 ll?
402 4633 502 4689 Sedet
517 4650 584 4691 oum
599 4633 777 4689 intraremus
791 4634 827 4690 ad
842 4634 979 4703 torcular,
1035 4637 1251 4710 carstemplum
1260 4656 1373 4696 meum:
1387 4657 1464 4696 nuno
1474 4658 1620 4713 exponam
1631 4645 1860 4716 quevohisren·

155 4721 979 4796 sl'quinquagintaviniamphorassupputaremus(quem
1034 4732 1100 4784 tura
1128 4727 1188 4784 sint
1207 4745 1355 4802 prospera,
1378 4730 1446 4801 quia
1474 4731 1619 4802 templum
1650 4751 1753 4791 meum
1776 4735 1857 4792 adill-

156 4828 325 4881 numerum,
341 4811 494 4884 eompletis
508 4816 620 4884 septem
649 4811 894 4879 hebdomadibus,
911 4813 979 4870 unio
1034 4833 1100 4871 aare
1114 4816 1288 4888 caprerias
1318 4818 1470 4891 disigitur
1498 4819 1642 4878 vicesima
1671 4824 1856 4897 quartanoni

138 4895 977 4971 vdivinitatisiuoludit),etputaremusnoshabarevinum,
1034 4906 1145 4962 mensis
1174 4907 1204 4962 in
1232 4923 1290 4979 quo
1313 4906 1412 4980 templi
1453 4908 1650 4967 fundamenta
1678 4919 1753 4970 sunl
1775 4915 1855 4985 jacta,

143 4989 234 5062 'quod
249 4987 378 5044 latificat
402 5004 451 5044 cor
467 4987 607 5055 hominis,
637 4986 869 5046 subtrahebatur
895 4990 979 5047 nobis
1036 4995 1110 5050 760
1126 4999 1237 5067 quauta
1251 5012 1348 5052 rerum
1365 4997 1545 5055 abundantia
1560 4998 1855 5071 lusurusit‚oonaide

158 5082 279 5136 sanatus
294 5075 672 5148 numerustrioenariuslin
683 5093 741 5148 quo
751 5077 979 5152 baptizaturDo·
1033 5090 1104 5140 rate.
1123 5084 1223 5141 Nonus
1237 5087 1283 5141 est
1297 5086 1407 5142 mensis
1422 5102 1508 5158 quem
1518 5079 1578 5143 'uos
1594 5087 1807 5162 Nouembrem,
1820 5088 1854 5147 rel

155 5162 266 5232 minus,
293 5169 322 5222 et
347 5164 479 5222 Ezechiel
494 5165 635 5222 visionem
650 5167 744 5224 ceruit
771 5167 801 5222 in
821 5169 978 5241 prophetia
1033 5173 1852 5264 Decembremdioimus.Nrsnrr(jobianimapudllehmss

158 5272 219 5314 sua
234 5255 362 5326 exordio,
375 5259 406 5311 et
415 5256 502 5327 juxta
524 5253 699 5312 Hebraicum
716 5257 882 5314 sacerdotes
897 5275 977 5315 aceo·
1019 5260 1144 5325 ¹undosis
1158 5267 1203 5318 ost
1214 5262 1338 5334 primus,
1350 5263 1400 5335 qui
1415 5263 1579 5337 appellatur
1592 5272 1701 5327 mauis
1715 5285 1851 5330 uocum:

152 5344 264 5402 ¹debant
278 5344 314 5400 ad
329 5342 525 5401 ministerium
541 5342 612 5414 Dei),
628 5347 658 5401 et
671 5343 913 5418 relinquebantur
932 5348 977 5404 vi·
1031 5367 1065 5408 eo
1080 5355 1210 5423 tompore
1226 5367 1284 5425 quo
1308 5351 1419 5410 Pascha
1435 5352 1554 5427 iaciunt,
1585 5354 1617 5412 id
1634 5361 1692 5428 est,
1709 5359 1852 5437 incipiente

138 5524 148 5534 ⁶
186 5516 228 5642 la)
243 5557 275 5623 ln
290 5558 502 5639 siliquatario..
517 5559 642 5633 abusum
649 5562 796 5640 padusa,
811 5559 930 5635 Victor..
941 5562 978 5623 od
995 5578 1070 5627 aum
1080 5566 1232 5643 pemmict.
