3840 6098
75 242 159 306 itm
482 241 858 307 COMMDNDAHioiiUM
879 240 920 304 lit
941 240 1049 306 AHOS
1071 243 1145 307 tta.
1168 244 1196 308 11
1216 246 1302 309 GAP.
1324 246 1379 312 IV.
1701 252 1780 316 tuat

71 376 427 435 etueuetitiudiceremtro
434 383 602 449 coepotrem
609 377 900 436 iaciemustbrcbum.
915 378 944 445 Α
959 395 1005 448 aa,
1020 379 1098 450 quod
1114 379 1275 436 diciturne
1298 380 1379 454 (rtis),
1395 379 1450 437 hoc
1476 383 1530 449 est,
1546 382 1627 457 quoti,
1655 384 1699 442 vei
1714 387 1781 458 quiri

71 465 145 523 Dico
156 467 233 523 enim
247 467 336 539 uobis,
351 465 558 541 quantumin.
571 467 720 541 quomodo)
730 470 902 538 potestDeus
955 466 1064 524 Deinde
1080 483 1137 539 sm,
1152 468 1211 536 100,
1227 486 1310 538 aare,
1336 470 1414 543 quod
1438 469 1564 544 legimus
1579 489 1624 529 sia
1638 474 1733 545 (niu),
1749 476 1780 533 id

69 556 264 627 detupididus
275 558 341 614 istis
348 558 490 615 suscitare
502 556 862 630 filicedhratomHgitur
872 559 901 614 et
955 559 1009 622 est,
1024 557 1173 627 eloquiam.
1190 561 1213 614 0
1236 563 1335 615 autem
1362 559 1439 632 quod
1469 559 1607 618 scribitur
1621 579 1673 635 per
1687 563 1781 623 solam

71 644 162 702 Israel
178 649 207 701 et
222 646 318 701 cuncti
336 646 473 719 haretici,
490 646 560 718 quia
583 646 731 702 habehant
745 663 833 718 opera
846 650 905 702 Sci
955 643 1082 700 litteram
1093 662 1159 715 vso,
1170 643 1262 715 αὐτοῦ,
1275 647 1303 703 id
1314 652 1370 714 est,
1382 649 1451 720 ejus,
1463 648 1619 722 significat,
1632 649 1781 726 simulque

67 733 165 790 dome
180 737 209 790 et
235 735 414 806 Gomorrha,
444 736 656 792 subvertuntur
677 739 710 791 ut
731 735 858 791 Sodoma
872 738 901 792 et
954 734 1145 791 commixtum
1157 735 1262 809 legitur
1273 753 1362 793 nasio
1373 738 1528 810 (intuitu),
1539 756 1556 795 a
1566 739 1710 812 superiori
1720 758 1782 799 ver

66 821 248 879 Gomorrha:
265 827 297 877 nt
320 823 405 895 quasi
416 824 503 880 torris
519 826 622 896 raptus
636 823 672 879 de
687 823 821 880 incendio
832 823 901 880 lihe-
954 822 991 878 bo
1006 839 1042 878 ua
1057 825 1216 881 secundam
1231 825 1360 882 litteram
1372 826 1438 899 plus
1451 826 1573 886 hahens.
1587 829 1628 886 De
1640 831 1781 888 varietate

64 914 179 969 rentur.
196 911 300 968 arboe
315 912 453 984 estquod
468 912 498 968 in
523 911 665 985 propheta
688 911 835 984 legimus:
852 914 900 969 tte·
953 911 1203 984 interpretationis
1213 914 1351 982 diximus,
1361 932 1425 988 que
1434 915 1557 973 molesta
1567 917 1781 993 eritnegiigan-

65 1001 197 1056 stituetur
208 998 323 1056 Sortem
337 1003 368 1056 in
378 1003 528 1073 antiquum
541 1001 647 1074 (Erech.
661 1018 719 1067 xvi,
731 1002 793 1070 55(:
806 1005 838 1057 ut
848 1001 899 1073 qui
953 1000 1044 1067 tibus,
1055 1003 1195 1059 studiosis
1206 1009 1290 1076 grata
1303 1020 1309 1058 :
1322 1021 1400 1060 nuno
1410 1005 1446 1060 ad
1458 1021 1578 1063 sensum
1590 1023 1703 1075 eorum,
1715 1025 1780 1081 qua

67 1087 458 1159 suovitioSndomitesest,
488 1095 645 1162 postquam
674 1089 704 1144 in
719 1105 752 1146 eo
767 1090 898 1146 Sodoma
954 1088 1062 1163 scripta
1076 1096 1155 1159 sunt,
1172 1097 1368 1150 transeamus.
1385 1093 1457 1150 Dedi
1476 1097 1626 1168 stuporem
1642 1096 1780 1156 dentibus

66 1194 158 1250 opera
173 1178 309 1246 arserint,
327 1178 357 1234 in
373 1179 529 1251 antiquum
544 1178 717 1236 restituatur
731 1182 852 1234 statum.
952 1180 1068 1248 vestris,
1085 1184 1114 1236 et
1129 1197 1185 1237 non
1202 1181 1319 1239 redistis
1334 1183 1369 1238 ad
1385 1199 1443 1255 me,
1458 1182 1530 1239 dicit
1543 1184 1696 1242 Dominus.
1709 1189 1780 1244 Pro·

103 1267 200 1340 (vers.
216 1268 260 1333 12,
272 1268 329 1340 13.)
339 1271 527 1342 Quapropter
537 1274 595 1324 ttaec
603 1268 714 1339 [ocium
724 1268 786 1339 tibi,
794 1268 881 1324 iuuet
888 1286 899 1333 ,·
953 1266 1035 1323 hibui
1047 1269 1155 1327 avohis
1166 1269 1302 1343 imbrem,
1314 1276 1342 1328 et
1352 1271 1412 1344 plui
1421 1288 1511 1345 super
1518 1273 1666 1330 civitatem
1677 1291 1779 1350 unam,

64 1362 223 1429 postquam
234 1365 332 1414 autern
342 1357 400 1414 hac
409 1356 572 1431 (Vulgitoc)
585 1357 681 1432 secero
691 1358 755 1425 tibi,
766 1372 900 1427 praepure
953 1360 981 1413 et
995 1373 1085 1430 super
1099 1357 1220 1415 alteram
1237 1376 1295 1417 non
1310 1360 1382 1433 plui,
1398 1365 1427 1418 et
1440 1365 1583 1420 venerunt
1597 1364 1661 1420 duae
1677 1368 1706 1420 et
1719 1369 1780 1423 tres

66 1449 101 1502 iu
111 1461 265 1504 occurmm
280 1447 333 1504 Dei
342 1448 394 1515 tui,
410 1445 514 1513 tornet,
525 1447 670 1517 quicecce
679 1446 810 1521 sonuum
821 1462 900 1503 moa·
953 1445 1085 1503 civitates
1095 1447 1131 1502 ad
1143 1464 1233 1504 unam
1244 1453 1277 1505 ut
1286 1449 1417 1506 biberent
1428 1466 1531 1524 aquas,
1543 1455 1573 1508 et
1586 1469 1644 1509 non
1656 1458 1726 1510 sunt
1736 1471 1783 1513 sa·

64 1544 115 1603 ter,
124 1543 394 1601 etei-camosetum,
406 1545 433 1592 et
442 1536 624 1592 surrentinus
634 1535 744 1592 homiui
751 1534 899 1608 cloquium
953 1536 1030 1592 tiata
1043 1553 1049 1591 :
1061 1539 1090 1593 et
1099 1553 1152 1594 nec
1162 1537 1205 1594 sio
1215 1537 1333 1595 redistis
1345 1539 1382 1594 ad
1394 1555 1452 1607 rna,
1465 1539 1536 1597 dicit
1545 1541 1698 1599 Dominus.
1710 1542 1783 1600 Pers

63 1640 162 1694 mum,
173 1624 284 1700 [aciem
293 1625 469 1682 matutinam
482 1626 626 1694 nebulam,
635 1629 661 1681 et
670 1625 801 1695 prodiens
814 1640 900 1697 super
953 1625 1033 1680 cusei
1043 1641 1095 1681 vos
1106 1625 1136 1682 in
1146 1631 1231 1683 rento
1242 1631 1355 1696 urente,
1368 1631 1397 1684 et
1407 1629 1551 1702 aurugine
1560 1629 1783 1691 hortosuostros

65 1716 182 1772 excelso
195 1719 281 1771 terrae
291 1715 426 1771 Dominus
437 1715 510 1771 Deua
524 1715 815 1771 exercituumaomeu
826 1715 896 1786 ejus.
913 1748 937 1814 B
953 1717 983 1769 et
995 1712 1093 1770 vineas
1107 1719 1136 1770 et
1149 1714 1254 1772 oliveta
1269 1721 1357 1790 atque
1383 1718 1478 1786 iieeta,
1494 1723 1522 1775 et
1536 1735 1595 1776 non
1610 1720 1728 1777 redistis
1743 1720 1781 1778 ad

66 1803 162 1860 LXX:
176 1806 336 1874 Propterea
343 1804 501 1877 uictricium
508 1804 572 1873 tibi,
581 1803 674 1860 irruet
683 1820 694 1858 :
702 1809 900 1861 verumtamen
954 1818 1011 1869 me,
1022 1802 1094 1859 dicit
1104 1804 1255 1861 Dominus.
1267 1804 1333 1861 Misi
1345 1806 1374 1861 in
1385 1822 1436 1863 vce
1446 1811 1571 1863 mortem
1580 1807 1609 1863 in
1618 1809 1667 1865 via
1675 1808 1781 1883 AEgyp·

66 1894 899 1967 quieeictaaamrittpraeparoreatiuooceeoeamtaum,
952 1890 985 1962 ti,
1001 1894 1030 1947 st
1045 1891 1177 1964 percussi
1193 1892 1223 1948 in
1238 1894 1471 1966 gladinjuvenes
1499 1900 1624 1965 vestros,
1639 1901 1782 1956 etasoen·
1867 1954 1872 1961 ,

38 1998 40 2002 ’
65 1982 170 2039 bruel.
188 1968 261 2057 Quin¹
276 1999 335 2039 ecre
345 1985 464 2053 firmans
473 1984 646 2052 tonitruum,
662 1989 690 2039 et
700 1998 803 2040 orcam
815 1981 900 2055 epiri·
952 1981 1022 2036 dere
1037 1980 1091 2036 ieci
1107 1981 1292 2053 putredinem
1308 1988 1472 2040 castrorum
1489 1985 1684 2042 vestrorumin
1696 2000 1782 2044 nares

65 2081 137 2142 tum,
147 2080 177 2128 et
186 2072 781 2129 annuntianse'ntromiuesdtrristumeuum.
789 2072 899 2143 (aciem
952 2075 1074 2138 vestras,
1091 2074 1121 2127 et
1133 2087 1191 2127 non
1206 2072 1324 2130 redistis
1335 2073 1372 2129 ad
1388 2089 1444 2140 me,
1457 2073 1530 2131 dicit
1539 2074 1693 2132 Dominus.
1705 2076 1782 2133 Suh·

67 2177 165 2230 moue,
176 2167 205 2218 et
212 2164 360 2230 aetutem,
370 2170 398 2217 et
404 2161 562 2218 ascendens
581 2162 789 2234 superexcelso
798 2168 899 2219 terrae:
951 2160 1024 2215 verti
1039 2176 1090 2216 vos
1106 2159 1183 2216 sicut
1197 2161 1341 2218 subvertit
1354 2162 1498 2220 Dominus
1512 2163 1672 2221 Sodomam
1683 2168 1713 2221 et
1725 2165 1782 2222 Go-

64 2251 206 2307 Duminus
219 2251 293 2307 Deus
307 2251 484 2324 omnipotens
498 2266 598 2307 nomeu
612 2252 684 2323 ejus.
701 2250 755 2307 Pro
770 2265 803 2306 eo
819 2250 898 2322 quod
953 2249 1114 2316 marcham,
1132 2253 1161 2305 et
1176 2250 1245 2306 iacti
1260 2251 1334 2306 estin
1348 2252 1432 2323 quasi
1457 2252 1543 2308 torris
1569 2260 1671 2325 raptus
1685 2253 1721 2309 de
1736 2253 1782 2310 in·

66 2355 121 2396 nos
133 2339 317 2412 interpretati
330 2355 444 2409 sumus,
453 2343 606 2412 postquam,
618 2338 647 2395 in
661 2339 800 2395 Hebraico
810 2338 900 2411 scrip
952 2336 1067 2404 cendio,
1084 2341 1112 2392 et
1125 2353 1182 2393 non
1194 2338 1312 2395 redistis
1323 2339 1358 2395 ad
1372 2355 1429 2410 me,
1440 2340 1512 2396 dicit
1524 2340 1677 2397 Dominus.
1695 2340 1783 2398 idcir·

65 2434 132 2485 tum
147 2432 193 2484 est
218 2443 289 2484 acea
315 2429 411 2517 (apr),
441 2432 469 2485 et
497 2427 602 2501 Aquita
629 2427 839 2501 interpretatus
855 2430 899 2484 eat
954 2441 986 2480 co
1002 2424 1065 2481 hae
1083 2425 1187 2481 faciam
1202 2426 1266 2493 tihi,
1282 2443 1298 2483 o
1314 2427 1412 2496 lsrael,
1438 2430 1470 2482 ut
1484 2428 1534 2499 qni
1549 2429 1697 2500 preterita
1711 2445 1781 2487 coa·

69 2511 198 2592 ὕστερον,
215 2515 316 2584 idest,
341 2521 452 2588 postea,
469 2521 497 2572 et
524 2516 687 2574 'theodotio
701 2518 855 2588 nouiaime,
870 2520 900 2573 et
953 2512 1780 2595 tempsisti,saltemadeaqueillaturussumporrigarie.

65 2605 265 2680 Septuaginta
277 2609 484 2675 verumtamem
509 2606 538 2661 in
564 2606 704 2663 Hebraico
720 2606 761 2662 sie
775 2604 832 2678 legi
845 2622 899 2679 po·
953 2601 1085 2674 Cumque
1102 2602 1216 2675 dixerit,
1232 2605 1289 2660 haee
1301 2607 1404 2677 sociam
1428 2606 1490 2674 tibi,
1508 2605 1578 2678 quid
1595 2605 1728 2663 facturus
1741 2605 1782 2664 sit

66 2698 144 2751 test:
163 2695 332 2768 Quapropter
346 2695 402 2751 hae
427 2697 531 2767 facicm
546 2696 607 2764 tibi,
637 2695 733 2763 irruet,
748 2699 853 2767 postea,
869 2694 898 2750 id
952 2694 1038 2759 tacet,
1054 2691 1561 2767 (c)utdumadsingu1apoenarum
1574 2693 1780 2768 generalsrael

67 2787 122 2852 est,
140 2781 237 2840 multo
252 2787 319 2856 post
333 2787 474 2857 tempore,
490 2788 519 2841 et
533 2784 563 2839 in
587 2781 897 2853 novissimissaouiis‚
953 2779 1060 2853 pendet
1089 2780 1218 2837 incertus
1241 2782 1317 2854 (qua
1332 2783 1408 2840 m
1425 2782 1490 2840 ideo
1508 2783 1779 2854 terribiliorasunt,

67 2877 101 2928 nt
115 2888 223 2929 rursus
233 2873 269 2929 ah
286 2871 343 2929 alio
356 2872 500 2945 principio
510 2888 610 2929 versus
624 2871 764 2944 incipiat:
780 2873 900 2945 Cumque
953 2868 1626 2945 quiaomniaauspicantur),agatposnitentiam
1638 2887 1692 2929 :ne
1701 2872 1781 2930 Deus

67 2967 119 3019 hoc
131 2963 260 3033 secturus
272 2961 326 3017 sim
336 2961 396 3029 tihi,
406 2976 569 3034 praeparare
579 2963 610 3017 iu
623 2977 766 3018 occursum
780 2961 833 3017 Dei
846 2960 899 3031 tui,
951 2956 1058 3015 inierat
1072 2975 1136 3032 que
1151 2959 1291 3016 minatur.
1318 2960 1477 3034 Postquam
1503 2963 1601 3017 autem
1617 2960 1709 3018 secero
1723 2960 1778 3018 tibi

66 3050 168 3107 Israel.
181 3050 368 3122 annumque
378 3049 408 3104 in
418 3064 452 3106 eo
462 3048 525 3107 loco
539 3049 588 3106 uhi
601 3049 795 3122 Septuaginta
805 3053 899 3105 trans·
952 3063 1016 3120 qua
1031 3063 1078 3104 me
1093 3048 1237 3105 iacturum
1254 3064 1319 3106 esse
1330 3053 1486 3122 contestor,
1502 3064 1666 3122 preparare
1680 3050 1717 3107 ad
1732 3050 1779 3107 in·
1797 3112 1803 3117 ,

67 3138 214 3210 tulerunt,
228 3155 390 3212 praeparare
405 3142 433 3195 ut
457 3141 562 3196 inroret
589 3140 677 3196 Deum
691 3146 778 3208 urum,
803 3143 832 3196 et
845 3154 899 3194 nos
914 3117 936 3186 C
954 3136 1118 3192 vocandum
1133 3137 1290 3194 Dominum
1306 3143 1397 3195 Deum
1410 3141 1504 3195 tuum.
1519 3138 1624 3196 Omnis
1637 3140 1716 3197 enim
1727 3138 1780 3214 qui

65 3231 153 3303 juxta
167 3227 398 3285 'theodotionem
414 3227 747 3301 posuimuspraepcrurc
757 3229 789 3284 in
805 3243 901 3285 occur·
957 3225 1132 3283 invocaverit
1146 3243 1253 3283 nomen
1268 3227 1496 3296 Domini,saivus
1511 3228 1567 3286 erit
1580 3229 1656 3302 (icet.
1674 3230 1717 3303 ιι).
1733 3229 1778 3286 Si·

69 3320 133 3376 sum'
144 3319 197 3375 Dei
205 3317 257 3386 tui,
269 3318 464 3392 Symmachus
479 3322 508 3374 et
520 3317 627 3385 Quinta
636 3317 731 3374 linitio
746 3316 902 3374 transtnla-
956 3329 989 3370 re
1000 3331 1162 3388 preparare
1177 3315 1207 3371 in
1218 3332 1372 3372 occursum
1385 3316 1436 3373 Dei
1449 3317 1503 3384 tui,
1518 3321 1552 3373 ut
1565 3317 1728 3376 venientem
1743 3319 1781 3377 ad

69 3407 518 3481 runtpraeparureutodoeroerir
528 3410 637 3464 Deotuo
650 3424 657 3464 z
671 3407 750 3479 quod
765 3405 904 3463 Hebraico
956 3408 985 3460 te
998 3403 1165 3474 Dominum,
1181 3408 1242 3460 tota
1257 3405 1395 3462 aviditate
1418 3406 1574 3478 suscipias.
1599 3407 1656 3462 Iste
1670 3411 1715 3463 est
1730 3406 1783 3479 qui

71 3496 673 3586 dicitur,ascsrrr(u)muscarxanorcx(pnt't
680 3479 901 3584 nitipbqinrb).

72 3585 126 3643 Pro
141 3585 295 3642 montibus
309 3602 427 3659 quoque
442 3586 493 3658 qui
517 3586 657 3642 Hebraico
672 3585 812 3641 dicuntur
826 3586 904 3640 haine

73 3673 187 3746 (nnn),
210 3672 265 3731 soli
281 3673 473 3747 Septuaginta
503 3673 630 3750 βροντήν,
644 3674 673 3730 id
700 3677 753 3741 est,
770 3675 905 3729 tonitrum

73 3765 238 3819 verterunt.
252 3765 310 3818 Cur
319 3766 417 3819 autem
428 3762 470 3818 iiii
480 3765 619 3836 spiritum,
633 3766 661 3819 et
675 3779 728 3819 nos
744 3762 905 3819 dixerimus

73 3838 200 3919 neutum,
215 3851 265 3924 qui
281 3852 419 3908 Hebraico
432 3856 554 3909 vocatur
568 3868 626 3908 ιιιιιι
642 3851 723 3925 (nii),
737 3869 827 3908 eausa
840 3866 904 3908 tna-

73 3938 183 3996 nifesta
197 3943 252 4007 est,
264 3940 341 3998 m
353 3940 424 4013 quia
433 3939 488 3997 hoc
502 3941 589 3997 verbo
599 3945 628 3997 et
637 3945 733 3998 ventus
748 3945 777 3998 at
790 3942 905 4011 spiritus

73 4026 250 4103 appellatur.
260 4029 907 4103 Quodquesequitur,aunuaticmhomiuieto·

73 4118 906 4193 qsiamruumpnnerisitautnosvertimusinterpretanti-

73 4208 141 4281 hus,
149 4205 206 4264 soli
213 4207 407 4281 Septuaginta
415 4206 638 4281 transtulerunt,
645 4211 817 4266 annuntium
825 4211 855 4265 iu
862 4209 908 4266 ho·

957 3492 1782 3566 iirmattonitruum,sivemontes(d)uoniirmat,adcirins
1833 3552 1846 3564 ,

957 3597 1057 3637 vocem
1072 3580 1208 3638 calorum
1220 3581 1354 3639 cardines
1366 3587 1394 3639 et
1407 3586 1491 3638 terrra
1503 3583 1696 3640 fundamenta
1710 3599 1782 3656 qua·

958 3670 1071 3725 tiuntur
1085 3669 1170 3742 (iicet.
1181 3670 1251 3742 xvi).
1267 3670 1324 3726 lats
1334 3671 1384 3743 qui
1399 3674 1478 3728 creat
1488 3671 1636 3744 spiritum,
1652 3686 1741 3745 quem
1751 3670 1784 3728 in

958 3758 1091 3815 hocloco
1106 3776 1164 3815 non
1179 3759 1321 3831 Spiritum
1336 3769 1482 3829 sanetum,
1499 3765 1532 3816 ut
1546 3759 1674 3816 haretici
1689 3759 1787 3834 suspi-

959 3851 1082 3917 cantur;
1098 3848 1149 3904 sed
1158 3852 1279 3904 ventum
1291 3847 1500 3922 intelligimus,
1512 3849 1572 3906 sive
1586 3848 1725 3921 spiritum
1736 3848 1786 3907 ho·

959 3936 1066 3993 minis:
1079 3937 1149 4009 quia
1159 3952 1246 3993 nemo
1256 3937 1311 3995 soit
1321 3955 1385 4010 qua
1396 3937 1503 3995 suntin
1515 3938 1645 4006 homine,
1656 3937 1713 3996 nisi
1725 3937 1785 4013 spi·

960 4027 1034 4083 ritus
1049 4025 1100 4099 qui
1115 4027 1204 4083 estin
1220 4043 1253 4083 eo
1267 4051 1274 4096 ;
1290 4031 1318 4082 et
1333 4027 1397 4100 ipse
1411 4027 1534 4101 spiritus
1555 4027 1721 4103 interpellat
1735 4043 1787 4101 pro

960 4116 1045 4172 nohis
1060 4115 1219 4189 gemitibus
1233 4115 1430 4173 ineffabilibus
1452 4117 1539 4190 (Horra
1554 4118 1628 4190 vm).
1643 4116 1696 4174 Vei
1711 4120 1790 4174 certe

960 4204 1107 4277 spiritum,
1130 4203 1260 4261 animam
1288 4206 1429 4262 dehemus
1457 4207 1599 4280 accipere,
1624 4207 1790 4264 secundum

73 4297 909 4371 mimscbristumsuumrverhisimilitudineetamhiguita·
961 4293 1033 4350 iliud
1049 4280 1277 4366 qnodscriptum
1293 4300 1356 4352 est:
1372 4296 1487 4367 Auferes
1501 4297 1632 4368 spiritum
1644 4311 1749 4364 eurum,
1762 4301 1790 4352 et
1812 4355 1818 4367 ‚

75 4390 104 4444 te
115 4385 241 4459 decepti.
253 4385 283 4442 Si
295 4386 373 4442 enim
385 4385 517 4460 legamus
529 4386 667 4443 Christum
674 4403 755 4444 suum
766 4387 844 4460 qnod
856 4387 909 4444 He·
962 4383 1096 4454 deficient,
1111 4387 1138 4439 ct
1152 4386 1183 4440 iu
1202 4385 1344 4454 puluerem
1367 4403 1448 4442 suum
1471 4389 1640 4442 revertentur
1655 4386 1711 4456 (Pr,
1726 4399 1789 4452 cnr,

75 4473 1019 4548 brainediciturnrssrotrrrrmn(,scribiturperhaslitterasD19).
1036 4474 1085 4528 tit:
1101 4474 1194 4542 Potor,
1210 4475 1240 4529 in
1266 4490 1365 4530 mucro
1391 4476 1454 4529 tous
1481 4472 1636 4531 commende
1660 4473 1791 4542 spiritum

79 4563 910 4637 uarr‚sm,1ns,se·ra,etvxo,quodhXXputarsrunt.Sin
963 4566 1093 4629 meamet
1107 4562 1791 4635 boedicemecspircoit]tuc.xxr11,iti).cumqus

75 4656 218 4710 autemut
227 4652 386 4710 iniiehraeo
396 4657 450 4725 est,
457 4653 543 4725 juxta
551 4653 688 4726 Aquilam
697 4648 909 4725 (bptpbprhiav
964 4651 1105 4708 creaverit
1119 4652 1267 4724 spiritum,
1284 4652 1442 4708 annuntiat
1456 4651 1626 4708 hominibus
1640 4648 1790 4722 eloquium

76 4739 162 4796 aheni
176 4741 279 4814 :juxta
288 4741 498 4816 Symmachum
523 4740 554 4795 τὸ
567 4742 687 4819 φώνημα
712 4739 794 4795 αὐτοῦ
805 4760 812 4798 :
824 4741 911 4813 juxta
964 4756 1063 4807 suum,
1080 4739 1142 4796 sive
1157 4739 1312 4796 annuntiat
1339 4739 1453 4796 homini
1481 4739 1633 4813 eloquium
1647 4739 1723 4810 eJus,
1739 4735 1792 4811 qui

76 4829 320 4897 Theodericum,
332 4829 377 4884 τὸν
394 4827 477 4905 λόγον
491 4829 573 4884 αὐτοῦ
587 4832 687 4902 :juxta
702 4830 837 4902 quintam
849 4828 910 4886 edi·
964 4828 1174 4902 cogitationum
1190 4832 1301 4884 secreta
1315 4828 1476 4901 cognoscit,
1490 4832 1520 4885 et
1536 4827 1605 4901 quid
1621 4827 1715 4885 latens
1730 4825 1792 4883 ani·

79 4918 193 4978 donem
202 4920 252 4988 rip
265 4915 430 4994 ἀδολεσχίαν
439 4917 531 4989 αὑτοῦ,
541 4936 606 4991 quae
614 4919 912 4991 omniainterpretan·
965 4931 1033 4972 mus
1047 4915 1135 4971 tacito
1150 4931 1284 4971 sermone
1304 4919 1419 4984 tractet,
1450 4914 1596 4988 intelligit,
1618 4916 1704 4988 juxta
1716 4913 1790 4972 iliud

76 5009 227 5082 iur,quod
237 5007 276 5066 sit
285 5009 499 5081 eloquiumque,
511 5007 671 5065 hisiitteris
680 5006 909 5076 scribeturmau,
966 5005 1044 5078 quod
1060 5006 1090 5060 in
1104 5003 1232 5061 Jersmia
1255 5004 1418 5061 secundum
1444 5003 1618 5061 Hebraicum
1642 5003 1790 5078 legimus:

85 5278 91 5290 ο
116 5205 911 5294 (α)ΗοᾱίειιιιΗοὶιιιὶιιθιιιιιιρίιιίιῃὶῆοιιιιιυαιιριο

78 5277 912 5420 ιοἶῗιιῐιιιίιιιιιιιίιίιιειιίιιιιὶιιιιι.Ιοοιίοἱειιιιιιο,τίςὁμιλίαις

77 5417 338 5486 αὖτοῦνιιὲαυτοῦ,
353 5425 386 5477 ut
413 5419 443 5476 in
472 5420 538 5475 aliis
562 5424 605 5476 est
627 5419 723 5483 libris,
748 5418 912 5476 rectissime

76 5506 170 5626 posse
179 5489 294 5566 Aquilai
303 5490 574 5577 interpretationem
590 5492 632 5547 ita
643 5487 835 5575 restituirieb
847 5488 912 5563 dpa-

99 5560 129 5622 ta
144 5570 241 5636 amec,
257 5561 303 5620 vel
318 5561 426 5633 tauron,
440 5578 502 5637 qua
523 5571 691 5624 concuretio
712 5561 783 5623 tuat
797 5561 832 5622 iit
842 5575 912 5625 vcro

245 5691 382 5762 Damna
403 5690 500 5760 xxv.

966 5205 1096 5258 Humana
1109 5203 1163 5254 τῶν
1176 5200 1246 5256 LXX
1256 5199 1345 5256 editio
1357 5199 1400 5256 sic
1415 5199 1521 5256 melius
1532 5217 1621 5273 quam
1632 5201 1710 5276 apud
1725 5199 1792 5259 Hie·

966 5289 1018 5330 ron
1040 5289 1133 5336 mum,
1148 5271 1260 5344 Aquita
1274 5271 1363 5328 verha
1378 5272 1443 5345 ipsa
1456 5272 1569 5329 recitat.

1001 5289 1039 5416 (ci
1047 5344 1154 5426 'Denter
1164 5360 1241 5427 eum²
1256 5343 1305 5415 qui
1316 5344 1438 5401 Rufinus
1450 5342 1543 5414 audit,
1554 5347 1583 5401 et
1594 5343 1623 5402 S.
1635 5343 1732 5402 Patris
1742 5357 1790 5403 ex·

967 5416 1142 5490 positionem
1157 5413 1308 5488 suggillat.

1002 5487 1042 5564 (d)
1056 5487 1238 5547 iatarsarunt
1251 5486 1299 5545 hic
1313 5487 1372 5547 duo
1388 5503 1459 5547 mss.
1475 5502 1572 5564 crpus.

1589 5683 1632 5773 it
