<?xml version="1.0" encoding="UTF-8"?>
<!DOCTYPE html PUBLIC "-//W3C//DTD XHTML 1.0 Transitional//EN"
    "http://www.w3.org/TR/xhtml1/DTD/xhtml1-transitional.dtd">
<html xmlns="http://www.w3.org/1999/xhtml" xml:lang="en" lang="en">
 <head>
  <title>
</title>
<meta http-equiv="Content-Type" content="text/html;charset=utf-8" />
  <meta name='ocr-system' content='tesseract 3.04.00' />
  <meta name='ocr-capabilities' content='ocr_page ocr_carea ocr_par ocr_line ocrx_word'/>
</head>
<body>
  <div class='ocr_page' id='page_1' title='image "./patrologiaecurs07goog_0011.png"; bbox 0 0 3840 6098; ppageno 0'>
   <div class='ocr_carea' id='block_1_1' title="bbox 142 322 1847 395">
    <p class='ocr_par' dir='ltr' id='par_1_1' title="bbox 142 322 1847 395">
     <span class='ocr_line' id='line_1_1' title="bbox 142 322 1847 395; baseline -0.004 0"><span class='ocrx_word' id='word_1_1' title='bbox 142 328 185 395; x_wconf 70' lang='grc'><strong>13</strong></span> <span class='ocrx_word' id='word_1_2' title='bbox 888 326 1108 394; x_wconf 75' lang='lat' dir='ltr'><strong>PRAEFA&#39;I&#39;IO.</strong></span> <span class='ocrx_word' id='word_1_3' title='bbox 1601 358 1608 367; x_wconf 82' lang='lat'><em>·</em></span> <span class='ocrx_word' id='word_1_4' title='bbox 1807 322 1847 390; x_wconf 70' lang='lat' dir='ltr'><strong>ii</strong></span> 
     </span>
    </p>
   </div>
   <div class='ocr_carea' id='block_1_2' title="bbox 140 460 1846 2366">
    <p class='ocr_par' dir='ltr' id='par_1_2' title="bbox 140 460 1846 2366">
     <span class='ocr_line' id='line_1_2' title="bbox 143 460 1844 544; baseline -0.001 -19"><span class='ocrx_word' id='word_1_5' title='bbox 143 463 513 544; x_wconf 87' lang='lat' dir='ltr'><strong>tacerecompulsussit.</strong></span> <span class='ocrx_word' id='word_1_6' title='bbox 528 460 743 542; x_wconf 77' lang='lat' dir='ltr'><strong>Adejusanni</strong></span> <span class='ocrx_word' id='word_1_7' title='bbox 758 463 866 536; x_wconf 90' lang='lat' dir='ltr'><strong>ilnem,</strong></span> <span class='ocrx_word' id='word_1_8' title='bbox 895 463 959 525; x_wconf 87' lang='lat' dir='ltr'><strong>sire</strong></span> <span class='ocrx_word' id='word_1_9' title='bbox 985 464 1024 524; x_wconf 91' lang='lat' dir='ltr'><strong>ad</strong></span> <span class='ocrx_word' id='word_1_10' title='bbox 1054 461 1271 541; x_wconf 71' lang='lat' dir='ltr'><strong>subsequentis</strong></span> <span class='ocrx_word' id='word_1_11' title='bbox 1295 462 1417 523; x_wconf 89' lang='lat' dir='ltr'><strong>initium</strong></span> <span class='ocrx_word' id='word_1_12' title='bbox 1441 462 1555 525; x_wconf 87' lang='lat' dir='ltr'><strong>ilerum</strong></span> <span class='ocrx_word' id='word_1_13' title='bbox 1581 461 1622 531; x_wconf 86' lang='lat' dir='ltr'><strong>ab</strong></span> <span class='ocrx_word' id='word_1_14' title='bbox 1650 461 1779 523; x_wconf 89' lang='lat' dir='ltr'><strong>exordio</strong></span> <span class='ocrx_word' id='word_1_15' title='bbox 1802 460 1844 523; x_wconf 86' lang='lat' dir='ltr'><strong>ad</strong></span> 
     </span>
     <span class='ocr_line' id='line_1_3' title="bbox 142 557 1844 639; baseline 0 -19"><span class='ocrx_word' id='word_1_16' title='bbox 142 561 276 632; x_wconf 76' lang='lat' dir='ltr'><strong>tertium</strong></span> <span class='ocrx_word' id='word_1_17' title='bbox 300 578 399 637; x_wconf 90' lang='lat' dir='ltr'><strong>usque</strong></span> <span class='ocrx_word' id='word_1_18' title='bbox 427 560 544 621; x_wconf 91' lang='lat' dir='ltr'><strong>librum</strong></span> <span class='ocrx_word' id='word_1_19' title='bbox 567 559 779 620; x_wconf 88' lang='lat' dir='ltr'><strong>intermissum</strong></span> <span class='ocrx_word' id='word_1_20' title='bbox 811 559 951 620; x_wconf 88' lang='lat' dir='ltr'><strong>laborem</strong></span> <span class='ocrx_word' id='word_1_21' title='bbox 990 560 1127 638; x_wconf 88' lang='lat' dir='ltr'><strong>repetiit,</strong></span> <span class='ocrx_word' id='word_1_22' title='bbox 1161 578 1232 619; x_wconf 91' lang='lat' dir='ltr'><strong>curn</strong></span> <span class='ocrx_word' id='word_1_23' title='bbox 1267 560 1381 633; x_wconf 92' lang='lat' dir='ltr'><strong>denuo,</strong></span> <span class='ocrx_word' id='word_1_24' title='bbox 1409 565 1442 620; x_wconf 93' lang='lat' dir='ltr'><strong>ut</strong></span> <span class='ocrx_word' id='word_1_25' title='bbox 1469 561 1537 639; x_wconf 91' lang='lat' dir='ltr'><strong>ipse</strong></span> <span class='ocrx_word' id='word_1_26' title='bbox 1565 561 1610 620; x_wconf 90' lang='lat' dir='ltr'><strong>ait</strong></span> <span class='ocrx_word' id='word_1_27' title='bbox 1641 558 1736 620; x_wconf 91' lang='lat' dir='ltr'><strong>modo</strong></span> <span class='ocrx_word' id='word_1_28' title='bbox 1772 557 1844 620; x_wconf 89' lang='lat' dir='ltr'><strong>lau·</strong></span> 
     </span>
     <span class='ocr_line' id='line_1_4' title="bbox 140 654 1842 736; baseline 0.001 -21"><span class='ocrx_word' id='word_1_29' title='bbox 140 656 221 717; x_wconf 86' lang='lat' dir='ltr'><strong>data</strong></span> <span class='ocrx_word' id='word_1_30' title='bbox 244 656 284 716; x_wconf 90' lang='lat' dir='ltr'><strong>ad</strong></span> <span class='ocrx_word' id='word_1_31' title='bbox 311 656 530 718; x_wconf 84' lang='lat' dir='ltr'><strong>blareelliuum</strong></span> <span class='ocrx_word' id='word_1_32' title='bbox 555 655 714 734; x_wconf 88' lang='lat' dir='ltr'><strong>epistola:</strong></span> <span class='ocrx_word' id='word_1_33' title='bbox 753 654 819 717; x_wconf 88' lang='lat' dir='ltr'><strong>Hoc</strong></span> <span class='ocrx_word' id='word_1_34' title='bbox 846 674 925 716; x_wconf 82' lang='lat' dir='ltr'><strong>enne</strong></span> <span class='ocrx_word' id='word_1_35' title='bbox 951 655 1063 715; x_wconf 82' lang='lat' dir='ltr'><strong>subitus</strong></span> <span class='ocrx_word' id='word_1_36' title='bbox 1092 658 1215 736; x_wconf 85' lang='lat' dir='ltr'><strong>impetus</strong></span> <span class='ocrx_word' id='word_1_37' title='bbox 1235 655 1443 716; x_wconf 59' lang='lat' dir='ltr'><strong>Birrbnrorum</strong></span> <span class='ocrx_word' id='word_1_38' title='bbox 1475 675 1517 716; x_wconf 85' lang='lat' dir='ltr'><strong>are</strong></span> <span class='ocrx_word' id='word_1_39' title='bbox 1548 657 1674 736; x_wconf 78' lang='lat' dir='ltr'><strong>AEqypti</strong></span> <span class='ocrx_word' id='word_1_40' title='bbox 1709 655 1842 729; x_wconf 77' lang='lat' dir='ltr'><strong>limitent,</strong></span> 
     </span>
     <span class='ocr_line' id='line_1_5' title="bbox 142 751 1843 831; baseline 0.001 -19"><span class='ocrx_word' id='word_1_41' title='bbox 142 752 324 825; x_wconf 66' lang='lat' dir='ltr'><strong>ramese,</strong></span> <span class='ocrx_word' id='word_1_42' title='bbox 360 751 519 824; x_wconf 77' lang='lat' dir='ltr'><strong>Pirenicis,</strong></span> <span class='ocrx_word' id='word_1_43' title='bbox 544 751 644 831; x_wconf 76' lang='lat' dir='ltr'><strong>Syrius</strong></span> <span class='ocrx_word' id='word_1_44' title='bbox 668 753 858 831; x_wconf 75' lang='lat' dir='ltr'><strong><em>percucurrit</em></strong></span> <span class='ocrx_word' id='word_1_45' title='bbox 879 753 974 812; x_wconf 78' lang='lat' dir='ltr'><strong>instar</strong></span> <span class='ocrx_word' id='word_1_46' title='bbox 997 754 1136 812; x_wconf 68' lang='lat' dir='ltr'><strong>tementis</strong></span> <span class='ocrx_word' id='word_1_47' title='bbox 1165 762 1270 813; x_wconf 85' lang='lat' dir='ltr'><strong>cuncto</strong></span> <span class='ocrx_word' id='word_1_48' title='bbox 1292 772 1388 813; x_wconf 83' lang='lat' dir='ltr'><strong>seeum</strong></span> <span class='ocrx_word' id='word_1_49' title='bbox 1416 752 1546 825; x_wconf 77' lang='lat' dir='ltr'><strong>troicus,</strong></span> <span class='ocrx_word' id='word_1_50' title='bbox 1573 758 1607 812; x_wconf 92' lang='lat' dir='ltr'><strong>ut</strong></span> <span class='ocrx_word' id='word_1_51' title='bbox 1638 753 1690 812; x_wconf 88' lang='lat' dir='ltr'><strong>vix</strong></span> <span class='ocrx_word' id='word_1_52' title='bbox 1732 768 1843 813; x_wconf 86' lang='lat' dir='ltr'><strong>eorum</strong></span> 
     </span>
     <span class='ocr_line' id='line_1_6' title="bbox 140 848 1844 929; baseline 0.001 -19"><span class='ocrx_word' id='word_1_53' title='bbox 140 849 212 929; x_wconf 83' lang='lat' dir='ltr'><strong>ipse</strong></span> <span class='ocrx_word' id='word_1_54' title='bbox 239 867 351 910; x_wconf 89' lang='lat' dir='ltr'><strong>manus</strong></span> <span class='ocrx_word' id='word_1_55' title='bbox 377 849 519 929; x_wconf 86' lang='lat' dir='ltr'><strong>poluerit</strong></span> <span class='ocrx_word' id='word_1_56' title='bbox 538 850 683 919; x_wconf 81' lang='lat' dir='ltr'><strong>eradere,</strong></span> <span class='ocrx_word' id='word_1_57' title='bbox 708 849 823 909; x_wconf 88' lang='lat' dir='ltr'><strong>nedum</strong></span> <span class='ocrx_word' id='word_1_58' title='bbox 853 850 1007 922; x_wconf 88' lang='lat' dir='ltr'><strong>animum,</strong></span> <span class='ocrx_word' id='word_1_59' title='bbox 1032 868 1124 928; x_wconf 88' lang='lat' dir='ltr'><strong>quem</strong></span> <span class='ocrx_word' id='word_1_60' title='bbox 1151 851 1216 910; x_wconf 88' lang='lat' dir='ltr'><strong>lere</strong></span> <span class='ocrx_word' id='word_1_61' title='bbox 1244 850 1465 928; x_wconf 76' lang='lat' dir='ltr'><strong>desponderat,</strong></span> <span class='ocrx_word' id='word_1_62' title='bbox 1489 851 1529 910; x_wconf 92' lang='lat' dir='ltr'><strong>ad</strong></span> <span class='ocrx_word' id='word_1_63' title='bbox 1552 849 1753 910; x_wconf 90' lang='lat' dir='ltr'><strong>scribendum</strong></span> <span class='ocrx_word' id='word_1_64' title='bbox 1790 848 1844 911; x_wconf 87' lang='lat' dir='ltr'><strong>ad·</strong></span> 
     </span>
     <span class='ocr_line' id='line_1_7' title="bbox 142 946 1843 1026; baseline 0.001 -20"><span class='ocrx_word' id='word_1_65' title='bbox 142 956 275 1008; x_wconf 77' lang='lat' dir='ltr'><strong>vertere.</strong></span> <span class='ocrx_word' id='word_1_66' title='bbox 299 947 520 1020; x_wconf 78' lang='lat' dir='ltr'><strong>b&#39;ihilosscius,</strong></span> <span class='ocrx_word' id='word_1_67' title='bbox 543 946 736 1007; x_wconf 79' lang='lat' dir='ltr'><strong>lentescente</strong></span> <span class='ocrx_word' id='word_1_68' title='bbox 759 964 816 1025; x_wconf 89' lang='lat' dir='ltr'><strong>per</strong></span> <span class='ocrx_word' id='word_1_69' title='bbox 841 952 965 1025; x_wconf 87' lang='lat' dir='ltr'><strong>tempus</strong></span> <span class='ocrx_word' id='word_1_70' title='bbox 988 947 1108 1019; x_wconf 91' lang='lat' dir='ltr'><strong>dolore,</strong></span> <span class='ocrx_word' id='word_1_71' title='bbox 1131 948 1267 1009; x_wconf 87' lang='lat' dir='ltr'><strong>maxime</strong></span> <span class='ocrx_word' id='word_1_72' title='bbox 1294 966 1368 1007; x_wconf 91' lang='lat' dir='ltr'><strong>vere</strong></span> <span class='ocrx_word' id='word_1_73' title='bbox 1396 966 1475 1026; x_wconf 90' lang='lat' dir='ltr'><strong>opus</strong></span> <span class='ocrx_word' id='word_1_74' title='bbox 1504 952 1635 1025; x_wconf 85' lang='lat' dir='ltr'><strong>urgente</strong></span> <span class='ocrx_word' id='word_1_75' title='bbox 1660 946 1843 1020; x_wconf 83' lang='lat' dir='ltr'><strong>Eustochio,</strong></span> 
     </span>
     <span class='ocr_line' id='line_1_8' title="bbox 144 1042 1843 1125; baseline 0.001 -21"><span class='ocrx_word' id='word_1_76' title='bbox 144 1045 320 1116; x_wconf 73' lang='lat' dir='ltr'><strong>lucrativis,</strong></span> <span class='ocrx_word' id='word_1_77' title='bbox 350 1045 448 1106; x_wconf 90' lang='lat' dir='ltr'><strong>immo</strong></span> <span class='ocrx_word' id='word_1_78' title='bbox 474 1043 596 1105; x_wconf 80' lang='lat' dir='ltr'><strong>furtivis</strong></span> <span class='ocrx_word' id='word_1_79' title='bbox 622 1045 761 1104; x_wconf 91' lang='lat' dir='ltr'><strong>noctium</strong></span> <span class='ocrx_word' id='word_1_80' title='bbox 791 1043 877 1104; x_wconf 91' lang='lat' dir='ltr'><strong>boris</strong></span> <span class='ocrx_word' id='word_1_81' title='bbox 906 1043 981 1104; x_wconf 89' lang='lat' dir='ltr'><strong>anni</strong></span> <span class='ocrx_word' id='word_1_82' title='bbox 1005 1044 1305 1124; x_wconf 69' lang='lat' dir='ltr'><strong>quadringentesimi</strong></span> <span class='ocrx_word' id='word_1_83' title='bbox 1333 1045 1447 1105; x_wconf 87' lang='lat' dir='ltr'><strong>decimi</strong></span> <span class='ocrx_word' id='word_1_84' title='bbox 1471 1044 1565 1121; x_wconf 90' lang='lat' dir='ltr'><strong>tertii,</strong></span> <span class='ocrx_word' id='word_1_85' title='bbox 1591 1042 1691 1124; x_wconf 79' lang='lat' dir='ltr'><strong>byrrus</strong></span> <span class='ocrx_word' id='word_1_86' title='bbox 1715 1044 1843 1125; x_wconf 84' lang='lat' dir='ltr'><strong>propiu-</strong></span> 
     </span>
     <span class='ocr_line' id='line_1_9' title="bbox 142 1139 1841 1221; baseline 0.001 -20"><span class='ocrx_word' id='word_1_87' title='bbox 142 1151 265 1221; x_wconf 81' lang='lat' dir='ltr'><strong>quante,</strong></span> <span class='ocrx_word' id='word_1_88' title='bbox 284 1141 449 1220; x_wconf 89' lang='lat' dir='ltr'><strong>quodipse</strong></span> <span class='ocrx_word' id='word_1_89' title='bbox 464 1140 676 1220; x_wconf 82' lang='lat' dir='ltr'><strong>profiteturin</strong></span> <span class='ocrx_word' id='word_1_90' title='bbox 691 1139 816 1219; x_wconf 79' lang='lat' dir='ltr'><strong>septimi</strong></span> <span class='ocrx_word' id='word_1_91' title='bbox 833 1140 902 1199; x_wconf 92' lang='lat' dir='ltr'><strong>libri</strong></span> <span class='ocrx_word' id='word_1_92' title='bbox 931 1142 1116 1220; x_wconf 73' lang='lat' dir='ltr'><strong>prelatione</strong></span> <span class='ocrx_word' id='word_1_93' title='bbox 1144 1144 1183 1202; x_wconf 90' lang='lat' dir='ltr'><strong>nd</strong></span> <span class='ocrx_word' id='word_1_94' title='bbox 1212 1147 1334 1202; x_wconf 91' lang='lat' dir='ltr'><strong>Nonum</strong></span> <span class='ocrx_word' id='word_1_95' title='bbox 1361 1159 1460 1221; x_wconf 90' lang='lat' dir='ltr'><strong>usque</strong></span> <span class='ocrx_word' id='word_1_96' title='bbox 1485 1148 1667 1221; x_wconf 88' lang='lat' dir='ltr'><strong>persecutus</strong></span> <span class='ocrx_word' id='word_1_97' title='bbox 1688 1149 1746 1215; x_wconf 86' lang='lat' dir='ltr'><strong>est,</strong></span> <span class='ocrx_word' id='word_1_98' title='bbox 1770 1158 1841 1203; x_wconf 90' lang='lat' dir='ltr'><strong>cum</strong></span> 
     </span>
     <span class='ocr_line' id='line_1_10' title="bbox 143 1236 1844 1317; baseline 0.001 -20"><span class='ocrx_word' id='word_1_99' title='bbox 143 1238 215 1298; x_wconf 88' lang='lat' dir='ltr'><strong>aliis</strong></span> <span class='ocrx_word' id='word_1_100' title='bbox 231 1237 367 1298; x_wconf 79' lang='lat' dir='ltr'><strong>subinde</strong></span> <span class='ocrx_word' id='word_1_101' title='bbox 391 1236 651 1317; x_wconf 76' lang='lat' dir='ltr'><strong>occupationibus</strong></span> <span class='ocrx_word' id='word_1_102' title='bbox 679 1237 718 1297; x_wconf 90' lang='lat' dir='ltr'><strong>de</strong></span> <span class='ocrx_word' id='word_1_103' title='bbox 752 1242 818 1297; x_wconf 88' lang='lat' dir='ltr'><strong>toto</strong></span> <span class='ocrx_word' id='word_1_104' title='bbox 847 1236 923 1298; x_wconf 89' lang='lat' dir='ltr'><strong>illue</strong></span> <span class='ocrx_word' id='word_1_105' title='bbox 951 1239 1026 1299; x_wconf 92' lang='lat' dir='ltr'><strong>orbe</strong></span> <span class='ocrx_word' id='word_1_106' title='bbox 1054 1239 1238 1317; x_wconf 85' lang='lat' dir='ltr'><strong>fugientium</strong></span> <span class='ocrx_word' id='word_1_107' title='bbox 1265 1240 1475 1301; x_wconf 81' lang='lat' dir='ltr'><strong>distineretur.</strong></span> <span class='ocrx_word' id='word_1_108' title='bbox 1501 1238 1620 1299; x_wconf 84' lang='lat' dir='ltr'><strong>Exinde</strong></span> <span class='ocrx_word' id='word_1_109' title='bbox 1647 1238 1702 1316; x_wconf 91' lang='lat' dir='ltr'><strong>qui</strong></span> <span class='ocrx_word' id='word_1_110' title='bbox 1735 1237 1844 1299; x_wconf 88' lang='lat' dir='ltr'><strong>subse·</strong></span> 
     </span>
     <span class='ocr_line' id='line_1_11' title="bbox 142 1334 1846 1415; baseline 0.001 -20"><span class='ocrx_word' id='word_1_111' title='bbox 142 1340 282 1413; x_wconf 86' lang='lat' dir='ltr'><strong>quantur</strong></span> <span class='ocrx_word' id='word_1_112' title='bbox 308 1335 350 1395; x_wconf 87' lang='lat' dir='ltr'><strong>ad</strong></span> <span class='ocrx_word' id='word_1_113' title='bbox 376 1335 470 1395; x_wconf 88' lang='lat' dir='ltr'><strong>linem</strong></span> <span class='ocrx_word' id='word_1_114' title='bbox 502 1353 599 1413; x_wconf 90' lang='lat' dir='ltr'><strong>usque</strong></span> <span class='ocrx_word' id='word_1_115' title='bbox 623 1334 742 1413; x_wconf 89' lang='lat' dir='ltr'><strong>operis,</strong></span> <span class='ocrx_word' id='word_1_116' title='bbox 779 1334 956 1411; x_wconf 82' lang='lat' dir='ltr'><strong>insequenti</strong></span> <span class='ocrx_word' id='word_1_117' title='bbox 990 1335 1229 1414; x_wconf 87' lang='lat' dir='ltr'><strong>decimoquarto</strong></span> <span class='ocrx_word' id='word_1_118' title='bbox 1257 1355 1352 1415; x_wconf 90' lang='lat' dir='ltr'><strong>supra</strong></span> <span class='ocrx_word' id='word_1_119' title='bbox 1380 1335 1724 1414; x_wconf 88' lang='lat' dir='ltr'><strong>quadringentesimum</strong></span> <span class='ocrx_word' id='word_1_120' title='bbox 1752 1334 1846 1396; x_wconf 87' lang='lat' dir='ltr'><strong>aseri·</strong></span> 
     </span>
     <span class='ocr_line' id='line_1_12' title="bbox 143 1429 1845 1504; baseline 0.002 -13"><span class='ocrx_word' id='word_1_121' title='bbox 143 1430 586 1504; x_wconf 88' lang='lat' dir='ltr'><strong>bendos,nihilestdubium.</strong></span> <span class='ocrx_word' id='word_1_122' title='bbox 607 1431 647 1490; x_wconf 77' lang='lat' dir='ltr'><strong>lta</strong></span> <span class='ocrx_word' id='word_1_123' title='bbox 672 1447 747 1491; x_wconf 89' lang='lat' dir='ltr'><strong>vero</strong></span> <span class='ocrx_word' id='word_1_124' title='bbox 767 1430 825 1489; x_wconf 91' lang='lat' dir='ltr'><strong>sub</strong></span> <span class='ocrx_word' id='word_1_125' title='bbox 844 1429 971 1492; x_wconf 91' lang='lat' dir='ltr'><strong>initium</strong></span> <span class='ocrx_word' id='word_1_126' title='bbox 997 1433 1077 1493; x_wconf 85' lang='lat' dir='ltr'><strong>Noni</strong></span> <span class='ocrx_word' id='word_1_127' title='bbox 1108 1432 1188 1503; x_wconf 90' lang='lat' dir='ltr'><strong>libri,</strong></span> <span class='ocrx_word' id='word_1_128' title='bbox 1221 1433 1438 1493; x_wconf 88' lang='lat' dir='ltr'><strong>Heraclianum</strong></span> <span class='ocrx_word' id='word_1_129' title='bbox 1474 1433 1585 1492; x_wconf 78' lang='lat' dir='ltr'><strong>Atriam</strong></span> <span class='ocrx_word' id='word_1_130' title='bbox 1611 1432 1757 1493; x_wconf 85' lang='lat' dir='ltr'><strong>comitem</strong></span> <span class='ocrx_word' id='word_1_131' title='bbox 1785 1448 1845 1495; x_wconf 75' lang='lat' dir='ltr'><strong>vu·</strong></span> 
     </span>
     <span class='ocr_line' id='line_1_13' title="bbox 144 1526 1844 1608; baseline 0.001 -19"><span class='ocrx_word' id='word_1_132' title='bbox 144 1546 200 1590; x_wconf 84' lang='lat' dir='ltr'><strong>sss</strong></span> <span class='ocrx_word' id='word_1_133' title='bbox 215 1545 328 1608; x_wconf 85' lang='lat' dir='ltr'><strong>poenas</strong></span> <span class='ocrx_word' id='word_1_134' title='bbox 340 1527 436 1589; x_wconf 88' lang='lat' dir='ltr'><strong>luisse</strong></span> <span class='ocrx_word' id='word_1_135' title='bbox 465 1527 608 1606; x_wconf 72' lang='lat' dir='ltr'><strong>perfidiae</strong></span> <span class='ocrx_word' id='word_1_136' title='bbox 636 1526 749 1599; x_wconf 85' lang='lat' dir='ltr'><strong>relert;</strong></span> <span class='ocrx_word' id='word_1_137' title='bbox 781 1545 852 1605; x_wconf 80' lang='lat' dir='ltr'><strong>qum</strong></span> <span class='ocrx_word' id='word_1_138' title='bbox 877 1528 1027 1606; x_wconf 89' lang='lat' dir='ltr'><strong>temporis</strong></span> <span class='ocrx_word' id='word_1_139' title='bbox 1056 1535 1130 1589; x_wconf 90' lang='lat' dir='ltr'><strong>nota</strong></span> <span class='ocrx_word' id='word_1_140' title='bbox 1159 1530 1234 1590; x_wconf 90' lang='lat' dir='ltr'><strong>satis</strong></span> <span class='ocrx_word' id='word_1_141' title='bbox 1260 1531 1424 1590; x_wconf 84' lang='lat' dir='ltr'><strong>manifesto</strong></span> <span class='ocrx_word' id='word_1_142' title='bbox 1452 1530 1596 1607; x_wconf 90' lang='lat' dir='ltr'><strong>designat</strong></span> <span class='ocrx_word' id='word_1_143' title='bbox 1620 1529 1757 1607; x_wconf 90' lang='lat' dir='ltr'><strong>priorem</strong></span> <span class='ocrx_word' id='word_1_144' title='bbox 1786 1528 1844 1591; x_wconf 91' lang='lat' dir='ltr'><strong>bu·</strong></span> 
     </span>
     <span class='ocr_line' id='line_1_14' title="bbox 141 1623 1843 1705; baseline 0.002 -19"><span class='ocrx_word' id='word_1_145' title='bbox 141 1627 233 1703; x_wconf 87' lang='lat' dir='ltr'><strong>jusce</strong></span> <span class='ocrx_word' id='word_1_146' title='bbox 248 1626 324 1686; x_wconf 91' lang='lat' dir='ltr'><strong>anni</strong></span> <span class='ocrx_word' id='word_1_147' title='bbox 338 1632 475 1705; x_wconf 89' lang='lat' dir='ltr'><strong>partem,</strong></span> <span class='ocrx_word' id='word_1_148' title='bbox 491 1643 555 1703; x_wconf 90' lang='lat' dir='ltr'><strong>quo</strong></span> <span class='ocrx_word' id='word_1_149' title='bbox 569 1624 699 1686; x_wconf 88' lang='lat' dir='ltr'><strong>Luciani</strong></span> <span class='ocrx_word' id='word_1_150' title='bbox 712 1642 740 1686; x_wconf 92' lang='lat' dir='ltr'><strong>v.</strong></span> <span class='ocrx_word' id='word_1_151' title='bbox 758 1625 798 1685; x_wconf 88' lang='lat' dir='ltr'><strong>el.</strong></span> <span class='ocrx_word' id='word_1_152' title='bbox 815 1623 937 1702; x_wconf 81' lang='lat' dir='ltr'><strong>collega</strong></span> <span class='ocrx_word' id='word_1_153' title='bbox 957 1624 988 1685; x_wconf 93' lang='lat' dir='ltr'><strong>in</strong></span> <span class='ocrx_word' id='word_1_154' title='bbox 1019 1626 1183 1687; x_wconf 81' lang='lat' dir='ltr'><strong>consulatu</strong></span> <span class='ocrx_word' id='word_1_155' title='bbox 1211 1627 1415 1688; x_wconf 89' lang='lat' dir='ltr'><strong>Heraclianus</strong></span> <span class='ocrx_word' id='word_1_156' title='bbox 1441 1627 1507 1699; x_wconf 88' lang='lat' dir='ltr'><strong>tuit,</strong></span> <span class='ocrx_word' id='word_1_157' title='bbox 1527 1632 1557 1686; x_wconf 92' lang='lat' dir='ltr'><strong>et</strong></span> <span class='ocrx_word' id='word_1_158' title='bbox 1584 1626 1642 1686; x_wconf 90' lang='lat' dir='ltr'><strong>snb</strong></span> <span class='ocrx_word' id='word_1_159' title='bbox 1664 1627 1843 1704; x_wconf 75' lang='lat' dir='ltr'><strong>Augustum</strong></span> 
     </span>
     <span class='ocr_line' id='line_1_15' title="bbox 142 1721 1843 1800; baseline 0.002 -17"><span class='ocrx_word' id='word_1_160' title='bbox 142 1741 296 1796; x_wconf 89' lang='lat' dir='ltr'><strong>mensem,</strong></span> <span class='ocrx_word' id='word_1_161' title='bbox 310 1721 477 1798; x_wconf 84' lang='lat' dir='ltr'><strong>Nauarum,</strong></span> <span class='ocrx_word' id='word_1_162' title='bbox 502 1723 681 1800; x_wconf 86' lang='lat' dir='ltr'><strong>ulProsper</strong></span> <span class='ocrx_word' id='word_1_163' title='bbox 704 1722 759 1791; x_wconf 94' lang='lat' dir='ltr'><strong>ait,</strong></span> <span class='ocrx_word' id='word_1_164' title='bbox 785 1721 816 1780; x_wconf 83' lang='lat' dir='ltr'><strong>iu</strong></span> <span class='ocrx_word' id='word_1_165' title='bbox 839 1722 947 1800; x_wconf 76' lang='lat' dir='ltr'><strong>Africa</strong></span> <span class='ocrx_word' id='word_1_166' title='bbox 971 1742 1071 1783; x_wconf 84' lang='lat' dir='ltr'><strong>rerum</strong></span> <span class='ocrx_word' id='word_1_167' title='bbox 1091 1743 1158 1784; x_wconf 80' lang='lat' dir='ltr'><strong>reus</strong></span> <span class='ocrx_word' id='word_1_168' title='bbox 1181 1724 1323 1784; x_wconf 71' lang='lat' dir='ltr'><strong>traicerem</strong></span> <span class='ocrx_word' id='word_1_169' title='bbox 1355 1726 1454 1785; x_wconf 80' lang='lat' dir='ltr'><strong>orrrriit</strong></span> <span class='ocrx_word' id='word_1_170' title='bbox 1477 1732 1505 1784; x_wconf 86' lang='lat' dir='ltr'><strong>et</strong></span> <span class='ocrx_word' id='word_1_171' title='bbox 1531 1725 1633 1784; x_wconf 82' lang='lat' dir='ltr'><strong>eitam.</strong></span> <span class='ocrx_word' id='word_1_172' title='bbox 1663 1726 1745 1784; x_wconf 85' lang='lat' dir='ltr'><strong>Duos</strong></span> <span class='ocrx_word' id='word_1_173' title='bbox 1769 1738 1843 1785; x_wconf 87' lang='lat' dir='ltr'><strong>vero</strong></span> 
     </span>
     <span class='ocr_line' id='line_1_16' title="bbox 144 1818 1842 1902; baseline 0.001 -22"><span class='ocrx_word' id='word_1_174' title='bbox 144 1828 322 1900; x_wconf 88' lang='lat' dir='ltr'><strong>postremos</strong></span> <span class='ocrx_word' id='word_1_175' title='bbox 349 1818 456 1892; x_wconf 88' lang='lat' dir='ltr'><strong>libros,</strong></span> <span class='ocrx_word' id='word_1_176' title='bbox 487 1819 541 1897; x_wconf 91' lang='lat' dir='ltr'><strong>qni</strong></span> <span class='ocrx_word' id='word_1_177' title='bbox 565 1819 716 1880; x_wconf 87' lang='lat' dir='ltr'><strong>visionem</strong></span> <span class='ocrx_word' id='word_1_178' title='bbox 738 1819 914 1880; x_wconf 89' lang='lat' dir='ltr'><strong>edisserunt</strong></span> <span class='ocrx_word' id='word_1_179' title='bbox 938 1821 1061 1900; x_wconf 90' lang='lat' dir='ltr'><strong>templi,</strong></span> <span class='ocrx_word' id='word_1_180' title='bbox 1088 1840 1159 1882; x_wconf 88' lang='lat' dir='ltr'><strong>eum</strong></span> <span class='ocrx_word' id='word_1_181' title='bbox 1186 1821 1225 1882; x_wconf 89' lang='lat' dir='ltr'><strong>ad</strong></span> <span class='ocrx_word' id='word_1_182' title='bbox 1250 1829 1464 1902; x_wconf 83' lang='lat' dir='ltr'><strong>campartem</strong></span> <span class='ocrx_word' id='word_1_183' title='bbox 1488 1820 1611 1882; x_wconf 81' lang='lat' dir='ltr'><strong>delubri</strong></span> <span class='ocrx_word' id='word_1_184' title='bbox 1639 1819 1842 1899; x_wconf 82' lang='lat' dir='ltr'><strong>pervenisset,</strong></span> 
     </span>
     <span class='ocr_line' id='line_1_17' title="bbox 144 1915 1845 1996; baseline 0.001 -18"><span class='ocrx_word' id='word_1_185' title='bbox 144 1918 179 1978; x_wconf 89' lang='lat' dir='ltr'><strong>in</strong></span> <span class='ocrx_word' id='word_1_186' title='bbox 203 1934 266 1995; x_wconf 90' lang='lat' dir='ltr'><strong>qua</strong></span> <span class='ocrx_word' id='word_1_187' title='bbox 289 1917 406 1978; x_wconf 83' lang='lat' dir='ltr'><strong>Sancta</strong></span> <span class='ocrx_word' id='word_1_188' title='bbox 430 1917 630 1987; x_wconf 87' lang='lat' dir='ltr'><strong>Sanctorum,</strong></span> <span class='ocrx_word' id='word_1_189' title='bbox 654 1934 691 1976; x_wconf 87' lang='lat' dir='ltr'><strong>ae</strong></span> <span class='ocrx_word' id='word_1_190' title='bbox 706 1915 937 1994; x_wconf 82' lang='lat' dir='ltr'><strong>&#39;tbymiamatis</strong></span> <span class='ocrx_word' id='word_1_191' title='bbox 964 1917 1071 1978; x_wconf 78' lang='lat' dir='ltr'><strong>Allare</strong></span> <span class='ocrx_word' id='word_1_192' title='bbox 1100 1918 1298 1991; x_wconf 82' lang='lat' dir='ltr'><strong>describitur,</strong></span> <span class='ocrx_word' id='word_1_193' title='bbox 1328 1937 1361 1979; x_wconf 89' lang='lat' dir='ltr'><strong>se</strong></span> <span class='ocrx_word' id='word_1_194' title='bbox 1389 1918 1536 1979; x_wconf 90' lang='lat' dir='ltr'><strong>maluisse</strong></span> <span class='ocrx_word' id='word_1_195' title='bbox 1556 1934 1728 1996; x_wconf 87' lang='lat' dir='ltr'><strong>parumper</strong></span> <span class='ocrx_word' id='word_1_196' title='bbox 1749 1916 1845 1979; x_wconf 83' lang='lat' dir='ltr'><strong>inter·</strong></span> 
     </span>
     <span class='ocr_line' id='line_1_18' title="bbox 141 2011 1844 2094; baseline -0.001 -19"><span class='ocrx_word' id='word_1_197' title='bbox 141 2014 278 2086; x_wconf 88' lang='lat' dir='ltr'><strong>mittere,</strong></span> <span class='ocrx_word' id='word_1_198' title='bbox 295 2013 378 2074; x_wconf 90' lang='lat' dir='ltr'><strong>dalis</strong></span> <span class='ocrx_word' id='word_1_199' title='bbox 389 2014 429 2073; x_wconf 92' lang='lat' dir='ltr'><strong>ad</strong></span> <span class='ocrx_word' id='word_1_200' title='bbox 445 2011 597 2092; x_wconf 82' lang='lat' dir='ltr'><strong>virginem</strong></span> <span class='ocrx_word' id='word_1_201' title='bbox 612 2012 841 2074; x_wconf 86' lang='lat' dir='ltr'><strong>Demetriadem</strong></span> <span class='ocrx_word' id='word_1_202' title='bbox 858 2013 970 2075; x_wconf 88' lang='lat' dir='ltr'><strong>litteris</strong></span> <span class='ocrx_word' id='word_1_203' title='bbox 984 2015 1160 2092; x_wconf 80' lang='lat' dir='ltr'><strong>profitetur,</strong></span> <span class='ocrx_word' id='word_1_204' title='bbox 1177 2023 1223 2088; x_wconf 92' lang='lat' dir='ltr'><strong>ut,</strong></span> <span class='ocrx_word' id='word_1_205' title='bbox 1239 2015 1324 2094; x_wconf 93' lang='lat' dir='ltr'><strong>quod</strong></span> <span class='ocrx_word' id='word_1_206' title='bbox 1352 2016 1419 2094; x_wconf 88' lang='lat' dir='ltr'><strong>ipse</strong></span> <span class='ocrx_word' id='word_1_207' title='bbox 1447 2015 1500 2087; x_wconf 86' lang='lat' dir='ltr'><strong>ait,</strong></span> <span class='ocrx_word' id='word_1_208' title='bbox 1533 2014 1576 2075; x_wconf 86' lang='lat' dir='ltr'><strong>De</strong></span> <span class='ocrx_word' id='word_1_209' title='bbox 1602 2012 1705 2074; x_wconf 82' lang='lat' dir='ltr'><strong>Alteri</strong></span> <span class='ocrx_word' id='word_1_210' title='bbox 1732 2012 1844 2074; x_wconf 77' lang='lat' dir='ltr'><strong>trusti-</strong></span> 
     </span>
     <span class='ocr_line' id='line_1_19' title="bbox 141 2109 1845 2190; baseline 0.002 -21"><span class='ocrx_word' id='word_1_211' title='bbox 141 2120 190 2171; x_wconf 84' lang='lat' dir='ltr'><strong>ret</strong></span> <span class='ocrx_word' id='word_1_212' title='bbox 202 2109 245 2172; x_wconf 88' lang='lat' dir='ltr'><strong>ud</strong></span> <span class='ocrx_word' id='word_1_213' title='bbox 256 2109 373 2172; x_wconf 73' lang='lat' dir='ltr'><strong>strare.</strong></span> <span class='ocrx_word' id='word_1_214' title='bbox 390 2111 469 2171; x_wconf 81' lang='lat' dir='ltr'><strong>Eam</strong></span> <span class='ocrx_word' id='word_1_215' title='bbox 486 2128 580 2188; x_wconf 87' lang='lat' dir='ltr'><strong>porro</strong></span> <span class='ocrx_word' id='word_1_216' title='bbox 596 2109 772 2190; x_wconf 86' lang='lat' dir='ltr'><strong>epistolam,</strong></span> <span class='ocrx_word' id='word_1_217' title='bbox 799 2128 870 2188; x_wconf 84' lang='lat' dir='ltr'><strong>quae</strong></span> <span class='ocrx_word' id='word_1_218' title='bbox 896 2110 928 2170; x_wconf 93' lang='lat' dir='ltr'><strong>in</strong></span> <span class='ocrx_word' id='word_1_219' title='bbox 952 2118 1060 2172; x_wconf 90' lang='lat' dir='ltr'><strong>nostra</strong></span> <span class='ocrx_word' id='word_1_220' title='bbox 1083 2113 1264 2173; x_wconf 85' lang='lat' dir='ltr'><strong>recensione</strong></span> <span class='ocrx_word' id='word_1_221' title='bbox 1287 2114 1392 2174; x_wconf 90' lang='lat' dir='ltr'><strong>locum</strong></span> <span class='ocrx_word' id='word_1_222' title='bbox 1416 2112 1537 2173; x_wconf 90' lang='lat' dir='ltr'><strong>oblinet</strong></span> <span class='ocrx_word' id='word_1_223' title='bbox 1562 2112 1629 2186; x_wconf 80' lang='lat' dir='ltr'><strong>lab,</strong></span> <span class='ocrx_word' id='word_1_224' title='bbox 1655 2110 1695 2170; x_wconf 91' lang='lat' dir='ltr'><strong>ad</strong></span> <span class='ocrx_word' id='word_1_225' title='bbox 1723 2109 1845 2172; x_wconf 85' lang='lat' dir='ltr'><strong>buneee</strong></span> 
     </span>
     <span class='ocr_line' id='line_1_20' title="bbox 142 2204 1844 2298; baseline -0.001 -31"><span class='ocrx_word' id='word_1_226' title='bbox 142 2226 264 2267; x_wconf 87' lang='lat' dir='ltr'><strong>annum</strong></span> <span class='ocrx_word' id='word_1_227' title='bbox 288 2204 965 2298; x_wconf 42' lang='lat' dir='ltr'><strong>quadringentesimum‘decimumquartum</strong></span> <span class='ocrx_word' id='word_1_228' title='bbox 1004 2208 1171 2286; x_wconf 85' lang='lat' dir='ltr'><strong>pertinere,</strong></span> <span class='ocrx_word' id='word_1_229' title='bbox 1200 2209 1292 2269; x_wconf 90' lang='lat' dir='ltr'><strong>certis</strong></span> <span class='ocrx_word' id='word_1_230' title='bbox 1321 2208 1516 2287; x_wconf 80' lang='lat' dir='ltr'><strong>argumentis</strong></span> <span class='ocrx_word' id='word_1_231' title='bbox 1543 2225 1600 2268; x_wconf 91' lang='lat' dir='ltr'><strong>suo</strong></span> <span class='ocrx_word' id='word_1_232' title='bbox 1634 2207 1703 2268; x_wconf 90' lang='lat' dir='ltr'><strong>loco</strong></span> <span class='ocrx_word' id='word_1_233' title='bbox 1737 2213 1844 2269; x_wconf 89' lang='lat' dir='ltr'><strong>oslen-</strong></span> 
     </span>
     <span class='ocr_line' id='line_1_21' title="bbox 143 2306 259 2366; baseline 0.009 -1"><span class='ocrx_word' id='word_1_234' title='bbox 143 2306 259 2366; x_wconf 90' lang='lat' dir='ltr'><strong>dimus.</strong></span> 
     </span>
    </p>
   </div>
   <div class='ocr_carea' id='block_1_3' title="bbox 143 2400 1843 2967">
    <p class='ocr_par' dir='ltr' id='par_1_3' title="bbox 143 2400 1843 2967">
     <span class='ocr_line' id='line_1_22' title="bbox 188 2400 1842 2482; baseline 0 -21"><span class='ocrx_word' id='word_1_235' title='bbox 188 2403 277 2462; x_wconf 87' lang='lat' dir='ltr'><strong>llisce</strong></span> <span class='ocrx_word' id='word_1_236' title='bbox 300 2400 535 2463; x_wconf 91' lang='lat' dir='ltr'><strong>commentariis</strong></span> <span class='ocrx_word' id='word_1_237' title='bbox 555 2402 719 2482; x_wconf 90' lang='lat' dir='ltr'><strong>septennio</strong></span> <span class='ocrx_word' id='word_1_238' title='bbox 738 2403 825 2481; x_wconf 90' lang='lat' dir='ltr'><strong>prior</strong></span> <span class='ocrx_word' id='word_1_239' title='bbox 847 2409 906 2473; x_wconf 92' lang='lat' dir='ltr'><strong>est,</strong></span> <span class='ocrx_word' id='word_1_240' title='bbox 929 2402 984 2481; x_wconf 91' lang='lat' dir='ltr'><strong>qni</strong></span> <span class='ocrx_word' id='word_1_241' title='bbox 1007 2403 1047 2463; x_wconf 89' lang='lat' dir='ltr'><strong>ad</strong></span> <span class='ocrx_word' id='word_1_242' title='bbox 1076 2403 1309 2482; x_wconf 89' lang='lat' dir='ltr'><strong>Scriptnrurum</strong></span> <span class='ocrx_word' id='word_1_243' title='bbox 1337 2402 1447 2464; x_wconf 89' lang='lat' dir='ltr'><strong>seriem</strong></span> <span class='ocrx_word' id='word_1_244' title='bbox 1474 2400 1687 2480; x_wconf 87' lang='lat' dir='ltr'><strong>subsequitur,</strong></span> <span class='ocrx_word' id='word_1_245' title='bbox 1714 2401 1746 2461; x_wconf 95' lang='lat' dir='ltr'><strong>in</strong></span> <span class='ocrx_word' id='word_1_246' title='bbox 1779 2402 1842 2462; x_wconf 82' lang='lat' dir='ltr'><strong>lia·</strong></span> 
     </span>
     <span class='ocr_line' id='line_1_23' title="bbox 143 2497 1843 2578; baseline -0.001 -19"><span class='ocrx_word' id='word_1_247' title='bbox 143 2498 259 2559; x_wconf 88' lang='lat' dir='ltr'><strong>nielem</strong></span> <span class='ocrx_word' id='word_1_248' title='bbox 287 2498 458 2577; x_wconf 87' lang='lat' dir='ltr'><strong>singularis</strong></span> <span class='ocrx_word' id='word_1_249' title='bbox 485 2498 575 2573; x_wconf 91' lang='lat' dir='ltr'><strong>liber,</strong></span> <span class='ocrx_word' id='word_1_250' title='bbox 596 2497 647 2560; x_wconf 91' lang='lat' dir='ltr'><strong>cui</strong></span> <span class='ocrx_word' id='word_1_251' title='bbox 671 2517 788 2559; x_wconf 88' lang='lat' dir='ltr'><strong>annum</strong></span> <span class='ocrx_word' id='word_1_252' title='bbox 829 2498 999 2560; x_wconf 85' lang='lat' dir='ltr'><strong>tribuimus</strong></span> <span class='ocrx_word' id='word_1_253' title='bbox 1026 2500 1370 2578; x_wconf 81' lang='lat' dir='ltr'><strong>quadringentesimam</strong></span> <span class='ocrx_word' id='word_1_254' title='bbox 1404 2500 1585 2576; x_wconf 88' lang='lat' dir='ltr'><strong>septimum.</strong></span> <span class='ocrx_word' id='word_1_255' title='bbox 1619 2500 1695 2558; x_wconf 87' lang='lat' dir='ltr'><strong>Cum</strong></span> <span class='ocrx_word' id='word_1_256' title='bbox 1730 2514 1843 2576; x_wconf 85' lang='lat' dir='ltr'><strong>nempe</strong></span> 
     </span>
     <span class='ocr_line' id='line_1_24' title="bbox 149 2594 1843 2675; baseline -0.001 -19"><span class='ocrx_word' id='word_1_257' title='bbox 149 2597 291 2656; x_wconf 86' lang='lat' dir='ltr'><strong>animum</strong></span> <span class='ocrx_word' id='word_1_258' title='bbox 314 2595 355 2657; x_wconf 89' lang='lat' dir='ltr'><strong>ad</strong></span> <span class='ocrx_word' id='word_1_259' title='bbox 373 2613 445 2656; x_wconf 91' lang='lat' dir='ltr'><strong>eum</strong></span> <span class='ocrx_word' id='word_1_260' title='bbox 462 2595 661 2657; x_wconf 90' lang='lat' dir='ltr'><strong>scribendum</strong></span> <span class='ocrx_word' id='word_1_261' title='bbox 686 2596 809 2675; x_wconf 90' lang='lat' dir='ltr'><strong>appulit</strong></span> <span class='ocrx_word' id='word_1_262' title='bbox 824 2602 952 2657; x_wconf 87' lang='lat' dir='ltr'><strong>sanctus</strong></span> <span class='ocrx_word' id='word_1_263' title='bbox 977 2597 1098 2670; x_wconf 89' lang='lat' dir='ltr'><strong>doctor,</strong></span> <span class='ocrx_word' id='word_1_264' title='bbox 1120 2596 1188 2674; x_wconf 76' lang='lat' dir='ltr'><strong>J&#39;am</strong></span> <span class='ocrx_word' id='word_1_265' title='bbox 1217 2597 1313 2675; x_wconf 82' lang='lat' dir='ltr'><strong>(qnod</strong></span> <span class='ocrx_word' id='word_1_266' title='bbox 1331 2597 1464 2675; x_wconf 89' lang='lat' dir='ltr'><strong>ipsemet</strong></span> <span class='ocrx_word' id='word_1_267' title='bbox 1482 2595 1513 2655; x_wconf 94' lang='lat' dir='ltr'><strong>in</strong></span> <span class='ocrx_word' id='word_1_268' title='bbox 1540 2594 1633 2672; x_wconf 85' lang='lat' dir='ltr'><strong>hujus</strong></span> <span class='ocrx_word' id='word_1_269' title='bbox 1656 2594 1843 2672; x_wconf 69' lang='lat' dir='ltr'><strong>praelatione</strong></span> 
     </span>
     <span class='ocr_line' id='line_1_25' title="bbox 150 2690 1843 2773; baseline -0.001 -22"><span class='ocrx_word' id='word_1_270' title='bbox 150 2693 220 2752; x_wconf 90' lang='lat' dir='ltr'><strong>libri</strong></span> <span class='ocrx_word' id='word_1_271' title='bbox 240 2691 486 2754; x_wconf 87' lang='lat' dir='ltr'><strong>luculentissime</strong></span> <span class='ocrx_word' id='word_1_272' title='bbox 515 2693 628 2772; x_wconf 87' lang='lat' dir='ltr'><strong>prodit)</strong></span> <span class='ocrx_word' id='word_1_273' title='bbox 656 2691 822 2753; x_wconf 87' lang='lat' dir='ltr'><strong>duodecim</strong></span> <span class='ocrx_word' id='word_1_274' title='bbox 854 2692 1027 2772; x_wconf 85' lang='lat' dir='ltr'><strong>propbetas</strong></span> <span class='ocrx_word' id='word_1_275' title='bbox 1050 2694 1187 2754; x_wconf 89' lang='lat' dir='ltr'><strong>minores</strong></span> <span class='ocrx_word' id='word_1_276' title='bbox 1214 2698 1413 2773; x_wconf 82' lang='lat' dir='ltr'><strong>exposuerat,</strong></span> <span class='ocrx_word' id='word_1_277' title='bbox 1431 2693 1594 2769; x_wconf 71' lang='lat' dir='ltr'><strong>tuleratque</strong></span> <span class='ocrx_word' id='word_1_278' title='bbox 1623 2690 1702 2750; x_wconf 92' lang='lat' dir='ltr'><strong>adeo</strong></span> <span class='ocrx_word' id='word_1_279' title='bbox 1724 2707 1843 2750; x_wconf 91' lang='lat' dir='ltr'><strong>annum</strong></span> 
     </span>
     <span class='ocr_line' id='line_1_26' title="bbox 147 2786 1843 2870; baseline -0.001 -21"><span class='ocrx_word' id='word_1_280' title='bbox 147 2788 493 2867; x_wconf 89' lang='lat' dir='ltr'><strong>quadringentesimum</strong></span> <span class='ocrx_word' id='word_1_281' title='bbox 515 2796 638 2852; x_wconf 90' lang='lat' dir='ltr'><strong>sextum</strong></span> <span class='ocrx_word' id='word_1_282' title='bbox 665 2795 916 2869; x_wconf 78' lang='lat' dir='ltr'><strong>praetergressus,</strong></span> <span class='ocrx_word' id='word_1_283' title='bbox 940 2791 1030 2870; x_wconf 89' lang='lat' dir='ltr'><strong>cujus</strong></span> <span class='ocrx_word' id='word_1_284' title='bbox 1052 2798 1218 2870; x_wconf 80' lang='lat' dir='ltr'><strong>postremae</strong></span> <span class='ocrx_word' id='word_1_285' title='bbox 1241 2791 1323 2869; x_wconf 79' lang='lat' dir='ltr'><strong>perd</strong></span> <span class='ocrx_word' id='word_1_286' title='bbox 1348 2796 1507 2868; x_wconf 91' lang='lat' dir='ltr'><strong>postrema</strong></span> <span class='ocrx_word' id='word_1_287' title='bbox 1531 2790 1605 2848; x_wconf 91' lang='lat' dir='ltr'><strong>item</strong></span> <span class='ocrx_word' id='word_1_288' title='bbox 1631 2786 1755 2847; x_wconf 88' lang='lat' dir='ltr'><strong>exiliis</strong></span> <span class='ocrx_word' id='word_1_289' title='bbox 1787 2804 1843 2847; x_wconf 87' lang='lat' dir='ltr'><strong>ex·</strong></span> 
     </span>
     <span class='ocr_line' id='line_1_27' title="bbox 145 2875 1842 2967; baseline -0.001 -21"><span class='ocrx_word' id='word_1_290' title='bbox 145 2887 301 2965; x_wconf 89' lang='lat' dir='ltr'><strong>planatio,</strong></span> <span class='ocrx_word' id='word_1_291' title='bbox 325 2905 396 2963; x_wconf 82' lang='lat' dir='ltr'><strong>quae</strong></span> <span class='ocrx_word' id='word_1_292' title='bbox 420 2893 468 2947; x_wconf 90' lang='lat' dir='ltr'><strong>est</strong></span> <span class='ocrx_word' id='word_1_293' title='bbox 495 2887 525 2948; x_wconf 93' lang='lat' dir='ltr'><strong>in</strong></span> <span class='ocrx_word' id='word_1_294' title='bbox 554 2888 659 2958; x_wconf 78' lang='lat' dir='ltr'><strong>Amos,</strong></span> <span class='ocrx_word' id='word_1_295' title='bbox 686 2906 724 2948; x_wconf 92' lang='lat' dir='ltr'><strong>ex</strong></span> <span class='ocrx_word' id='word_1_296' title='bbox 747 2887 816 2967; x_wconf 90' lang='lat' dir='ltr'><strong>ipsa</strong></span> <span class='ocrx_word' id='word_1_297' title='bbox 839 2888 921 2949; x_wconf 89' lang='lat' dir='ltr'><strong>sexti</strong></span> <span class='ocrx_word' id='word_1_298' title='bbox 945 2888 1127 2949; x_wconf 89' lang='lat' dir='ltr'><strong>consulatus</strong></span> <span class='ocrx_word' id='word_1_299' title='bbox 1154 2889 1279 2948; x_wconf 88' lang='lat' dir='ltr'><strong>Arcadii</strong></span> <span class='ocrx_word' id='word_1_300' title='bbox 1308 2887 1441 2964; x_wconf 85' lang='lat' dir='ltr'><strong>Augusti</strong></span> <span class='ocrx_word' id='word_1_301' title='bbox 1460 2890 1492 2946; x_wconf 90' lang='lat' dir='ltr'><strong>el</strong></span> <span class='ocrx_word' id='word_1_302' title='bbox 1514 2875 1611 2945; x_wconf 76' lang='lat' dir='ltr'><strong>Aniiii</strong></span> <span class='ocrx_word' id='word_1_303' title='bbox 1632 2883 1727 2945; x_wconf 90' lang='lat' dir='ltr'><strong>Probi</strong></span> <span class='ocrx_word' id='word_1_304' title='bbox 1751 2888 1842 2945; x_wconf 84' lang='lat' dir='ltr'><strong>nota·</strong></span> 
     </span>
    </p>
   </div>
   <div class='ocr_carea' id='block_1_4' title="bbox 121 2983 1896 5699">
    <p class='ocr_par' dir='ltr' id='par_1_4' title="bbox 139 2983 1850 4817">
     <span class='ocr_line' id='line_1_28' title="bbox 146 2983 1841 3063; baseline -0.001 -21"><span class='ocrx_word' id='word_1_305' title='bbox 146 2984 232 3044; x_wconf 84' lang='lat' dir='ltr'><strong>tiene</strong></span> <span class='ocrx_word' id='word_1_306' title='bbox 269 2989 355 3044; x_wconf 88' lang='lat' dir='ltr'><strong>certo</strong></span> <span class='ocrx_word' id='word_1_307' title='bbox 387 2983 503 3044; x_wconf 87' lang='lat' dir='ltr'><strong>certius</strong></span> <span class='ocrx_word' id='word_1_308' title='bbox 551 2984 703 3063; x_wconf 78' lang='lat' dir='ltr'><strong>alligitur.</strong></span> <span class='ocrx_word' id='word_1_309' title='bbox 747 2986 863 3046; x_wconf 85' lang='lat' dir='ltr'><strong>Rursus</strong></span> <span class='ocrx_word' id='word_1_310' title='bbox 893 3004 1010 3046; x_wconf 88' lang='lat' dir='ltr'><strong>anuum</strong></span> <span class='ocrx_word' id='word_1_311' title='bbox 1046 2985 1262 3046; x_wconf 88' lang='lat' dir='ltr'><strong>antevertebnt</strong></span> <span class='ocrx_word' id='word_1_312' title='bbox 1290 2983 1634 3062; x_wconf 87' lang='lat' dir='ltr'><strong>quadringentesimum</strong></span> <span class='ocrx_word' id='word_1_313' title='bbox 1683 2988 1841 3056; x_wconf 87' lang='lat' dir='ltr'><strong>octavum,</strong></span> 
     </span>
     <span class='ocr_line' id='line_1_29' title="bbox 143 3078 1845 3161; baseline 0 -22"><span class='ocrx_word' id='word_1_314' title='bbox 143 3079 235 3157; x_wconf 89' lang='lat' dir='ltr'><strong>cujus</strong></span> <span class='ocrx_word' id='word_1_315' title='bbox 270 3097 378 3141; x_wconf 90' lang='lat' dir='ltr'><strong>mense</strong></span> <span class='ocrx_word' id='word_1_316' title='bbox 401 3082 544 3159; x_wconf 83' lang='lat' dir='ltr'><strong>Augusto</strong></span> <span class='ocrx_word' id='word_1_317' title='bbox 572 3080 754 3142; x_wconf 87' lang='lat' dir='ltr'><strong>Stilichonis</strong></span> <span class='ocrx_word' id='word_1_318' title='bbox 795 3089 923 3161; x_wconf 91' lang='lat' dir='ltr'><strong>patrata</strong></span> <span class='ocrx_word' id='word_1_319' title='bbox 953 3088 999 3143; x_wconf 91' lang='lat' dir='ltr'><strong>est</strong></span> <span class='ocrx_word' id='word_1_320' title='bbox 1037 3083 1223 3143; x_wconf 85' lang='lat' dir='ltr'><strong>interiectio.</strong></span> <span class='ocrx_word' id='word_1_321' title='bbox 1276 3081 1559 3142; x_wconf 73' lang='lat' dir='ltr'><strong>calumniabantur</strong></span> <span class='ocrx_word' id='word_1_322' title='bbox 1600 3086 1704 3140; x_wconf 91' lang='lat' dir='ltr'><strong>autem</strong></span> <span class='ocrx_word' id='word_1_323' title='bbox 1733 3078 1845 3139; x_wconf 87' lang='lat' dir='ltr'><strong>Hiero·</strong></span> 
     </span>
     <span class='ocr_line' id='line_1_30' title="bbox 143 3175 1842 3257; baseline -0.001 -21"><span class='ocrx_word' id='word_1_324' title='bbox 143 3175 303 3255; x_wconf 77' lang='lat' dir='ltr'><strong>eyminum</strong></span> <span class='ocrx_word' id='word_1_325' title='bbox 320 3175 430 3255; x_wconf 75' lang='lat' dir='ltr'><strong>gloria</strong></span> <span class='ocrx_word' id='word_1_326' title='bbox 456 3176 554 3239; x_wconf 87' lang='lat' dir='ltr'><strong>invidi</strong></span> <span class='ocrx_word' id='word_1_327' title='bbox 578 3177 732 3251; x_wconf 90' lang='lat' dir='ltr'><strong>homines,</strong></span> <span class='ocrx_word' id='word_1_328' title='bbox 767 3178 974 3257; x_wconf 88' lang='lat' dir='ltr'><strong>suggillatum</strong></span> <span class='ocrx_word' id='word_1_329' title='bbox 1009 3179 1049 3239; x_wconf 92' lang='lat' dir='ltr'><strong>ab</strong></span> <span class='ocrx_word' id='word_1_330' title='bbox 1081 3197 1118 3240; x_wconf 92' lang='lat' dir='ltr'><strong>eo</strong></span> <span class='ocrx_word' id='word_1_331' title='bbox 1157 3178 1327 3239; x_wconf 87' lang='lat' dir='ltr'><strong>barbarum</strong></span> <span class='ocrx_word' id='word_1_332' title='bbox 1362 3177 1495 3237; x_wconf 82' lang='lat' dir='ltr'><strong>llomani</strong></span> <span class='ocrx_word' id='word_1_333' title='bbox 1525 3176 1681 3237; x_wconf 87' lang='lat' dir='ltr'><strong>exereitus</strong></span> <span class='ocrx_word' id='word_1_334' title='bbox 1717 3175 1842 3250; x_wconf 91' lang='lat' dir='ltr'><strong>ducem,</strong></span> 
     </span>
     <span class='ocr_line' id='line_1_31' title="bbox 141 3272 1841 3355; baseline 0 -21"><span class='ocrx_word' id='word_1_335' title='bbox 141 3292 213 3334; x_wconf 90' lang='lat' dir='ltr'><strong>cum</strong></span> <span class='ocrx_word' id='word_1_336' title='bbox 239 3273 271 3333; x_wconf 93' lang='lat' dir='ltr'><strong>in</strong></span> <span class='ocrx_word' id='word_1_337' title='bbox 300 3273 522 3353; x_wconf 83' lang='lat' dir='ltr'><strong>explanatione</strong></span> <span class='ocrx_word' id='word_1_338' title='bbox 544 3291 670 3352; x_wconf 81' lang='lat' dir='ltr'><strong>magnae</strong></span> <span class='ocrx_word' id='word_1_339' title='bbox 691 3276 776 3336; x_wconf 91' lang='lat' dir='ltr'><strong>illius</strong></span> <span class='ocrx_word' id='word_1_340' title='bbox 796 3281 921 3348; x_wconf 81' lang='lat' dir='ltr'><strong>stature,</strong></span> <span class='ocrx_word' id='word_1_341' title='bbox 949 3294 1044 3355; x_wconf 90' lang='lat' dir='ltr'><strong>quam</strong></span> <span class='ocrx_word' id='word_1_342' title='bbox 1084 3294 1140 3355; x_wconf 89' lang='lat' dir='ltr'><strong>per</strong></span> <span class='ocrx_word' id='word_1_343' title='bbox 1179 3275 1279 3336; x_wconf 84' lang='lat' dir='ltr'><strong>risum</strong></span> <span class='ocrx_word' id='word_1_344' title='bbox 1309 3273 1600 3336; x_wconf 79' lang='lat' dir='ltr'><strong>Nabuchodonosor</strong></span> <span class='ocrx_word' id='word_1_345' title='bbox 1636 3273 1771 3347; x_wconf 88' lang='lat' dir='ltr'><strong>viderat,</strong></span> <span class='ocrx_word' id='word_1_346' title='bbox 1800 3272 1841 3334; x_wconf 89' lang='lat' dir='ltr'><strong>de</strong></span> 
     </span>
     <span class='ocr_line' id='line_1_32' title="bbox 142 3369 1841 3452; baseline 0.001 -22"><span class='ocrx_word' id='word_1_347' title='bbox 142 3369 276 3450; x_wconf 83' lang='lat' dir='ltr'><strong>pedibus</strong></span> <span class='ocrx_word' id='word_1_348' title='bbox 304 3371 399 3443; x_wconf 89' lang='lat' dir='ltr'><strong>terro,</strong></span> <span class='ocrx_word' id='word_1_349' title='bbox 429 3376 572 3450; x_wconf 89' lang='lat' dir='ltr'><strong>testaque</strong></span> <span class='ocrx_word' id='word_1_350' title='bbox 600 3391 639 3432; x_wconf 89' lang='lat' dir='ltr'><strong>ex</strong></span> <span class='ocrx_word' id='word_1_351' title='bbox 666 3371 734 3432; x_wconf 90' lang='lat' dir='ltr'><strong>luto</strong></span> <span class='ocrx_word' id='word_1_352' title='bbox 771 3373 944 3451; x_wconf 85' lang='lat' dir='ltr'><strong>compactis</strong></span> <span class='ocrx_word' id='word_1_353' title='bbox 980 3373 1162 3452; x_wconf 73' lang='lat' dir='ltr'><strong>mysterium</strong></span> <span class='ocrx_word' id='word_1_354' title='bbox 1197 3391 1368 3452; x_wconf 80' lang='lat' dir='ltr'><strong>exponens,</strong></span> <span class='ocrx_word' id='word_1_355' title='bbox 1407 3373 1437 3430; x_wconf 91' lang='lat' dir='ltr'><strong>in</strong></span> <span class='ocrx_word' id='word_1_356' title='bbox 1476 3388 1512 3430; x_wconf 86' lang='lat' dir='ltr'><strong>eo</strong></span> <span class='ocrx_word' id='word_1_357' title='bbox 1545 3369 1624 3430; x_wconf 85' lang='lat' dir='ltr'><strong>dixit</strong></span> <span class='ocrx_word' id='word_1_358' title='bbox 1665 3372 1841 3431; x_wconf 84' lang='lat' dir='ltr'><strong>itomanam</strong></span> 
     </span>
     <span class='ocr_line' id='line_1_33' title="bbox 141 3465 1839 3552; baseline -0.001 -23"><span class='ocrx_word' id='word_1_359' title='bbox 141 3467 314 3546; x_wconf 85' lang='lat' dir='ltr'><strong>significari</strong></span> <span class='ocrx_word' id='word_1_360' title='bbox 341 3468 524 3547; x_wconf 88' lang='lat' dir='ltr'><strong>imperium:</strong></span> <span class='ocrx_word' id='word_1_361' title='bbox 555 3470 642 3531; x_wconf 85' lang='lat' dir='ltr'><strong>Sicut</strong></span> <span class='ocrx_word' id='word_1_362' title='bbox 675 3471 752 3530; x_wconf 84' lang='lat' dir='ltr'><strong>enirn</strong></span> <span class='ocrx_word' id='word_1_363' title='bbox 782 3472 814 3530; x_wconf 84' lang='lat' dir='ltr'><strong>iu</strong></span> <span class='ocrx_word' id='word_1_364' title='bbox 839 3472 993 3552; x_wconf 86' lang='lat' dir='ltr'><strong>principio</strong></span> <span class='ocrx_word' id='word_1_365' title='bbox 1021 3468 1099 3530; x_wconf 77' lang='lat' dir='ltr'><strong>nebit</strong></span> <span class='ocrx_word' id='word_1_366' title='bbox 1128 3471 1258 3531; x_wconf 81' lang='lat' dir='ltr'><strong>lionrouo</strong></span> <span class='ocrx_word' id='word_1_367' title='bbox 1284 3470 1408 3550; x_wconf 84' lang='lat' dir='ltr'><strong>irnperio</strong></span> <span class='ocrx_word' id='word_1_368' title='bbox 1431 3468 1540 3547; x_wconf 82' lang='lat' dir='ltr'><strong>fortius</strong></span> <span class='ocrx_word' id='word_1_369' title='bbox 1570 3477 1599 3527; x_wconf 85' lang='lat' dir='ltr'><strong>et</strong></span> <span class='ocrx_word' id='word_1_370' title='bbox 1634 3465 1739 3527; x_wconf 84' lang='lat' dir='ltr'><strong>durius</strong></span> <span class='ocrx_word' id='word_1_371' title='bbox 1766 3465 1839 3548; x_wconf 74' lang='lat' dir='ltr'><strong>suit,</strong></span> 
     </span>
     <span class='ocr_line' id='line_1_34' title="bbox 139 3564 1843 3649; baseline 0.002 -25"><span class='ocrx_word' id='word_1_372' title='bbox 139 3567 183 3626; x_wconf 87' lang='lat' dir='ltr'><strong>itu</strong></span> <span class='ocrx_word' id='word_1_373' title='bbox 199 3567 230 3625; x_wconf 84' lang='lat' dir='ltr'><strong>in</strong></span> <span class='ocrx_word' id='word_1_374' title='bbox 242 3564 304 3644; x_wconf 79' lang='lat' dir='ltr'><strong>fiee</strong></span> <span class='ocrx_word' id='word_1_375' title='bbox 331 3584 431 3627; x_wconf 85' lang='lat' dir='ltr'><strong>rerum</strong></span> <span class='ocrx_word' id='word_1_376' title='bbox 457 3566 537 3627; x_wconf 80' lang='lat' dir='ltr'><strong>ur&#39;iit</strong></span> <span class='ocrx_word' id='word_1_377' title='bbox 563 3566 756 3628; x_wconf 80' lang='lat' dir='ltr'><strong>imbecillius:</strong></span> <span class='ocrx_word' id='word_1_378' title='bbox 786 3566 907 3649; x_wconf 82' lang='lat' dir='ltr'><strong>quondo</strong></span> <span class='ocrx_word' id='word_1_379' title='bbox 932 3578 959 3629; x_wconf 87' lang='lat' dir='ltr'><strong>et</strong></span> <span class='ocrx_word' id='word_1_380' title='bbox 982 3568 1013 3628; x_wconf 85' lang='lat' dir='ltr'><strong>in</strong></span> <span class='ocrx_word' id='word_1_381' title='bbox 1038 3567 1121 3629; x_wconf 83' lang='lat' dir='ltr'><strong>deltis</strong></span> <span class='ocrx_word' id='word_1_382' title='bbox 1149 3567 1296 3640; x_wconf 73' lang='lat' dir='ltr'><strong>rabilibus,</strong></span> <span class='ocrx_word' id='word_1_383' title='bbox 1322 3579 1347 3628; x_wconf 82' lang='lat' dir='ltr'><strong>et</strong></span> <span class='ocrx_word' id='word_1_384' title='bbox 1370 3567 1524 3628; x_wconf 70' lang='lat' dir='ltr'><strong>uuiversum</strong></span> <span class='ocrx_word' id='word_1_385' title='bbox 1552 3565 1684 3626; x_wconf 83' lang='lat' dir='ltr'><strong>diuersos</strong></span> <span class='ocrx_word' id='word_1_386' title='bbox 1711 3565 1843 3627; x_wconf 77' lang='lat' dir='ltr'><strong>nationes</strong></span> 
     </span>
     <span class='ocr_line' id='line_1_35' title="bbox 141 3662 1842 3745; baseline 0.001 -22"><span class='ocrx_word' id='word_1_387' title='bbox 141 3662 275 3723; x_wconf 81' lang='lat' dir='ltr'><strong>oir&#39;onun</strong></span> <span class='ocrx_word' id='word_1_388' title='bbox 311 3664 442 3740; x_wconf 74' lang='lat' dir='ltr'><strong>pretium</strong></span> <span class='ocrx_word' id='word_1_389' title='bbox 482 3663 680 3727; x_wconf 81' lang='lat' dir='ltr'><strong>barbarorum</strong></span> <span class='ocrx_word' id='word_1_390' title='bbox 718 3663 884 3745; x_wconf 73' lang='lat' dir='ltr'><strong>indigemus</strong></span> <span class='ocrx_word' id='word_1_391' title='bbox 924 3666 1049 3727; x_wconf 77' lang='lat' dir='ltr'><strong>auritio.</strong></span> <span class='ocrx_word' id='word_1_392' title='bbox 1092 3667 1191 3737; x_wconf 82' lang='lat' dir='ltr'><strong>Quam</strong></span> <span class='ocrx_word' id='word_1_393' title='bbox 1230 3670 1340 3744; x_wconf 89' lang='lat' dir='ltr'><strong>postca</strong></span> <span class='ocrx_word' id='word_1_394' title='bbox 1369 3664 1595 3725; x_wconf 85' lang='lat' dir='ltr'><strong>malevolorum</strong></span> <span class='ocrx_word' id='word_1_395' title='bbox 1633 3662 1842 3740; x_wconf 88' lang='lat' dir='ltr'><strong>suspicionem</strong></span> 
     </span>
     <span class='ocr_line' id='line_1_36' title="bbox 143 3756 1842 3843; baseline -0.001 -24"><span class='ocrx_word' id='word_1_396' title='bbox 143 3778 285 3839; x_wconf 86' lang='lat' dir='ltr'><strong>purgans</strong></span> <span class='ocrx_word' id='word_1_397' title='bbox 314 3760 470 3823; x_wconf 89' lang='lat' dir='ltr'><strong>undecimi</strong></span> <span class='ocrx_word' id='word_1_398' title='bbox 499 3761 529 3822; x_wconf 94' lang='lat' dir='ltr'><strong>in</strong></span> <span class='ocrx_word' id='word_1_399' title='bbox 559 3762 671 3823; x_wconf 89' lang='lat' dir='ltr'><strong>lsaiarn</strong></span> <span class='ocrx_word' id='word_1_400' title='bbox 696 3761 768 3822; x_wconf 89' lang='lat' dir='ltr'><strong>libri</strong></span> <span class='ocrx_word' id='word_1_401' title='bbox 791 3762 996 3843; x_wconf 81' lang='lat' dir='ltr'><strong>praelatione:</strong></span> <span class='ocrx_word' id='word_1_402' title='bbox 1028 3762 1096 3822; x_wconf 84' lang='lat' dir='ltr'><strong>Nou</strong></span> <span class='ocrx_word' id='word_1_403' title='bbox 1124 3762 1166 3822; x_wconf 86' lang='lat' dir='ltr'><strong>sic</strong></span> <span class='ocrx_word' id='word_1_404' title='bbox 1194 3761 1307 3839; x_wconf 92' lang='lat' dir='ltr'><strong>inquit,</strong></span> <span class='ocrx_word' id='word_1_405' title='bbox 1348 3759 1530 3819; x_wconf 79' lang='lat' dir='ltr'><strong>crlrrlendum</strong></span> <span class='ocrx_word' id='word_1_406' title='bbox 1572 3768 1614 3817; x_wconf 83' lang='lat' dir='ltr'><strong>est</strong></span> <span class='ocrx_word' id='word_1_407' title='bbox 1646 3756 1842 3838; x_wconf 79' lang='lat' dir='ltr'><strong>principibus,</strong></span> 
     </span>
     <span class='ocr_line' id='line_1_37' title="bbox 147 3853 1843 3940; baseline 0.001 -25"><span class='ocrx_word' id='word_1_408' title='bbox 147 3866 181 3916; x_wconf 88' lang='lat' dir='ltr'><strong>ut</strong></span> <span class='ocrx_word' id='word_1_409' title='bbox 209 3876 363 3917; x_wconf 63' lang='lat' dir='ltr'><strong>rumorum</strong></span> <span class='ocrx_word' id='word_1_410' title='bbox 393 3858 623 3940; x_wconf 79' lang='lat' dir='ltr'><strong>Scripturmum</strong></span> <span class='ocrx_word' id='word_1_411' title='bbox 647 3861 755 3920; x_wconf 79' lang='lat' dir='ltr'><strong>ueritus</strong></span> <span class='ocrx_word' id='word_1_412' title='bbox 783 3860 977 3940; x_wconf 80' lang='lat' dir='ltr'><strong>nrqlr&#39;potur:</strong></span> <span class='ocrx_word' id='word_1_413' title='bbox 1001 3879 1052 3919; x_wconf 85' lang='lat' dir='ltr'><strong>nce</strong></span> <span class='ocrx_word' id='word_1_414' title='bbox 1075 3859 1221 3938; x_wconf 75' lang='lat' dir='ltr'><strong>quaeretis</strong></span> <span class='ocrx_word' id='word_1_415' title='bbox 1250 3858 1414 3937; x_wconf 82' lang='lat' dir='ltr'><strong>disputatio</strong></span> <span class='ocrx_word' id='word_1_416' title='bbox 1448 3857 1535 3915; x_wconf 84' lang='lat' dir='ltr'><strong>rruius</strong></span> <span class='ocrx_word' id='word_1_417' title='bbox 1574 3874 1707 3936; x_wconf 73' lang='lat' dir='ltr'><strong>percense</strong></span> <span class='ocrx_word' id='word_1_418' title='bbox 1745 3853 1843 3935; x_wconf 75' lang='lat' dir='ltr'><strong>(stili-</strong></span> 
     </span>
     <span class='ocr_line' id='line_1_38' title="bbox 144 3951 1845 4038; baseline 0.001 -24"><span class='ocrx_word' id='word_1_419' title='bbox 144 3954 266 4034; x_wconf 68' lang='lat' dir='ltr'><strong>chonis)</strong></span> <span class='ocrx_word' id='word_1_420' title='bbox 282 3955 398 4035; x_wconf 76' lang='lat' dir='ltr'><strong>iujuriu</strong></span> <span class='ocrx_word' id='word_1_421' title='bbox 413 3965 480 4023; x_wconf 83' lang='lat' dir='ltr'><strong>est:</strong></span> <span class='ocrx_word' id='word_1_422' title='bbox 508 3976 575 4038; x_wconf 78' lang='lat' dir='ltr'><strong>quse</strong></span> <span class='ocrx_word' id='word_1_423' title='bbox 603 3976 667 4017; x_wconf 87' lang='lat' dir='ltr'><strong>cum</strong></span> <span class='ocrx_word' id='word_1_424' title='bbox 696 3956 818 4036; x_wconf 79' lang='lat' dir='ltr'><strong>benr&#39;quo</strong></span> <span class='ocrx_word' id='word_1_425' title='bbox 847 3977 978 4019; x_wconf 73' lang='lat' dir='ltr'><strong>ruscorum</strong></span> <span class='ocrx_word' id='word_1_426' title='bbox 1006 3958 1100 4018; x_wconf 82' lang='lat' dir='ltr'><strong>studio</strong></span> <span class='ocrx_word' id='word_1_427' title='bbox 1128 3966 1258 4029; x_wconf 83' lang='lat' dir='ltr'><strong>caretur,</strong></span> <span class='ocrx_word' id='word_1_428' title='bbox 1287 3955 1343 4015; x_wconf 86' lang='lat' dir='ltr'><strong>Dei</strong></span> <span class='ocrx_word' id='word_1_429' title='bbox 1363 3954 1480 4034; x_wconf 84' lang='lat' dir='ltr'><strong>judicie</strong></span> <span class='ocrx_word' id='word_1_430' title='bbox 1505 3962 1622 4033; x_wconf 84' lang='lat' dir='ltr'><strong>repente</strong></span> <span class='ocrx_word' id='word_1_431' title='bbox 1648 3951 1767 4013; x_wconf 80' lang='lat' dir='ltr'><strong>sublata</strong></span> <span class='ocrx_word' id='word_1_432' title='bbox 1790 3960 1845 4015; x_wconf 81' lang='lat' dir='ltr'><strong>eat.</strong></span> 
     </span>
     <span class='ocr_line' id='line_1_39' title="bbox 149 4051 1845 4135; baseline -0.001 -23"><span class='ocrx_word' id='word_1_433' title='bbox 149 4051 286 4113; x_wconf 84' lang='lat' dir='ltr'><strong>Omnino</strong></span> <span class='ocrx_word' id='word_1_434' title='bbox 297 4053 396 4131; x_wconf 87' lang='lat' dir='ltr'><strong>igilur</strong></span> <span class='ocrx_word' id='word_1_435' title='bbox 419 4056 547 4132; x_wconf 90' lang='lat' dir='ltr'><strong>quando</strong></span> <span class='ocrx_word' id='word_1_436' title='bbox 562 4055 618 4116; x_wconf 89' lang='lat' dir='ltr'><strong>illa</strong></span> <span class='ocrx_word' id='word_1_437' title='bbox 641 4056 753 4117; x_wconf 87' lang='lat' dir='ltr'><strong>excudi</strong></span> <span class='ocrx_word' id='word_1_438' title='bbox 776 4056 936 4117; x_wconf 88' lang='lat' dir='ltr'><strong>calumnia</strong></span> <span class='ocrx_word' id='word_1_439' title='bbox 955 4056 1070 4135; x_wconf 87' lang='lat' dir='ltr'><strong>poluit,</strong></span> <span class='ocrx_word' id='word_1_440' title='bbox 1096 4061 1191 4133; x_wconf 90' lang='lat' dir='ltr'><strong>alque</strong></span> <span class='ocrx_word' id='word_1_441' title='bbox 1214 4055 1294 4115; x_wconf 91' lang='lat' dir='ltr'><strong>adeo</strong></span> <span class='ocrx_word' id='word_1_442' title='bbox 1316 4059 1483 4132; x_wconf 76' lang='lat' dir='ltr'><strong>postquam</strong></span> <span class='ocrx_word' id='word_1_443' title='bbox 1513 4052 1544 4112; x_wconf 92' lang='lat' dir='ltr'><strong>in</strong></span> <span class='ocrx_word' id='word_1_444' title='bbox 1569 4051 1728 4112; x_wconf 84' lang='lat' dir='ltr'><strong>Danielem</strong></span> <span class='ocrx_word' id='word_1_445' title='bbox 1757 4067 1845 4111; x_wconf 90' lang='lat' dir='ltr'><strong>eom·</strong></span> 
     </span>
     <span class='ocr_line' id='line_1_40' title="bbox 151 4146 1845 4231; baseline -0.001 -24"><span class='ocrx_word' id='word_1_446' title='bbox 151 4149 342 4210; x_wconf 85' lang='lat' dir='ltr'><strong>mentariiin</strong></span> <span class='ocrx_word' id='word_1_447' title='bbox 364 4150 478 4230; x_wconf 79' lang='lat' dir='ltr'><strong>vulgus</strong></span> <span class='ocrx_word' id='word_1_448' title='bbox 501 4152 576 4213; x_wconf 89' lang='lat' dir='ltr'><strong>editi</strong></span> <span class='ocrx_word' id='word_1_449' title='bbox 596 4160 680 4227; x_wconf 85' lang='lat' dir='ltr'><strong>sunl,</strong></span> <span class='ocrx_word' id='word_1_450' title='bbox 707 4152 876 4214; x_wconf 87' lang='lat' dir='ltr'><strong>advivebat</strong></span> <span class='ocrx_word' id='word_1_451' title='bbox 898 4153 1042 4227; x_wconf 91' lang='lat' dir='ltr'><strong>Stilicho,</strong></span> <span class='ocrx_word' id='word_1_452' title='bbox 1071 4153 1251 4231; x_wconf 88' lang='lat' dir='ltr'><strong>primasque</strong></span> <span class='ocrx_word' id='word_1_453' title='bbox 1278 4150 1441 4211; x_wconf 90' lang='lat' dir='ltr'><strong>obtinebat</strong></span> <span class='ocrx_word' id='word_1_454' title='bbox 1469 4150 1680 4210; x_wconf 75' lang='lat' dir='ltr'><strong>llo&#39;manarum</strong></span> <span class='ocrx_word' id='word_1_455' title='bbox 1710 4146 1845 4207; x_wconf 85' lang='lat' dir='ltr'><strong>virium:</strong></span> 
     </span>
     <span class='ocr_line' id='line_1_41' title="bbox 154 4242 1849 4329; baseline -0.001 -24"><span class='ocrx_word' id='word_1_456' title='bbox 154 4263 249 4324; x_wconf 87' lang='lat' dir='ltr'><strong>quem</strong></span> <span class='ocrx_word' id='word_1_457' title='bbox 281 4246 405 4327; x_wconf 85' lang='lat' dir='ltr'><strong>opinari</strong></span> <span class='ocrx_word' id='word_1_458' title='bbox 434 4248 560 4310; x_wconf 92' lang='lat' dir='ltr'><strong>minime</strong></span> <span class='ocrx_word' id='word_1_459' title='bbox 586 4268 643 4328; x_wconf 89' lang='lat' dir='ltr'><strong>par</strong></span> <span class='ocrx_word' id='word_1_460' title='bbox 668 4255 724 4322; x_wconf 89' lang='lat' dir='ltr'><strong>est,</strong></span> <span class='ocrx_word' id='word_1_461' title='bbox 755 4250 948 4329; x_wconf 88' lang='lat' dir='ltr'><strong>simulatque</strong></span> <span class='ocrx_word' id='word_1_462' title='bbox 971 4250 1026 4310; x_wconf 91' lang='lat' dir='ltr'><strong>illa</strong></span> <span class='ocrx_word' id='word_1_463' title='bbox 1051 4249 1215 4328; x_wconf 80' lang='lat' dir='ltr'><strong>expositio,</strong></span> <span class='ocrx_word' id='word_1_464' title='bbox 1243 4249 1282 4308; x_wconf 93' lang='lat' dir='ltr'><strong>ad</strong></span> <span class='ocrx_word' id='word_1_465' title='bbox 1312 4247 1398 4325; x_wconf 82' lang='lat' dir='ltr'><strong>vulgi</strong></span> <span class='ocrx_word' id='word_1_466' title='bbox 1419 4265 1511 4307; x_wconf 89' lang='lat' dir='ltr'><strong>aures</strong></span> <span class='ocrx_word' id='word_1_467' title='bbox 1552 4246 1750 4306; x_wconf 84' lang='lat' dir='ltr'><strong>devenisses</strong></span> <span class='ocrx_word' id='word_1_468' title='bbox 1771 4242 1849 4305; x_wconf 83' lang='lat' dir='ltr'><strong>vivis</strong></span> 
     </span>
     <span class='ocr_line' id='line_1_42' title="bbox 152 4338 1850 4426; baseline -0.001 -25"><span class='ocrx_word' id='word_1_469' title='bbox 152 4341 336 4418; x_wconf 71' lang='lat' dir='ltr'><strong>sublatum</strong></span> <span class='ocrx_word' id='word_1_470' title='bbox 360 4343 436 4423; x_wconf 90' lang='lat' dir='ltr'><strong>quin</strong></span> <span class='ocrx_word' id='word_1_471' title='bbox 465 4346 647 4425; x_wconf 88' lang='lat' dir='ltr'><strong>potiusnon</strong></span> <span class='ocrx_word' id='word_1_472' title='bbox 675 4347 720 4408; x_wconf 92' lang='lat' dir='ltr'><strong>ita</strong></span> <span class='ocrx_word' id='word_1_473' title='bbox 743 4364 855 4426; x_wconf 90' lang='lat' dir='ltr'><strong>parum</strong></span> <span class='ocrx_word' id='word_1_474' title='bbox 879 4346 1092 4408; x_wconf 83' lang='lat' dir='ltr'><strong>intercessisse</strong></span> <span class='ocrx_word' id='word_1_475' title='bbox 1115 4346 1277 4424; x_wconf 88' lang='lat' dir='ltr'><strong>temporis,</strong></span> <span class='ocrx_word' id='word_1_476' title='bbox 1307 4363 1370 4423; x_wconf 91' lang='lat' dir='ltr'><strong>qno</strong></span> <span class='ocrx_word' id='word_1_477' title='bbox 1390 4352 1422 4405; x_wconf 92' lang='lat' dir='ltr'><strong>ot</strong></span> <span class='ocrx_word' id='word_1_478' title='bbox 1445 4349 1571 4404; x_wconf 91' lang='lat' dir='ltr'><strong>sanctus</strong></span> <span class='ocrx_word' id='word_1_479' title='bbox 1599 4346 1691 4403; x_wconf 88' lang='lat' dir='ltr'><strong>Pater</strong></span> <span class='ocrx_word' id='word_1_480' title='bbox 1731 4341 1771 4402; x_wconf 93' lang='lat' dir='ltr'><strong>ab</strong></span> <span class='ocrx_word' id='word_1_481' title='bbox 1792 4338 1850 4401; x_wconf 89' lang='lat' dir='ltr'><strong>ini·</strong></span> 
     </span>
     <span class='ocr_line' id='line_1_43' title="bbox 152 4436 1848 4525; baseline 0.001 -27"><span class='ocrx_word' id='word_1_482' title='bbox 152 4438 225 4517; x_wconf 89' lang='lat' dir='ltr'><strong>quis</strong></span> <span class='ocrx_word' id='word_1_483' title='bbox 257 4441 702 4523; x_wconf 88' lang='lat' dir='ltr'><strong>observari,calumnioseque</strong></span> <span class='ocrx_word' id='word_1_484' title='bbox 740 4445 875 4518; x_wconf 88' lang='lat' dir='ltr'><strong>traduci,</strong></span> <span class='ocrx_word' id='word_1_485' title='bbox 900 4450 995 4525; x_wconf 89' lang='lat' dir='ltr'><strong>alque</strong></span> <span class='ocrx_word' id='word_1_486' title='bbox 1021 4463 1058 4505; x_wconf 90' lang='lat' dir='ltr'><strong>ex</strong></span> <span class='ocrx_word' id='word_1_487' title='bbox 1100 4444 1232 4504; x_wconf 84' lang='lat' dir='ltr'><strong>adverso</strong></span> <span class='ocrx_word' id='word_1_488' title='bbox 1261 4443 1352 4503; x_wconf 92' lang='lat' dir='ltr'><strong>asui</strong></span> <span class='ocrx_word' id='word_1_489' title='bbox 1381 4440 1528 4503; x_wconf 91' lang='lat' dir='ltr'><strong>studiosis</strong></span> <span class='ocrx_word' id='word_1_490' title='bbox 1560 4440 1695 4518; x_wconf 87' lang='lat' dir='ltr'><strong>benigne</strong></span> <span class='ocrx_word' id='word_1_491' title='bbox 1735 4436 1848 4518; x_wconf 87' lang='lat' dir='ltr'><strong>excipi,</strong></span> 
     </span>
     <span class='ocr_line' id='line_1_44' title="bbox 153 4536 1850 4622; baseline -0.001 -25"><span class='ocrx_word' id='word_1_492' title='bbox 153 4536 338 4618; x_wconf 90' lang='lat' dir='ltr'><strong>bonamque</strong></span> <span class='ocrx_word' id='word_1_493' title='bbox 366 4539 398 4599; x_wconf 91' lang='lat' dir='ltr'><strong>in</strong></span> <span class='ocrx_word' id='word_1_494' title='bbox 420 4546 541 4619; x_wconf 89' lang='lat' dir='ltr'><strong>partem</strong></span> <span class='ocrx_word' id='word_1_495' title='bbox 572 4547 676 4622; x_wconf 86' lang='lat' dir='ltr'><strong>posset</strong></span> <span class='ocrx_word' id='word_1_496' title='bbox 699 4543 824 4621; x_wconf 90' lang='lat' dir='ltr'><strong>exponi.</strong></span> <span class='ocrx_word' id='word_1_497' title='bbox 848 4545 892 4603; x_wconf 87' lang='lat' dir='ltr'><strong>Ex</strong></span> <span class='ocrx_word' id='word_1_498' title='bbox 917 4542 977 4603; x_wconf 92' lang='lat' dir='ltr'><strong>hoc</strong></span> <span class='ocrx_word' id='word_1_499' title='bbox 1001 4541 1153 4620; x_wconf 89' lang='lat' dir='ltr'><strong>temporis</strong></span> <span class='ocrx_word' id='word_1_500' title='bbox 1182 4540 1347 4600; x_wconf 86' lang='lat' dir='ltr'><strong>intervallo</strong></span> <span class='ocrx_word' id='word_1_501' title='bbox 1374 4555 1542 4618; x_wconf 89' lang='lat' dir='ltr'><strong>rerumque</strong></span> <span class='ocrx_word' id='word_1_502' title='bbox 1565 4538 1644 4598; x_wconf 90' lang='lat' dir='ltr'><strong>serie</strong></span> <span class='ocrx_word' id='word_1_503' title='bbox 1669 4536 1850 4616; x_wconf 90' lang='lat' dir='ltr'><strong>planissime</strong></span> 
     </span>
     <span class='ocr_line' id='line_1_45' title="bbox 148 4630 1849 4717; baseline -0.001 -24"><span class='ocrx_word' id='word_1_504' title='bbox 148 4633 295 4712; x_wconf 86' lang='lat' dir='ltr'><strong>colligas,</strong></span> <span class='ocrx_word' id='word_1_505' title='bbox 323 4636 424 4715; x_wconf 88' lang='lat' dir='ltr'><strong>ipsum</strong></span> <span class='ocrx_word' id='word_1_506' title='bbox 454 4656 544 4714; x_wconf 87' lang='lat' dir='ltr'><strong>onus,</strong></span> <span class='ocrx_word' id='word_1_507' title='bbox 570 4640 655 4717; x_wconf 91' lang='lat' dir='ltr'><strong>quod</strong></span> <span class='ocrx_word' id='word_1_508' title='bbox 692 4638 839 4713; x_wconf 86' lang='lat' dir='ltr'><strong>diximus,</strong></span> <span class='ocrx_word' id='word_1_509' title='bbox 881 4640 925 4700; x_wconf 86' lang='lat' dir='ltr'><strong>ila</strong></span> <span class='ocrx_word' id='word_1_510' title='bbox 955 4641 996 4701; x_wconf 91' lang='lat' dir='ltr'><strong>ad</strong></span> <span class='ocrx_word' id='word_1_511' title='bbox 1025 4658 1143 4699; x_wconf 90' lang='lat' dir='ltr'><strong>annum</strong></span> <span class='ocrx_word' id='word_1_512' title='bbox 1176 4637 1331 4717; x_wconf 80' lang='lat' dir='ltr'><strong>pertinere</strong></span> <span class='ocrx_word' id='word_1_513' title='bbox 1371 4635 1717 4717; x_wconf 89' lang='lat' dir='ltr'><strong>quadringentesimum</strong></span> <span class='ocrx_word' id='word_1_514' title='bbox 1752 4630 1849 4711; x_wconf 90' lang='lat' dir='ltr'><strong>septi-</strong></span> 
     </span>
     <span class='ocr_line' id='line_1_46' title="bbox 149 4733 1198 4817; baseline 0.005 -27"><span class='ocrx_word' id='word_1_515' title='bbox 149 4749 252 4803; x_wconf 91' lang='lat' dir='ltr'><strong>mum,</strong></span> <span class='ocrx_word' id='word_1_516' title='bbox 268 4738 302 4793; x_wconf 93' lang='lat' dir='ltr'><strong>ut</strong></span> <span class='ocrx_word' id='word_1_517' title='bbox 317 4733 366 4794; x_wconf 83' lang='lat' dir='ltr'><strong>rix</strong></span> <span class='ocrx_word' id='word_1_518' title='bbox 381 4735 520 4814; x_wconf 90' lang='lat' dir='ltr'><strong>potuerit</strong></span> <span class='ocrx_word' id='word_1_519' title='bbox 534 4735 752 4816; x_wconf 86' lang='lat' dir='ltr'><strong>subsequentis</strong></span> <span class='ocrx_word' id='word_1_520' title='bbox 766 4737 901 4816; x_wconf 87' lang='lat' dir='ltr'><strong>priorem</strong></span> <span class='ocrx_word' id='word_1_521' title='bbox 914 4743 1035 4817; x_wconf 90' lang='lat' dir='ltr'><strong>partem</strong></span> <span class='ocrx_word' id='word_1_522' title='bbox 1047 4736 1198 4815; x_wconf 79' lang='lat' dir='ltr'><strong>attigisse.</strong></span> 
     </span>
    </p>

    <p class='ocr_par' dir='ltr' id='par_1_5' title="bbox 121 4826 1896 5699">
     <span class='ocr_line' id='line_1_47' title="bbox 121 4826 1896 4915; baseline -0.001 -26"><span class='ocrx_word' id='word_1_523' title='bbox 121 4826 124 4831; x_wconf 84' lang='grc'><strong>’</strong></span> <span class='ocrx_word' id='word_1_524' title='bbox 192 4829 662 4909; x_wconf 85' lang='lat' dir='ltr'><strong>Duodelriginlabomiliarum,</strong></span> <span class='ocrx_word' id='word_1_525' title='bbox 693 4852 764 4913; x_wconf 83' lang='lat' dir='ltr'><strong>quae</strong></span> <span class='ocrx_word' id='word_1_526' title='bbox 795 4853 877 4895; x_wconf 91' lang='lat' dir='ltr'><strong>nune</strong></span> <span class='ocrx_word' id='word_1_527' title='bbox 906 4834 1042 4913; x_wconf 88' lang='lat' dir='ltr'><strong>primurn</strong></span> <span class='ocrx_word' id='word_1_528' title='bbox 1073 4835 1237 4907; x_wconf 88' lang='lat' dir='ltr'><strong>accedunt,</strong></span> <span class='ocrx_word' id='word_1_529' title='bbox 1270 4852 1475 4912; x_wconf 87' lang='lat' dir='ltr'><strong>quamquam,</strong></span> <span class='ocrx_word' id='word_1_530' title='bbox 1506 4838 1539 4891; x_wconf 89' lang='lat' dir='ltr'><strong>ut</strong></span> <span class='ocrx_word' id='word_1_531' title='bbox 1567 4829 1714 4902; x_wconf 89' lang='lat' dir='ltr'><strong>diximus,</strong></span> <span class='ocrx_word' id='word_1_532' title='bbox 1743 4826 1851 4906; x_wconf 87' lang='lat' dir='ltr'><strong>singu·</strong></span> <span class='ocrx_word' id='word_1_533' title='bbox 1893 4908 1896 4915; x_wconf 24' lang='grc' dir='ltr'>Ι</span> 
     </span>
     <span class='ocr_line' id='line_1_48' title="bbox 154 4925 1857 5011; baseline 0.001 -27"><span class='ocrx_word' id='word_1_534' title='bbox 154 4925 291 4988; x_wconf 87' lang='lat' dir='ltr'><strong>larisest</strong></span> <span class='ocrx_word' id='word_1_535' title='bbox 306 4926 396 5004; x_wconf 90' lang='lat' dir='ltr'><strong>liber,</strong></span> <span class='ocrx_word' id='word_1_536' title='bbox 412 4948 476 4991; x_wconf 94' lang='lat' dir='ltr'><strong>non</strong></span> <span class='ocrx_word' id='word_1_537' title='bbox 493 4948 555 4992; x_wconf 89' lang='lat' dir='ltr'><strong>una</strong></span> <span class='ocrx_word' id='word_1_538' title='bbox 571 4935 676 4992; x_wconf 87' lang='lat' dir='ltr'><strong>tamen</strong></span> <span class='ocrx_word' id='word_1_539' title='bbox 705 4932 861 5011; x_wconf 89' lang='lat' dir='ltr'><strong>planeque</strong></span> <span class='ocrx_word' id='word_1_540' title='bbox 887 4932 996 4993; x_wconf 89' lang='lat' dir='ltr'><strong>eadem</strong></span> <span class='ocrx_word' id='word_1_541' title='bbox 1023 4939 1069 4992; x_wconf 78' lang='lat' dir='ltr'><strong>est</strong></span> <span class='ocrx_word' id='word_1_542' title='bbox 1095 4940 1181 5005; x_wconf 81' lang='lat' dir='ltr'><strong>aetas,</strong></span> <span class='ocrx_word' id='word_1_543' title='bbox 1208 4931 1271 4992; x_wconf 86' lang='lat' dir='ltr'><strong>sive</strong></span> <span class='ocrx_word' id='word_1_544' title='bbox 1295 4951 1357 4993; x_wconf 91' lang='lat' dir='ltr'><strong>non</strong></span> <span class='ocrx_word' id='word_1_545' title='bbox 1377 4951 1439 4991; x_wconf 87' lang='lat' dir='ltr'><strong>uno</strong></span> <span class='ocrx_word' id='word_1_546' title='bbox 1461 4929 1522 4989; x_wconf 82' lang='lat' dir='ltr'><strong>illm</strong></span> <span class='ocrx_word' id='word_1_547' title='bbox 1550 4935 1702 5007; x_wconf 88' lang='lat' dir='ltr'><strong>tempore,</strong></span> <span class='ocrx_word' id='word_1_548' title='bbox 1732 4926 1857 4988; x_wconf 90' lang='lat' dir='ltr'><strong>eodem·</strong></span> 
     </span>
     <span class='ocr_line' id='line_1_49' title="bbox 154 5023 1856 5107; baseline 0.001 -24"><span class='ocrx_word' id='word_1_549' title='bbox 154 5041 220 5102; x_wconf 91' lang='lat' dir='ltr'><strong>que</strong></span> <span class='ocrx_word' id='word_1_550' title='bbox 250 5023 368 5104; x_wconf 87' lang='lat' dir='ltr'><strong>impetu</strong></span> <span class='ocrx_word' id='word_1_551' title='bbox 397 5044 437 5086; x_wconf 91' lang='lat' dir='ltr'><strong>ex</strong></span> <span class='ocrx_word' id='word_1_552' title='bbox 465 5029 574 5089; x_wconf 78' lang='lat' dir='ltr'><strong>Graeco</strong></span> <span class='ocrx_word' id='word_1_553' title='bbox 602 5028 746 5107; x_wconf 82' lang='lat' dir='ltr'><strong>Origenis</strong></span> <span class='ocrx_word' id='word_1_554' title='bbox 775 5035 862 5090; x_wconf 84' lang='lat' dir='ltr'><strong>textu</strong></span> <span class='ocrx_word' id='word_1_555' title='bbox 893 5031 1004 5091; x_wconf 80' lang='lat' dir='ltr'><strong>retusae</strong></span> <span class='ocrx_word' id='word_1_556' title='bbox 1033 5037 1107 5090; x_wconf 91' lang='lat' dir='ltr'><strong>sunl</strong></span> <span class='ocrx_word' id='word_1_557' title='bbox 1127 5030 1156 5088; x_wconf 93' lang='lat' dir='ltr'><strong>in</strong></span> <span class='ocrx_word' id='word_1_558' title='bbox 1182 5029 1340 5089; x_wconf 86' lang='lat' dir='ltr'><strong>Latinum.</strong></span> <span class='ocrx_word' id='word_1_559' title='bbox 1357 5030 1431 5089; x_wconf 84' lang='lat' dir='ltr'><strong>Cunr</strong></span> <span class='ocrx_word' id='word_1_560' title='bbox 1456 5027 1551 5105; x_wconf 85' lang='lat' dir='ltr'><strong>igitur</strong></span> <span class='ocrx_word' id='word_1_561' title='bbox 1575 5027 1607 5085; x_wconf 96' lang='lat' dir='ltr'><strong>in</strong></span> <span class='ocrx_word' id='word_1_562' title='bbox 1636 5043 1765 5086; x_wconf 90' lang='lat' dir='ltr'><strong>suorum</strong></span> <span class='ocrx_word' id='word_1_563' title='bbox 1789 5024 1856 5104; x_wconf 87' lang='lat' dir='ltr'><strong>ipse</strong></span> 
     </span>
     <span class='ocr_line' id='line_1_50' title="bbox 153 5120 1854 5204; baseline -0.001 -22"><span class='ocrx_word' id='word_1_564' title='bbox 153 5139 291 5199; x_wconf 84' lang='lat' dir='ltr'><strong>operum</strong></span> <span class='ocrx_word' id='word_1_565' title='bbox 303 5123 447 5202; x_wconf 88' lang='lat' dir='ltr'><strong>catologo</strong></span> <span class='ocrx_word' id='word_1_566' title='bbox 462 5132 589 5186; x_wconf 88' lang='lat' dir='ltr'><strong>sanetus</strong></span> <span class='ocrx_word' id='word_1_567' title='bbox 601 5125 755 5204; x_wconf 89' lang='lat' dir='ltr'><strong>interpres</strong></span> <span class='ocrx_word' id='word_1_568' title='bbox 779 5127 837 5186; x_wconf 85' lang='lat' dir='ltr'><strong>sub</strong></span> <span class='ocrx_word' id='word_1_569' title='bbox 860 5146 922 5188; x_wconf 89' lang='lat' dir='ltr'><strong>una</strong></span> <span class='ocrx_word' id='word_1_570' title='bbox 950 5145 1060 5188; x_wconf 86' lang='lat' dir='ltr'><strong>omnes</strong></span> <span class='ocrx_word' id='word_1_571' title='bbox 1090 5127 1269 5200; x_wconf 81' lang='lat' dir='ltr'><strong>recensione</strong></span> <span class='ocrx_word' id='word_1_572' title='bbox 1299 5127 1402 5203; x_wconf 91' lang='lat' dir='ltr'><strong>ponit:</strong></span> <span class='ocrx_word' id='word_1_573' title='bbox 1434 5122 1470 5184; x_wconf 86' lang='lat' dir='ltr'><strong>lu</strong></span> <span class='ocrx_word' id='word_1_574' title='bbox 1498 5124 1668 5195; x_wconf 81' lang='lat' dir='ltr'><strong>tercmiom,</strong></span> <span class='ocrx_word' id='word_1_575' title='bbox 1698 5120 1854 5199; x_wconf 91' lang='lat' dir='ltr'><strong>inquiens,</strong></span> 
     </span>
     <span class='ocr_line' id='line_1_51' title="bbox 155 5217 1856 5305; baseline 0.002 -28"><span class='ocrx_word' id='word_1_576' title='bbox 155 5227 186 5278; x_wconf 86' lang='lat' dir='ltr'><strong>et</strong></span> <span class='ocrx_word' id='word_1_577' title='bbox 202 5219 233 5277; x_wconf 84' lang='lat' dir='ltr'><strong>in</strong></span> <span class='ocrx_word' id='word_1_578' title='bbox 262 5217 446 5281; x_wconf 70' lang='lat' dir='ltr'><strong>Ezechielem</strong></span> <span class='ocrx_word' id='word_1_579' title='bbox 473 5219 623 5282; x_wconf 82' lang='lat' dir='ltr'><strong>Homibbr</strong></span> <span class='ocrx_word' id='word_1_580' title='bbox 652 5222 788 5302; x_wconf 71' lang='lat' dir='ltr'><strong>Orrqeuis</strong></span> <span class='ocrx_word' id='word_1_581' title='bbox 817 5224 927 5303; x_wconf 75' lang='lat' dir='ltr'><strong>ur&#39;prirti</strong></span> <span class='ocrx_word' id='word_1_582' title='bbox 945 5234 1021 5295; x_wconf 90' lang='lat' dir='ltr'><strong>octe,</strong></span> <span class='ocrx_word' id='word_1_583' title='bbox 1050 5243 1126 5305; x_wconf 86' lang='lat' dir='ltr'><strong>quus</strong></span> <span class='ocrx_word' id='word_1_584' title='bbox 1154 5222 1189 5283; x_wconf 87' lang='lat' dir='ltr'><strong>de</strong></span> <span class='ocrx_word' id='word_1_585' title='bbox 1219 5222 1319 5284; x_wconf 77' lang='lat' dir='ltr'><strong>Graue</strong></span> <span class='ocrx_word' id='word_1_586' title='bbox 1348 5223 1376 5281; x_wconf 86' lang='lat' dir='ltr'><strong>iu</strong></span> <span class='ocrx_word' id='word_1_587' title='bbox 1408 5223 1558 5293; x_wconf 40' lang='lat' dir='ltr'><strong>trutinum,</strong></span> <span class='ocrx_word' id='word_1_588' title='bbox 1590 5221 1676 5293; x_wconf 87' lang='lat' dir='ltr'><strong>uerti,</strong></span> <span class='ocrx_word' id='word_1_589' title='bbox 1706 5220 1750 5280; x_wconf 93' lang='lat' dir='ltr'><strong>ila</strong></span> <span class='ocrx_word' id='word_1_590' title='bbox 1777 5217 1856 5280; x_wconf 86' lang='lat' dir='ltr'><strong>aeci·</strong></span> 
     </span>
     <span class='ocr_line' id='line_1_52' title="bbox 157 5313 1859 5399; baseline 0.002 -24"><span class='ocrx_word' id='word_1_591' title='bbox 157 5313 293 5395; x_wconf 87' lang='lat' dir='ltr'><strong>piendus</strong></span> <span class='ocrx_word' id='word_1_592' title='bbox 329 5333 400 5378; x_wconf 88' lang='lat' dir='ltr'><strong>meo</strong></span> <span class='ocrx_word' id='word_1_593' title='bbox 427 5318 554 5397; x_wconf 87' lang='lat' dir='ltr'><strong>quidem</strong></span> <span class='ocrx_word' id='word_1_594' title='bbox 572 5317 695 5399; x_wconf 89' lang='lat' dir='ltr'><strong>judicio</strong></span> <span class='ocrx_word' id='word_1_595' title='bbox 724 5326 783 5394; x_wconf 92' lang='lat' dir='ltr'><strong>est,</strong></span> <span class='ocrx_word' id='word_1_596' title='bbox 813 5327 847 5382; x_wconf 92' lang='lat' dir='ltr'><strong>ut</strong></span> <span class='ocrx_word' id='word_1_597' title='bbox 886 5339 957 5382; x_wconf 90' lang='lat' dir='ltr'><strong>cum</strong></span> <span class='ocrx_word' id='word_1_598' title='bbox 1000 5321 1146 5382; x_wconf 87' lang='lat' dir='ltr'><strong>editionis</strong></span> <span class='ocrx_word' id='word_1_599' title='bbox 1187 5321 1377 5393; x_wconf 87' lang='lat' dir='ltr'><strong>celebritate,</strong></span> <span class='ocrx_word' id='word_1_600' title='bbox 1417 5339 1487 5381; x_wconf 91' lang='lat' dir='ltr'><strong>curn</strong></span> <span class='ocrx_word' id='word_1_601' title='bbox 1531 5323 1673 5380; x_wconf 84' lang='lat' dir='ltr'><strong>llornano</strong></span> <span class='ocrx_word' id='word_1_602' title='bbox 1714 5333 1859 5378; x_wconf 89' lang='lat' dir='ltr'><strong>sermone</strong></span> 
     </span>
     <span class='ocr_line' id='line_1_53' title="bbox 166 5411 1859 5497; baseline 0.002 -23"><span class='ocrx_word' id='word_1_603' title='bbox 166 5411 459 5492; x_wconf 80' lang='lat' dir='ltr'><strong>cultuquedenalae</strong></span> <span class='ocrx_word' id='word_1_604' title='bbox 482 5422 566 5489; x_wconf 87' lang='lat' dir='ltr'><strong>sunt,</strong></span> <span class='ocrx_word' id='word_1_605' title='bbox 599 5422 696 5478; x_wconf 85' lang='lat' dir='ltr'><strong>notet.</strong></span> <span class='ocrx_word' id='word_1_606' title='bbox 724 5416 847 5478; x_wconf 80' lang='lat' dir='ltr'><strong>Priores</strong></span> <span class='ocrx_word' id='word_1_607' title='bbox 875 5417 957 5479; x_wconf 84' lang='lat' dir='ltr'><strong>ruina</strong></span> <span class='ocrx_word' id='word_1_608' title='bbox 988 5418 1236 5497; x_wconf 80' lang='lat' dir='ltr'><strong>quatuorderim</strong></span> <span class='ocrx_word' id='word_1_609' title='bbox 1268 5418 1331 5476; x_wconf 84' lang='lat' dir='ltr'><strong>sive</strong></span> <span class='ocrx_word' id='word_1_610' title='bbox 1359 5438 1430 5497; x_wconf 65' lang='lat' dir='ltr'><strong>qnae</strong></span> <span class='ocrx_word' id='word_1_611' title='bbox 1457 5418 1623 5477; x_wconf 73' lang='lat' dir='ltr'><strong>trumba</strong></span> <span class='ocrx_word' id='word_1_612' title='bbox 1650 5416 1859 5494; x_wconf 87' lang='lat' dir='ltr'><strong>interpretan-</strong></span> 
     </span>
     <span class='ocr_line' id='line_1_54' title="bbox 153 5513 1860 5594; baseline 0 -23"><span class='ocrx_word' id='word_1_613' title='bbox 153 5518 220 5579; x_wconf 83' lang='lat' dir='ltr'><strong>tur,</strong></span> <span class='ocrx_word' id='word_1_614' title='bbox 252 5513 376 5573; x_wconf 71' lang='lat' dir='ltr'><strong>latinas</strong></span> <span class='ocrx_word' id='word_1_615' title='bbox 402 5516 500 5574; x_wconf 75' lang='lat' dir='ltr'><strong>inulto</strong></span> <span class='ocrx_word' id='word_1_616' title='bbox 529 5522 622 5574; x_wconf 71' lang='lat' dir='ltr'><strong>:inlati</strong></span> <span class='ocrx_word' id='word_1_617' title='bbox 656 5516 782 5581; x_wconf 65' lang='lat' dir='ltr'><strong>fecem,</strong></span> <span class='ocrx_word' id='word_1_618' title='bbox 814 5534 909 5594; x_wconf 77' lang='lat' dir='ltr'><strong>quarn</strong></span> <span class='ocrx_word' id='word_1_619' title='bbox 940 5518 1068 5593; x_wconf 80' lang='lat' dir='ltr'><strong>reliqui-r</strong></span> <span class='ocrx_word' id='word_1_620' title='bbox 1099 5519 1129 5574; x_wconf 84' lang='lat' dir='ltr'><strong>in</strong></span> <span class='ocrx_word' id='word_1_621' title='bbox 1161 5516 1351 5573; x_wconf 71' lang='lat' dir='ltr'><strong>lizrrlrirlrnr</strong></span> <span class='ocrx_word' id='word_1_622' title='bbox 1384 5537 1510 5575; x_wconf 81' lang='lat' dir='ltr'><strong>trrarurnr</strong></span> <span class='ocrx_word' id='word_1_623' title='bbox 1541 5517 1742 5581; x_wconf 55' lang='lat' dir='ltr'><strong>:stanneum</strong></span> <span class='ocrx_word' id='word_1_624' title='bbox 1770 5513 1860 5592; x_wconf 75' lang='lat' dir='ltr'><strong>cujus</strong></span> 
     </span>
     <span class='ocr_line' id='line_1_55' title="bbox 154 5609 1858 5699; baseline 0.001 -27"><span class='ocrx_word' id='word_1_625' title='bbox 154 5609 203 5672; x_wconf 88' lang='lat' dir='ltr'><strong>rei</strong></span> <span class='ocrx_word' id='word_1_626' title='bbox 227 5611 370 5695; x_wconf 85' lang='lat' dir='ltr'><strong>locuples</strong></span> <span class='ocrx_word' id='word_1_627' title='bbox 398 5611 465 5693; x_wconf 87' lang='lat' dir='ltr'><strong>ipse</strong></span> <span class='ocrx_word' id='word_1_628' title='bbox 493 5612 580 5679; x_wconf 85' lang='lat' dir='ltr'><strong>testis</strong></span> <span class='ocrx_word' id='word_1_629' title='bbox 609 5610 742 5691; x_wconf 87' lang='lat' dir='ltr'><strong>secedit,</strong></span> <span class='ocrx_word' id='word_1_630' title='bbox 767 5612 799 5676; x_wconf 93' lang='lat' dir='ltr'><strong>in</strong></span> <span class='ocrx_word' id='word_1_631' title='bbox 827 5632 865 5677; x_wconf 88' lang='lat' dir='ltr'><strong>eo</strong></span> <span class='ocrx_word' id='word_1_632' title='bbox 894 5632 989 5699; x_wconf 89' lang='lat' dir='ltr'><strong>quem</strong></span> <span class='ocrx_word' id='word_1_633' title='bbox 1017 5614 1094 5677; x_wconf 89' lang='lat' dir='ltr'><strong>huie</strong></span> <span class='ocrx_word' id='word_1_634' title='bbox 1124 5613 1323 5678; x_wconf 88' lang='lat' dir='ltr'><strong>translationi</strong></span> <span class='ocrx_word' id='word_1_635' title='bbox 1336 5616 1472 5697; x_wconf 82' lang='lat' dir='ltr'><strong>proetlxit</strong></span> <span class='ocrx_word' id='word_1_636' title='bbox 1498 5612 1539 5675; x_wconf 85' lang='lat' dir='ltr'><strong>ad</strong></span> <span class='ocrx_word' id='word_1_637' title='bbox 1571 5609 1766 5675; x_wconf 68' lang='lat' dir='ltr'><strong>vincentium</strong></span> <span class='ocrx_word' id='word_1_638' title='bbox 1780 5611 1858 5675; x_wconf 86' lang='lat' dir='ltr'><strong>Pro·</strong></span> 
     </span>
    </p>
   </div>
   <div class='ocr_carea' id='block_1_5' title="bbox 0 0 1924 6098">
    <p class='ocr_par' dir='ltr' id='par_1_6' title="bbox 0 0 1924 6098">
     <span class='ocr_line' id='line_1_56' title="bbox 0 0 1924 6098; baseline 0 2"><span class='ocrx_word' id='word_1_639' title='bbox 0 0 1924 6098; x_wconf 95' lang='lat' dir='ltr'><strong> </strong></span> 
     </span>
    </p>
   </div>
  </div>
 </body>
</html>
